2580 4316
430 203 489 262 nn
513 201 797 278 couvnnsroun.
1090 209 1129 264 :a

114 324 154 396 qni
170 324 191 381 ei
208 325 408 398 proponebant
431 328 463 384 in
486 326 661 385 confessione
682 344 806 402 poenam
830 325 972 386 malorum
994 327 1132 404 gloriam-

115 425 159 484 que
173 407 187 488 ¹)
206 409 375 486 electorum,
399 413 526 472 verbum
546 413 706 472 miserabile
728 414 887 488 respondit:
918 413 949 473 Si
970 413 1132 490 praedesti-

115 501 179 554 natus
197 515 263 571 sum,
285 501 382 574 inquit
398 497 431 579 ²),
454 499 533 557 nulla
552 507 672 574 peccata
693 507 828 575 poterunt
844 501 913 558 mibi
926 517 1047 577 regnum
1062 519 1130 561 coe-

113 583 185 642 lorum
204 586 327 661 auferre,
352 589 378 643 si
400 589 569 661 praescitus,
590 587 670 655 nulla
692 589 770 646 bona
790 587 859 645 mihi
873 587 942 646 illud
960 587 1098 648 valebunt
1109 587 1130 668 ²)

113 670 223 729 conferre.
265 672 312 746 Et,
335 675 415 732 sicut
438 673 509 730 mihi
531 673 622 733 dicere
644 673 746 732 solitus
761 669 836 753 estl)
858 691 971 733 nonnus
984 673 1132 734 Conradus

111 773 179 816 senex
203 760 364 836 monachus
396 767 509 834 noster,
545 761 579 819 de
612 761 786 836 Thuringiae
814 762 945 836 partibus
978 763 1132 836 oriundus,

111 845 258 903 versiculum
278 847 363 912 illum
386 847 575 906 Psalmistae:
606 847 727 906 Ocelum
748 849 819 906 coeli
839 849 987 922 Domine,
1022 856 1133 908 ιενναπι

110 939 190 990 ouem
210 933 295 992 dedit-
307 936 380 1010 filiis
404 936 560 992 omninum
572 931 603 1010 ⁵),
626 934 690 993 loco
713 935 856 1008 proverbii
877 935 916 994 ad
938 953 1021 993 suam
1043 953 1132 996 excu-

109 1016 260 1098 sationem⁵)
284 1023 481 1097 arguentibus
503 1038 533 1079 se
553 1022 745 1096 proponebat:
768 1028 830 1080 erat
843 1021 1134 1096 siqnidcmliteratus,

109 1111 131 1161 et
147 1107 179 1164 ob
198 1105 251 1164 hoc
274 1108 404 1183 amplius
428 1107 586 1166 induratus.
629 1108 755 1167 Etcum
777 1111 802 1167 ei
824 1109 951 1168 dicerent
971 1111 1026 1166 viri
1046 1111 1131 1169 timo-

109 1195 164 1249 rati:
183 1193 319 1269 Domine,
342 1197 457 1269 parcite
481 1195 590 1252 animae
612 1202 735 1269 vestrae,
757 1195 876 1254 desinite
889 1192 908 1274 1)
931 1212 1066 1270 peceare,
1094 1214 1130 1255 ne
1183 1191 1192 1210 '

107 1276 228 1338 Dominus
250 1284 383 1356 peccatis
406 1277 542 1359 vestrisl)
564 1287 739 1356 provocatus
759 1288 941 1356 peccatorem
961 1284 1132 1357 inpeccatis

107 1366 215 1442 occidat;
246 1367 355 1426 iterum
390 1367 553 1441 respondit:
586 1367 659 1426 Cum
687 1371 796 1447 venerit
825 1368 885 1426 dies
914 1372 1013 1427 mortis
1034 1387 1132 1444 meae,

108 1455 202 1527 moriar,
221 1472 280 1514 non
302 1455 390 1514 illum
411 1460 512 1528 potero
533 1456 606 1514 bene
628 1455 752 1514 vivendo
768 1455 928 1529 extendere,
949 1473 1042 1530 neque
1056 1457 1131 1516 male

108 1541 212 1600 virendo
233 1545 419 1617 praevenire.
463 1541 571 1600 Volens
602 1542 682 1601 illum
695 1539 717 1621 ⁹)
748 1545 811 1616 pius
833 1542 976 1600 Dominus
1005 1561 1024 1601 a
1051 1551 1131 1602 tanto

107 1642 184 1686 errore
203 1629 432 1688 misericorditer
453 1643 587 1688 revocare
610 1635 638 1688 et
657 1630 794 1688 reducere
816 1629 854 1688 ad
880 1636 1020 1702 mentem,
1051 1630 1132 1688 infir-

106 1716 187 1776 mitate
207 1717 376 1790 periculosa
398 1717 494 1790 coepit
519 1733 585 1774 eum
602 1712 628 1795 ¹⁰)
650 1716 803 1792 flagellare.
846 1716 975 1774 Vocatus
998 1722 1043 1774 est
1068 1733 1131 1776 me·

107 1799 171 1859 dicus
191 1805 261 1877 eins,
283 1806 331 1862 vir
354 1803 451 1860 bonus
474 1807 502 1860 et
524 1803 680 1876 discretus,
704 1811 733 1862 et
753 1821 810 1862 non
832 1802 926 1860 solum
947 1804 976 1859 in
997 1802 1131 1878 physica,

106 1887 247 1948 sedetiam
268 1891 301 1948 in
324 1889 477 1964 theologia
497 1907 554 1949 non
575 1891 756 1949 mediocriter
765 1890 903 1948 literatus.
933 1887 1132 1964 CuiPrineeps

106 1973 175 2033 dixit:
196 1975 236 2037 Ut
257 1978 354 2050 vides,
376 1975 506 2033 infirmus
521 1994 585 2034 sum
603 1976 705 2051 valde3
727 1976 831 2035 adhibe
854 1993 961 2049 eruam,
982 1983 1015 2032 nt
1024 1979 1133 2050 possim

105 2063 302 2123 convalescere.
337 2063 453 2122 Memor
474 2063 601 2122 medicus
623 2066 723 2121 erroris
737 2063 820 2136 illins,
841 2062 987 2137 respondit
1003 2059 1045 2142 ¹¹):
1066 2063 1132 2122 Do·

105 2150 174 2223 niue,
195 2153 218 2208 si
238 2153 325 2210 venit
348 2149 410 2207 dies
432 2153 531 2209 mortis
551 2159 679 2223 vestrae,
700 2167 758 2208 non
780 2167 833 2207 vos
854 2153 959 2224 poterit
980 2167 1048 2208 eura
1067 2168 1132 2228 mea

105 2239 174 2294 norti
190 2235 217 2315 ¹²)
241 2237 432 2311 subtrahere3
455 2239 479 2294 si
499 2254 567 2296 vero
589 2241 741 2298 moriturus
761 2254 820 2295 non
838 2239 907 2295 estis
921 2237 956 2294 de
970 2237 1132 2296 infimitate

105 2323 156 2395 iste,
175 2325 324 2399 superflua
347 2326 402 2382 erit
422 2323 563 2383 medicina
583 2341 656 2383 mea.
700 2323 738 2382 Et
758 2323 819 2382 ille:
842 2323 993 2398 Quomodo
1015 2328 1056 2384 sic
1084 2341 1132 2384 re-

104 2410 233 2483 spondes?
264 2411 300 2472 Si
322 2411 393 2468 mihi
413 2428 472 2469 non
493 2411 576 2470 suerit
598 2412 727 2470 adhibita
742 2428 826 2469 curae
842 2411 987 2487 diligentia
999 2418 1028 2470 et
1038 2411 1133 2470 diaeta

105 2500 251 2572 proposita,
282 2504 386 2574 potero
416 2504 476 2555 tam
507 2516 525 2556 a
553 2515 599 2557 me
626 2501 690 2574 ipso
721 2513 808 2572 quam
835 2499 872 2556 ab
901 2491 979 2556 aliis'
996 2500 1132 2572 imperitis

105 2584 211 2660 negligi,
244 2592 275 2644 et
305 2591 372 2642 ante
399 2590 513 2660 tempus
541 2588 619 2644 mori.
671 2584 780 2643 Audito
809 2584 864 2642 hoc
886 2586 975 2643 verbo
997 2585 1132 2661 physicus

105 2670 212 2732 uulbrm
233 2672 334 2730 hilaris
364 2671 490 2746 effectus,
513 2671 581 2730 date
597 2674 747 2732 occasione
771 2672 932 2746 respondit:
954 2672 1087 2745 Domine,
1109 2675 1133 2730 si

106 2758 209 2827 cados,
224 2762 319 2818 vitam
340 2765 469 2818 vestram
490 2775 576 2834 posse
596 2757 731 2834 protelari
741 2761 845 2816 virtute
856 2759 1023 2831 medicinae,
1045 2775 1133 2832 qnare

105 2841 150 2904 boc
181 2846 297 2905 eredere
315 2842 346 2924 13)
369 2847 486 2903 renuitis
516 2845 551 2904 de
579 2847 755 2920 poenitentia
777 2852 805 2903 et
833 2846 967 2920 operibus
994 2847 1133 2918 iustitiae,

106 2947 170 3002 quse
190 2939 257 2992 sunt
278 2931 410 2992 antidota
431 2932 565 2992 animae?
609 2933 676 2992 Sine
703 2932 748 2990 his
780 2934 876 2990 anima
907 2934 1040 3006 moritur,
1073 2934 1133 2990 sine

106 3014 145 3090 his,
160 3018 196 3078 ed
218 3023 389 3092 sanitatem,
422 3037 496 3093 quae
519 3020 612 3078 estin
633 3020 728 3078 tutrua
748 3020 823 3092 vita,
845 3033 929 3076 nemo
951 3020 1080 3092 pervenit
1095 3014 1147 3097 Ι’).·

107 3102 285 3165 Comiderans
305 3105 499 3181 Lantgravius
520 3106 632 3182 pondus
654 3106 815 3178 verborum,
838 3112 867 3163 et
888 3107 956 3179 quia
976 3105 1134 3163 rationabi-

107 3188 159 3249 liter
177 3199 348 3268 perorasset,
371 3192 442 3250 dixit
464 3195 503 3251 ei:
523 3193 570 3251 De
593 3199 687 3252 cetero
709 3191 836 3252 medicus
849 3198 909 3250 esto
921 3193 1033 3250 animae
1043 3208 1135 3264 meae,

122 3361 149 3428 1)
165 3361 204 3414 ΒΡ
220 3372 252 3415 et
276 3363 427 3431 gloriam.
447 3391 478 3400 -
497 3361 529 3428 2)
547 3361 652 3429 inquit
670 3377 710 3412 orn
729 3359 777 3412 BG.
798 3391 828 3420 r-
848 3361 880 3429 3)
899 3359 919 3412 B
936 3359 1019 3412 bona
1044 3369 1135 3429 pote-

167 3441 239 3484 runt
257 3433 336 3484 mibi
353 3429 460 3492 illud,
477 3429 591 3482 Cmilri
615 3431 697 3482 bona
723 3439 879 3496 poterunt
906 3429 1152 3498 ἰ11ιιά,-4)Ρ“

168 3511 239 3553 eret.
259 3532 290 3541 -
310 3502 343 3568 5)
361 3500 427 3552 Psel.
449 3500 616 3563 113‚16.—
642 3499 713 3568 6]ss
729 3501 921 3566 opinionem.
942 3530 972 3539 -
998 3501 1029 3568 7)
1048 3499 1066 3550 Ρ
1083 3500 1135 3550 dc-

169 3571 286 3622 sistite.
307 3601 339 3612 -
369 3571 402 3638 8)
426 3572 570 3635 peccatis
597 3572 722 3622 vestris
746 3585 786 3620 om
805 3568 831 3620 Ρ.
851 3600 882 3609 -
902 3569 938 3640 ,9)
963 3567 983 3620 Ο
1006 3585 1082 3624 cum.
1102 3599 1131 3608 -

171 3640 215 3708 ld)
231 3640 274 3694 BG
288 3641 391 3692 illum.
413 3669 443 3678 —
463 3639 511 3706 11)
529 3637 550 3691 G
566 3639 656 3692 dixit.
677 3669 708 3679 -
729 3639 777 3706 12)
795 3639 815 3691 Β
833 3655 901 3691 mea
925 3654 1000 3690 cure
1023 3641 1133 3698 morti,

171 3707 299 3762 Dmorti
322 3723 402 3762 eura
425 3723 500 3760 mea.
519 3738 550 3748 -
578 3711 626 3778 13)
644 3708 783 3764 credere
802 3725 842 3760 orn
861 3707 889 3762 Β.
910 3738 940 3748 -
970 3705 1136 3776 14)οηοη

172 3783 369 3852 pervenitur.

824 3847 878 3928 2*
