2628 4310
196 215 259 276 ΒΜ
466 215 695 281 uisumculo
718 217 961 282 Duounuutu

195 339 331 416 praedicti
351 339 507 417 Brnnonis,
534 339 747 446 acceperunt'),
763 344 800 403 ab
829 346 869 404 eis
891 343 969 420 qnod
989 351 1120 406 mortuns
1145 353 1222 408 esset

195 426 242 488 De
262 433 391 504 tempore
407 434 504 488 sutem
526 419 712 510 sciscitantes,
734 429 809 490 diem
831 431 954 492 eundem
970 435 1219 510 inveneruntque

195 530 297 574 vocem
318 514 517 590 praedictam
509 533 538 574 ιιι
553 516 685 578 Vulcano
707 509 868 577 andierunt
911 517 1060 580 conradus
1082 537 1151 582 vero
1171 537 1220 582 non

195 601 285 662 multo
306 607 373 680 post
391 602 484 662 factm
506 608 550 664 est
571 603 759 672 monachos
750 623 780 662 ιιι
798 604 903 684 Bergrs
911 601 942 686 ²)

560 758 794 824 CAPITULUM
819 761 862 822 X.

283 883 359 945 Item
382 881 417 942 dc
437 893 535 958 poena
555 883 710 941 Bruuom'a
730 881 783 959 sits
804 886 874 960 ιίιιι,
896 886 945 943 cari
964 887 998 944 irs
1017 884 1137 962 cismo

575 972 773 1054 propinatam
795 975 844 1029 esi.

253 1091 336 1152 Idem
348 1091 447 1152 Bruno
469 1093 590 1150 nominis
607 1094 651 1151 sui
673 1091 762 1150 filium
784 1091 905 1167 reliquit,
919 1109 1013 1178 quem
1033 1091 1147 1169 plenius
1168 1095 1220 1154 suis

188 1181 263 1241 vitiis
292 1197 378 1256 quam
407 1179 638 1254 possessionibus
660 1177 838 1238 hereditavit.
880 1165 951 1238 Erat
973 1181 1048 1238 enim
1068 1181 1132 1255 ipse
1154 1182 1222 1241 sicut

187 1274 218 1328 et
238 1273 334 1343 pater,
355 1283 461 1326 avarus
482 1264 583 1346 valde,
610 1280 770 1340 pauperum
793 1269 922 1340 exactor,
950 1273 978 1324 et
1000 1283 1086 1342 snpra
1108 1266 1221 1327 modum

186 1354 357 1414 luxuriosus.
407 1352 474 1428 Ipse
504 1359 548 1412 est
567 1309 666 1411 lisono
696 1351 731 1412 de
752 1349 870 1412 Flittere
877 1349 915 1432 3),
940 1355 1078 1428 pincerna
1107 1353 1220 1414 Comitis

185 1440 222 1504 de
243 1440 352 1500 Monte.
402 1440 462 1498 Vix
482 1445 539 1498 tres
560 1455 673 1509 menses
696 1438 784 1516 elapsi
812 1445 882 1497 sunt
908 1439 984 1514 quod
1012 1433 1146 1501 mortuus
1174 1447 1220 1500 est

185 1527 220 1588 In
242 1529 323 1588 cuins
345 1527 425 1587 obitu
446 1527 567 1587 obsessa
588 1523 731 1602 quaedam
746 1543 764 1586 a
779 1525 917 1586 daemone
938 1525 1067 1602 liberata,
1089 1545 1158 1588 cum
1178 1527 1220 1587 die

183 1616 284 1691 quinte
305 1612 399 1674 denuo
420 1619 587 1688 vexaretur,
616 1611 747 1671 dixerunt
768 1612 885 1688 quidam
909 1611 947 1675 sd
977 1612 1138 1673 diabolum:
1168 1615 1220 1674 Dic

184 1702 276 1775 nobis,
297 1701 348 1760 ubi
366 1700 445 1760 inisti
466 1699 514 1760 vel
534 1717 622 1774 quare
644 1715 775 1760 reversus
798 1699 851 1760 es?
894 1699 1055 1776 Respondit
1074 1699 1139 1760 ilie:
1161 1699 1220 1762 Vs-

182 1805 214 1848 re
235 1787 391 1850 marimum
413 1792 514 1862 postca
534 1785 687 1846 habuimus
707 1786 821 1846 festum.
870 1784 919 1846 Ad
948 1786 1059 1846 obitum
1078 1787 1220 1848 Brunonis
1286 1823 1287 1832 ι

183 1876 349 1954 congregati
374 1874 494 1951 fuimus,
522 1872 561 1932 sel
581 1875 671 1932 instar
691 1871 816 1949 pulveris
841 1879 941 1933 terrae.
985 1872 1074 1934 Cuius
1096 1877 1220 1936 animam

183 1979 249 2030 oum
270 1961 377 2040 gaudio
399 1959 573 2025 deducentes
595 1958 633 2020 ad
661 1959 782 2034 inferos,
810 1958 968 2021 locavimus
998 1976 1063 2024 eam
1093 1962 1125 2022 in
1154 1959 1219 2022 sede
1286 2025 1287 2036 p

152 2049 288 2125 ...debita
309 2046 445 2124 poculum
465 2045 632 2108 infernalem
639 2041 662 2126 3)
685 2048 712 2104 ei
732 2047 924 2124 propinantes.

543 2217 776 2280 CAPITULUM
798 2217 855 2284 XI.

303 2346 352 2413 Dc
372 2341 548 2422 Euerhprdo
568 2341 660 2404 milite
681 2343 734 2424 qui
754 2335 786 2400 ιε’
806 2344 898 2400 creuit
918 2344 951 2401 irs
969 2339 1091 2418 feretro.

167 2462 169 2473 '
242 2467 355 2528 Eodem
380 2473 509 2541 tempore
537 2468 667 2525 mortuus
696 2467 740 2521 est
767 2461 795 2520 in
825 2460 928 2521 eadem
959 2463 1109 2538 provincie
1144 2463 1216 2524 nlius
1286 2495 1287 2532 3

177 2553 258 2616 miles
272 2551 456 2615 Everhardns
471 2553 594 2623 nomine,
617 2555 646 2610 et
658 2550 727 2624 ,ipss
736 2545 756 2629 3)
778 2550 822 2607 vir
843 2551 1009 2613 criminosus
1029 2551 1106 2610 sicut
1125 2567 1216 2628 snpe-
1286 2607 1287 2616 ,

176 2646 241 2704 rior.
283 2639 382 2702 Media
405 2645 490 2698 noete
517 2635 648 2696 diabolus
678 2651 781 2711 corpus
809 2637 871 2694 cius
900 2638 1010 2712 erigens
1038 2638 1067 2694 in
1097 2637 1216 2713 feretro,
1286 2639 1287 2652 ¹

177 2729 288 2796 cunctis
308 2729 357 2806 qui
378 2725 498 2793 ederant
524 2731 661 2784 terrorem
688 2723 814 2786 incussit.
863 2721 1009 2782 Timentes
1038 2725 1122 2784 amici
1154 2728 1214 2785 eius

175 2815 398 2878 ludificationem
426 2811 613 2886 doemonum,
640 2826 744 2885 corpus
765 2808 886 2888 ligantes
907 2815 975 2872 ante
1003 2811 1121 2870 missam
1143 2810 1214 2872 iliud
1286 2873 1287 2876 ,

175 2903 354 2981 sepelierunt.
372 2904 375 2911 '

527 3033 761 3100 CAPITULUM
785 3033 858 3099 XII.

234 3165 282 3224 Dc
303 3165 426 3238 Decopo
449 3160 623 3225 Parmensi
646 3174 732 3233 quem
753 3155 820 3214 Rex
842 3157 991 3218 Arcturus
1012 3158 1154 3218 invitavit

534 3245 726 3308 calmontem
748 3239 852 3321 (ἕψειν.

235 3372 279 3432 Εο
300 3377 428 3448 tempore
451 3385 508 3444 quo
524 3366 667 3432 Henricus
680 3365 840 3440 Imperator
861 3365 1027 3441 subingerit
1047 3365 1103 3424 sibi
1121 3364 1211 3441 Syci·

169 3461 251 3535 dam,
278 3460 307 3516 in
331 3456 462 3520 Ecclesia
488 3454 657 3516 Palomensi
682 3451 799 3533 quidam
828 3459 890 3518 erat
910 3451 1062 3526 Demus,
1089 3454 1210 3511 natione

167 3552 290 3623 utputo
312 3545 518 3610 Thenionious.
558 3541 615 3600 Hie
635 3557 705 3600 cum
722 3537 769 3599 dic
791 3537 918 3615 quedam
938 3555 1022 3600 suum
1050 3539 1099 3614 qui
1128 3541 1209 3614 opti-

186 3653 1206 3734 impauperans·2J1nverer1Montesudditum
1286 3689 1287 3706 ι

235 3731 407 3796 vilitem,
431 3727 657 3783 cFliturt.-
677 3723 770 3792 unp
794 3725 968 3786 infernale
1003 3723 1092 3780 ilenti.
1114 3724 1161 3778 iv.
1180 3741 1203 3798 p

234 3802 299 3866 120.
317 3800 434 3881 poculum
450 3799 658 3851 amariorem-
679 3796 711 3865 5)
728 3793 749 3848 ll
767 3793 816 3849 edd
835 3803 914 3853 erut
