2622 4322
160 282 223 346 aaa
310 309 314 331 »
475 276 703 342 onnmono
726 277 944 364 potant,

501 469 734 533 stammam
756 469 855 548 cxx.

160 594 315 674 Quomodo
336 557 557 670 amorraeorum
571 597 625 654 aa:
647 594 737 654 omar
754 594 873 654 meaa
891 592 1029 668 musa·
1050 597 1199 656 aaaron

223 684 276 758 qtae*
295 699 358 742 aare
378 681 473 755 babet,
496 685 585 741 etiam
606 682 688 774 qaod
708 681 795 741 babet
816 680 972 758 cosmetur
993 680 1032 741 ab
1055 699 1089 740 co
1101 679 1130 760 ¹).

221 817 425 881 NOVIGIUS:
459 817 553 906 Nosse
588 821 707 896 vellem,
743 819 887 897 quomodo
914 819 1131 899 intelligendum
1158 824 1198 884 sit

158 906 238 984 quod
250 906 380 966 Christus
401 909 456 968 ait:
480 909 569 968 Omni
591 908 710 968 habetati
731 907 869 985 debitam
891 912 917 968 a·
937 915 1038 968 autom
1060 913 1112 985 qni
1131 927 1197 970 noa

157 993 253 1068 habet
278 997 366 1054 etiam
388 995 470 1070 qaod
490 993 577 1076 babet
598 995 755 1071 auferetur
777 994 815 1054 ab
838 993 915 1070 00²).
957 993 1196 1057 MONAOHUS:

157 1079 194 1140 Ei
220 1083 269 1157 qui
297 1080 387 1142 habet
417 1082 539 1158 gratiam
566 1080 782 1157 hospitalitatis,
811 1089 840 1142 et
869 1084 1029 1158 caritative,
1058 1083 1196 1159 bonoque

138 1169 268 1244 animo,
303 1173 332 1228 et
351 1166 446 1227 hilari
478 1168 574 1243 vultu,
601 1168 728 1244 hospites
737 1165 757 1248 ε)
791 1170 924 1245 suscipit,
953 1176 1041 1246 atque
1072 1170 1196 1231 libenter

157 1272 299 1332 pauperes
319 1253 479 1330 introducit,
500 1253 625 1314 Domino
646 1260 817 1332 procurante
840 1256 954 1316 dabitur
976 1253 1034 1338 eil)
1055 1259 1086 1316 in
1106 1275 1194 1333 prae·

158 1343 233 1402 senti
252 1347 371 1416 tantum,
393 1331 422 1400 et
434 1359 647 1418 nonnunquam,
668 1349 801 1418 utsupra
816 1341 924 1402 dietum
946 1349 997 1420 est,
1019 1344 1194 1420 centuplum,

159 1433 188 1488 et
208 1428 381 1503 abundabit,
406 1435 436 1488 et
456 1429 486 1486 in
506 1427 601 1488 futuro
623 1428 684 1489 vita
705 1436 829 1489 aeterna.
873 1428 931 1505 Qui
952 1436 1049 1490 autam
1069 1433 1194 1508 gratiam

157 1511 357 1591 hospitalitatis
378 1520 406 1575 et
429 1514 629 1592 eleemosynae
642 1533 701 1575 non
716 1517 813 1592 habet,
834 1519 874 1576 ita
887 1523 920 1576 ut
932 1519 1038 1577 inviam
1051 1535 1195 1595 pauperes

78 1597 83 1608 '
157 1599 342 1677 hospitesque
351 1597 371 1682 ⁶)
399 1602 497 1662 videat
526 1609 554 1662 et
581 1603 714 1679 recipiat,
741 1609 828 1678 atque
861 1619 928 1662 cum
948 1604 1024 1664 malo
1047 1606 1142 1665 animo
1165 1611 1195 1666 at

157 1705 301 1748 murmure
323 1687 379 1748 hoc
397 1690 492 1770 ipsum
521 1689 599 1766 quod
617 1707 724 1768 negare
744 1707 803 1750 non
823 1697 927 1766 potest,
948 1691 1103 1769 impendat,
1124 1692 1193 1754 huic

157 1775 232 1834 iusto
254 1775 311 1836 Dei
339 1774 442 1836 iudicio
471 1771 527 1836 hoc
554 1779 649 1852 ipsum
671 1777 750 1853 quod
771 1777 859 1848 habet
884 1778 914 1836 in
935 1779 1097 1839 substantia
1116 1786 1193 1840 tem·

157 1861 263 1938 porali,
291 1861 339 1923 vel
359 1864 389 1921 in
411 1880 442 1922 aa
461 1864 525 1938 ipso
548 1863 658 1939 deficit,
679 1863 727 1924 vel
748 1864 785 1924 ab
808 1864 872 1924 aliis
893 1868 1002 1940 rapitur
1022 1872 1109 1942 atque
1132 1866 1193 1927 dis·

84 2019 86 2034 Ι
156 1948 285 2024 trahittu,
304 1967 359 2009 nec
373 1949 500 2010 fidelium
516 1949 703 2028 eleemosynis
719 1958 848 2028 augetur.
891 1950 1094 2012 NOVICIUS:
1116 1952 1193 2014 Satis

155 2035 252 2112 placet
281 2039 419 2112 expositio
449 2039 518 2112 ista,
548 2043 577 2097 et
604 2038 661 2098 hoc
688 2044 805 2115 propter
831 2040 966 2114 exempla.
982 2039 1193 2116 praecedentia

156 2120 390 2183 MONAOHUS:
412 2124 494 2184 Licet
505 2125 665 2200 frequenter
678 2128 831 2201 contingat,
853 2131 886 2183 ut
898 2126 1064 2186 claustrales
1077 2135 1193 2204 propter

158 2207 302 2269 Christum
314 2208 386 2286 largi
397 2205 615 2286 locupletentur,
637 2218 666 2270 et
678 2218 776 2271 contm
792 2214 881 2287 ipsius
895 2213 1062 2281 mandatum
1075 2220 1193 2276 tenaces

157 2296 398 2374 depauperentur,
431 2297 466 2357 de
488 2303 610 2374 utroque
631 2303 728 2357 tamar
749 2300 921 2376 subiungam
943 2300 1114 2377 exemplum.

386 2465 389 2476 ’
496 2503 729 2566 ominatum
749 2488 864 2566 sirm.

273 2592 277 2597 .
300 2613 308 2624 ’
334 2621 383 2685 De
403 2625 602 2702 hospitalitate
622 2628 836 2722 monachornm
858 2629 894 2688 de
914 2628 1008 2689 Loca.

220 2754 256 2822 ln
277 2759 451 2846 Menevelt⁶)
473 2767 620 2842 provincia
652 2765 801 2826 Dioecosis
822 2766 1005 2828 [treverensis
1032 2769 1119 2828 situm
1148 2777 1192 2831 est

156 2849 302 2926 quoddam
323 2853 494 2912 coenobium
514 2855 587 2931 nigri
609 2853 732 2930 ordinis,
754 2854 832 2929 quod
852 2853 947 2914 Lacus
956 2852 976 2935 ⁷)
998 2855 1114 2932 dicitur,
1135 2873 1191 2918 no·

155 2953 222 2997 men
243 2938 354 2998 habens
375 2957 393 2999 a
413 2957 458 3016 re,
485 2939 614 3016 personis
635 2942 920 3016 possessionibusque
942 2941 1068 3019 pollens,
1101 2950 1130 3004 et
1160 2945 1190 3004 in

154 3024 291 3102 religione
320 3029 420 3086 ceteris
428 3024 449 3107 ⁸)
482 3034 575 3087 terrae
605 3033 721 3088 nostrae
750 3029 894 3088 coenobiis
926 3029 1048 3105 amplius
1076 3029 1190 3096 florens.

137 3109 204 3171 ’Λᾶ
224 3111 281 3172 hoa
302 3112 348 3172 die
369 3113 494 3190 quadam
516 3113 593 3174 Saxo
616 3115 732 3190 quidam
753 3115 916 3191 hospitandi
941 3117 1033 3193 gratia
1061 3117 1190 3194 divertit,

173 3297 205 3369 1)
222 3296 386 3364 Quomodo
409 3297 660 3370 intelligendum
684 3301 740 3354 sit:
764 3300 860 3366 Date,
884 3310 917 3354 et
933 3301 1069 3356 dabitur
1085 3301 1189 3358 vobis.
1300 3327 1304 3340 ,

225 3369 266 3421 Sic
283 3384 370 3421 omnes
388 3367 482 3421 habent
498 3370 568 3434 libri,
584 3379 691 3438 excepto
709 3371 743 3436 Ο,
758 3373 785 3423 in
803 3387 853 3440 quo
873 3373 960 3424 codice
977 3373 1064 3426 titulus
1081 3374 1189 3426 omissus

225 3446 272 3500 est,
289 3445 316 3489 ct
326 3436 405 3492 verba
422 3439 523 3492 Nosse
540 3439 660 3493 vellem
677 3457 758 3509 usque
775 3441 807 3492 ad
825 3457 934 3510 aequem
952 3443 1097 3512 capitulum,
1113 3458 1198 3511 prae-1

224 3506 325 3569 cedenti
342 3509 486 3560 continuate
503 3517 570 3562 sunt.
604 3509 655 3562 Sed
673 3510 731 3564 vide
748 3512 813 3564 inira
831 3512 862 3577 V,
879 3513 923 3565 47.
940 3513 983 3567 49.
1000 3513 1043 3578 Vl,
1060 3517 1084 3568 5.
1102 3512 1145 3577 lx,
1162 3515 1188 3566 ⁷.

137 3624 139 3632 .
223 3577 262 3641 X,
285 3577 332 3629 67:
355 3578 445 3646 quibus
463 3594 494 3630 ex
510 3578 571 3632 locis
588 3589 673 3647 patet,
697 3589 796 3633 centnm
823 3591 850 3634 ct
873 3584 920 3634 tria
943 3582 1052 3652 capitula
1074 3584 1189 3652 posuisse

224 3654 352 3699 auctorem
373 3647 399 3700 in
422 3647 471 3700 bac
493 3657 581 3716 quarta
598 3649 766 3702 distinctione.
782 3679 814 3690 —
830 3653 862 3721 2)
880 3652 967 3705 hlatth.
986 3653 1028 3718 13,
1048 3652 1087 3705 12.
1105 3683 1137 3692 -
1156 3653 1189 3722 3)

224 3716 266 3771 BC
283 3716 456 3787 illos-l)
475 3720 504 3770 ei
528 3719 615 3772 omli.
641 3750 672 3761 -
693 3721 726 3788 5)
748 3721 813 3774 hcl)
836 3721 987 3790 hospitas
1009 3737 1189 3790 pauperes-

224 3788 1188 3932 thail'iticlllalltltitlltlltltidiltllhll

226 3886 257 3898 ..
526 3889 573 3912 ,..
907 3899 915 3929 ‚
1181 3900 1188 3915 ,
