2538 4314
88 328 90 332 .
161 277 221 334 122
254 279 257 286 '
473 269 702 333 Dlsuuiculo
723 269 874 334 uuum

157 396 225 456 darn
245 395 306 471 fuit,
328 411 416 470 qnam
438 393 562 455 daemon
584 395 708 470 quidam,
730 411 765 454 eo
784 411 842 470 quo
855 392 1033 470 praedictum
1048 391 1199 470 estmodo,

157 484 290 559 corrupit.
333 481 457 541 Sedente
481 500 516 541 ea
538 477 583 540 die
606 479 731 557 quadam
758 484 789 539 in
816 481 951 556 taberna,
980 479 1074 540 cordis
1104 483 1200 556 coepit

157 569 300 630 delectum
321 571 435 628 sentire.
479 569 652 644 limensque
674 568 777 628 adesse
797 575 929 642 mortem,
949 570 1048 626 vocari
1069 568 1124 626 sibi
1147 585 1198 628 ce·

155 657 241 736 larius
262 658 365 732 petivit
385 655 572 715 sacerdotem.
617 655 671 714 (lui
704 673 770 714 cum
797 655 946 714 daemonis
973 654 1198 714 ludificationem

156 750 186 802 et
206 741 378 803 horrendam
398 741 477 801 illam
499 759 556 818 qna
578 749 689 818 septem
711 743 793 800 annis
815 741 997 801 laboraverat
1015 743 1199 800 commixtio-

156 847 223 890 nem
245 829 377 904 dixisset,
404 829 502 906 lingua
531 825 680 888 deficiente
707 831 737 886 in
765 829 828 904 ipsa
858 829 1035 888 confessione
1066 831 1202 904 spiritum

155 917 270 977 efflavit
314 915 395 992 Quae
418 933 483 976 cum
503 915 659 976 incredibili
679 913 795 975 libidine
817 915 977 974 alibidinis
1004 921 1122 975 auctore
1142 931 1202 974 ve-

155 1010 284 1079 xaretur,
313 1019 462 1078 nunquam
484 1003 569 1062 alicui
591 1001 684 1062 dicere
705 1002 811 1076 voluit,
839 1002 888 1062 vel
920 1005 1015 1078 potius
1044 1019 1116 1062 ausa
1137 1019 1201 1060 non

154 1092 219 1174 brit,
247 1089 311 1164 vel,
340 1089 418 1166 quod
441 1089 601 1150 credibilius
624 1096 681 1164 est,
709 1091 739 1148 in
767 1087 841 1148 illins
868 1106 965 1149 amore
988 1089 1202 1148 delectabatur.

156 1175 361 1239 NOVICIUS:
391 1177 422 1236 Si
451 1178 605 1236 daemones
633 1177 714 1251 talia,
744 1189 809 1234 eum
837 1177 876 1254 eis
904 1177 1076 1252 permissum
1097 1176 1201 1251 fuerit,

155 1265 250 1325 lacere
271 1271 408 1340 possunt,
436 1263 521 1322 valde
544 1265 705 1322 cavendum
727 1269 770 1322 est
790 1263 913 1337 seminis,
943 1280 979 1321 ne
1002 1266 1044 1322 eis
1065 1265 1202 1322 occasio-

153 1370 221 1412 nem
242 1351 408 1427 praebeant,
430 1351 478 1409 vel
499 1349 595 1425 aliquo
618 1367 759 1409 consensu
776 1367 861 1426 posse
882 1350 1019 1409 tribuant.
1060 1346 1201 1409 MONA-

156 1435 273 1498 CHUS:
302 1437 368 1496 Non
396 1437 489 1495 solum
516 1439 545 1494 in
566 1436 611 1496 bis
634 1437 795 1496 cavendum
817 1443 860 1495 est
881 1437 1064 1512 mulieribus,
1093 1435 1146 1495 sed
1169 1443 1203 1497 et

141 1527 230 1602 'uiris
252 1527 319 1600 quia
340 1527 415 1583 sieut
436 1523 589 1583 daemones
610 1540 663 1599 per
682 1525 788 1582 formas
811 1526 944 1598 virorum,
966 1531 999 1582 ut
1020 1523 1200 1600 dictumest,

154 1611 273 1671 feminas
295 1609 443 1670 ludificant
465 1617 494 1670 et
515 1617 714 1687 corrumpunt,
742 1613 783 1670 ita
812 1627 863 1686 per
892 1613 1002 1686 species
1023 1610 1201 1671 feminarum

155 1701 231 1758 viros
261 1697 402 1757 seducunt
430 1704 459 1756 et
489 1697 641 1774 decipiunt.
685 1697 764 1774 Lege
786 1697 993 1772 Vitaspatrum,
1015 1704 1044 1756 et
1064 1690 1200 1758 invenies

153 1785 194 1846 ibi
215 1784 356 1862 quosdam
377 1786 454 1844 viros
474 1785 616 1861 perfectos
637 1802 689 1861 per
711 1785 913 1861 phantasmata
936 1783 1087 1844 mulierum
1105 1781 1201 1850 delu-

156 1890 221 1947 sos,
252 1873 411 1932 contractos
444 1879 474 1930 et
503 1869 637 1932 deiectos.
679 1871 784 1931 Dicam
812 1873 865 1930 tibi
893 1879 921 1930 et
942 1871 999 1932 alia
1020 1869 1154 1947 exempla
1167 1868 1202 1952 ¹),

154 1961 258 2036 quibus
287 1976 442 2037 cognosces
477 1961 553 2018 viros
588 1976 607 2018 a
636 1958 822 2019 daemonibus
851 1961 881 2017 in
913 1961 1008 2036 specie
1042 1957 1202 2018 mulierum

153 2045 322 2106 ludificatos.

528 2235 763 2297 CAPITULUM
783 2235 825 2296 X.

213 2361 261 2418 Dc
281 2359 424 2418 Johnane
444 2359 625 2418 Scbolcab’co
647 2360 801 2432 Prumiae,
823 2361 876 2434 qui
898 2375 965 2418 oum
987 2359 1132 2418 morse

513 2446 614 2522 fertur
637 2445 833 2505 concubuisse.

221 2585 355 2644 Prumiae
377 2583 571 2646 scholasticus
594 2584 712 2660 quidam
732 2583 797 2659 fnit,
819 2583 969 2644 Johannes
989 2585 1120 2658 nomine,
1142 2587 1204 2654 ‚vir

143 2662 271 2748 =quidem
292 2673 361 2732 satis
392 2671 538 2747 literatus,
571 2673 623 2731 sed
644 2671 715 2730 levis
739 2679 767 2731 et
788 2671 913 2730 lubricus
923 2667 953 2751 ²).
984 2670 1046 2745 Isti,
1069 2673 1146 2730 sicut
1163 2672 1203 2733 de

154 2777 188 2818 eo
212 2758 375 2832 dicebatur,
403 2765 431 2817 et
453 2761 525 2818 sicut
547 2759 584 2820 ab
607 2757 724 2818 Abbate
748 2760 874 2818 eiusdem
896 2759 1060 2817 monasterii
1081 2758 1203 2835 audivi,

153 2847 259 2906 femina
281 2845 423 2920 quaedam
444 2849 630 2922 promiserat,
652 2845 730 2921 quod
751 2846 801 2904 tali
822 2851 906 2905 nocte
929 2844 966 2904 ad
988 2862 1055 2904 eum
1075 2847 1203 2905 veniret.

154 2933 247 2993 Nocte
269 2931 416 3007 condicta,
448 2933 497 2991 illa
526 2933 642 3008 quidem
663 2950 721 2992 non
742 2935 837 3007 venit,
868 2933 975 2991 sedin
1008 2933 1068 2990 eius
1098 2936 1203 3007 specie

155 3018 350 3095 consimilique
379 3036 452 3078 voce
482 3018 613 3078 diabolus
650 3019 742 3080 clerici
769 3019 875 3078 lectum
908 3018 1045 3078 ascendit.
1100 3018 1203 3094 Quem

153 3113 260 3184 putans
282 3107 417 3165 seminam
438 3107 512 3164 bene
534 3107 588 3166 sibi
609 3113 708 3166 notem
731 3123 809 3180 esse,
832 3109 967 3182 cognovit
989 3123 1062 3164 eum.
1105 3104 1203 3167 Mane

159 3211 288 3270 surgens,
312 3211 377 3252 curn
400 3193 576 3268 daemonem,
598 3190 713 3273 quem⁸)
734 3193 867 3252 feminam
883 3210 946 3252 esse
958 3195 1079 3268 putavit,
1099 3194 1205 3268 egredi

161 3280 360 3357 compelleret3
393 3279 539 3355 respondit
569 3278 632 3338 ille:
665 3279 738 3338 Cum
766 3297 823 3354 quo
855 3286 940 3355 putas
968 3287 997 3338 te
1028 3278 1083 3338 bac
1111 3286 1205 3340 nocte
1264 3305 1265 3314 ¹

160 3366 303 3428 iacuisse?
348 3366 479 3442 Cumque
499 3366 547 3424 ille
579 3366 700 3442 diceret,
733 3383 798 3426 curn
827 3367 877 3424 tali
903 3367 1022 3441 semina3
1051 3355 1206 3440 respondit

157 3453 294 3514 daemon:
328 3453 531 3528 Nequaquam,
560 3453 612 3512 sed
640 3471 706 3512 eum
736 3454 860 3513 diabolo.
903 3451 952 3512 Au
974 3451 1052 3528 quod
1073 3453 1203 3516 verbum

63 3619 65 3629 ¹
172 3639 203 3709 l)
221 3637 284 3691 Aur
303 3637 364 3689 tibi
381 3647 413 3690 et
431 3638 538 3706 aliqua
566 3639 725 3706 exempla,
743 3638 836 3691 crihi
861 3639 1010 3706 exempla
1031 3639 1106 3690 alia.
1123 3642 1202 3711 -2]

222 3708 400 3776 drogonbial.
415 3708 456 3770 lV,
472 3709 521 3760 52:
535 3725 632 3777 nsque
647 3708 684 3760 ad
697 3717 837 3760 aetatem
850 3709 1052 3776 decrepitam
1064 3709 1151 3763 levis
1166 3728 1203 3764 ac

222 3777 537 3915 ΙΑῊΙξὲιὲιοκεῑίιίι.
573 3779 683 3845 1V,37:
711 3779 883 3832 luxurioso
901 3795 936 3831 ac
953 3778 1094 3833 lubrico.
1115 3811 1146 3821 -
1168 3783 1202 3852 3]
