2654 4308
151 217 191 274 ao
463 207 689 290 nrsmnnnro
714 209 878 271 ocravn

150 337 303 413 pebrarum
321 332 473 410 prohibere
486 350 545 394 uon
563 339 659 410 potest
673 333 775 409 parics.
817 331 895 391 Hinc
916 337 962 392 est
982 331 1059 408 qnod
1079 332 1193 393 inclusa

151 422 294 499 quaedam
323 439 389 482 cnm
419 438 437 480 a
465 419 593 481 Sathena
621 419 675 480 sub
706 421 801 495 specie
830 418 926 495 angeli
945 417 1112 478 illuderetur
1131 419 1192 480 lre-

151 511 298 586 quentim,
326 514 356 567 et
385 507 442 568 hoc
469 507 583 567 cuidam
611 507 751 566 sacerdoti
778 505 903 566 litterato
925 506 1056 566 contessa
1075 506 1193 581 luisset,

151 596 233 656 dolos
261 595 336 656 illius
368 611 426 654 uon
454 594 629 670 intelligens3
656 593 804 670 ¹respondit
830 593 892 652 illc:
920 591 993 652 (lum
1022 592 1117 654 denuo
1139 595 1194 654 tihi

151 685 330 760 apparuerit,
359 681 458 742 oculos
487 680 596 740 claude.
639 679 671 740 Si
698 680 817 758 angelus
837 681 922 749 luerit
942 679 1059 740 Domini
1080 680 1209 761 bonus,-

151 787 209 836 non
230 772 323 828 minus
345 785 411 829 enm
432 767 559 844 videbis;
581 769 606 826 si
626 783 695 842 roro
717 767 824 842 malus,
850 767 930 826 illum
950 769 993 828 lta
1012 765 1111 828 ridere
1132 783 1194 828 non

151 858 267 933 potoris
309 854 395 934 Quod
416 871 517 916 uerum
539 870 603 917 csse
625 853 723 914 didicit
743 855 948 931 experimento.

513 1009 747 1072 CAPITULUM
769 1011 823 1072 VI.

258 1135 305 1194 Dc
327 1135 436 1195 Priore
457 1136 510 1210 qni
528 1133 602 1193 vidit
623 1133 739 1190 stellam
759 1135 792 1192 tn
812 1139 897 1193 nocte
917 1131 1095 1192 Dominicae

431 1220 607 1280 Natiuitatis
633 1237 724 1294 nuper
748 1226 911 1280 contantes.

216 1339 307 1400 Alteri
336 1339 450 1401 cuidam
479 1339 621 1400 sacerdoti
649 1337 830 1416 supradictae
859 1339 976 1415 domus,
1009 1345 1078 1400 tnnc
1100 1339 1195 1400 Priori
1308 1305 1309 1372 Τ

150 1430 282 1490 existenti
297 1425 328 1509 ¹),
345 1427 487 1487 Dominus
508 1428 561 1487 sub
584 1425 641 1486 alio
663 1434 733 1504 typo
755 1429 912 1488 nativitatis
932 1443 1003 1487 suae
1024 1427 1195 1506 mysterium

150 1513 282 1577 ostendit
325 1513 397 1574 Cum
424 1516 453 1573 iu
477 1521 579 1590 quarta
599 1514 754 1580 Dominio'a
773 1513 925 1574 Adventus
948 1519 1047 1574 cantor
1067 1530 1193 1590 respou-

152 1605 273 1664 aonium:
302 1601 464 1660 Intuemini
493 1608 624 1678 quantus
652 1604 690 1660 eit
717 1603 770 1660 iste
801 1604 853 1676 qni
877 1601 1043 1677 inoredilnr
1065 1600 1107 1660 ad
1127 1601 1194 1659 sal-

130 1689 269 1751 ‘onodrs
290 1694 404 1764 uenter,
426 1689 577 1764 inciperet,
599 1693 629 1748 et
648 1705 715 1764 pars
738 1693 896 1748 conventus
918 1687 956 1748 ad
977 1687 1081 1747 libmm
1103 1693 1196 1762 stans,

152 1779 297 1852 inceptum
319 1774 475 1852 perficeret,
495 1776 524 1834 iu
547 1774 634 1835 choro
649 1773 774 1834 Abbatis
796 1792 883 1850 super
902 1774 1032 1850 formam,
1053 1776 1099 1834 cni
1121 1791 1196 1834 can·

153 1869 247 1924 tantas
274 1862 468 1921 innitebantur
479 1856 516 1942 ²),
544 1861 680 1921 circudum
708 1859 835 1921 lucidum
850 1860 949 1937 -vidit,
978 1869 1007 1921 et
1035 1861 1064 1920 lu
1087 1859 1195 1921 circulo

153 1949 265 2011 stellam
294 1948 480 2008 clarissimam
507 1947 677 2008 radiantem.
716 1947 755 2007 Et
781 1965 848 2008 mox
869 1947 1021 2024 intellexit,
1051 1950 1125 2008 sicut
1144 1949 1194 2006 iu-

152 2035 278 2114 telligere
301 2035 414 2111 debuit,
436 2033 515 2110 quod
535 2035 618 2094 stella
640 2033 741 2094 eadem
764 2035 925 2112 designaret
947 2034 1105 2112 Christum
1135 2035 1195 2094 cir-
1309 2043 1310 2050 ¹

153 2123 235 2184 culus
256 2139 324 2182 vero
346 2121 459 2183 lucidus
479 2121 578 2182 orbem
595 2127 734 2181 terrarum
754 2121 830 2182 illius
849 2121 975 2182 adventu
992 2122 1194 2181 illuminatum

153 2210 194 2272 Se
213 2208 325 2270 stellam
348 2226 411 2269 esse
432 2213 554 2268 testatur
574 2210 603 2266 ln
624 2207 803 2288 Apocalypsi
825 2208 937 2268 dicens:
960 2208 1027 2285 Eoo
1048 2226 1115 2268 eum
1135 2227 1194 2268 ra-

133 2298 205 2368 dix
234 2303 262 2356 ct
283 2313 376 2372 oenus
397 2296 514 2369 David,
536 2296 620 2355 stede
641 2296 795 2371 splendido
817 2303 844 2355 et
865 2289 1060 2370 matutino⁸).
1102 2295 1142 2354 Et
1162 2296 1194 2354 in
1310 2325 1311 2362 ,

153 2389 253 2446 sancto
289 2379 448 2460 Evangelio
481 2399 513 2442 se
548 2381 676 2458 appellat
709 2381 804 2442 lucem
839 2377 980 2462 mandit).
1035 2381 1118 2442 Haec
1154 2381 1196 2442 de

154 2470 259 2531 Christi
286 2469 437 2529 nativitate
457 2470 509 2529 tibi
530 2467 607 2528 dicta
628 2467 777 2528 sufficiant.
820 2465 959 2545 Sciaaque
980 2467 1123 2528 mellanc
1144 2469 1195 2528 vi-

153 2557 263 2619 sionem
285 2555 322 2616 ab
345 2557 406 2616 eius
428 2573 476 2616 ore
499 2555 652 2632 audivisse,
673 2559 722 2631 qni
744 2573 809 2616 cam
830 2555 931 2616 viderc'
947 2556 1058 2615 meruit.
1100 2555 1195 2616 Porro

154 2662 241 2722 quam
268 2641 393 2720 gloriosa
420 2645 493 2702 visio
516 2642 628 2702 cuidam
651 2642 831 2702 sacerdotum
853 2647 1015 2702 nostrornm
1036 2643 1065 2700 in
1088 2641 1196 2702 Christi

153 2731 309 2792 Nativitate
339 2728 375 2789 de
398 2727 509 2790 christo
538 2731 575 2788 sit
604 2735 733 2805 ostensa,
762 2728 862 2789 audies
890 2731 919 2788 in
942 2728 1121 2789 distinctione
1142 2746 1195 2790 se-

154 2813 290 2898 quenti⁶).
333 2813 536 2876 NOVICIUS:
557 2815 664 2875 Precor
685 2821 717 2874 ut
732 2815 873 2894 gradatim
892 2814 1031 2875 ascendas
1053 2815 1089 2876 de
1109 2815 1195 2875 lesti-

153 2905 242 2966 vitate
257 2903 294 2964 ad
309 2903 501 2977 festimtatem,
524 2901 603 2962 etde
624 2902 743 2963 infantia
764 2901 802 2962 ad
823 2905 1001 2963 iuventutem
1021 2903 1110 2962 nostri
1124 2901 1195 2963 Sal-

154 2994 269 3053 vatoris.
306 2987 542 3050 MONACHUS:
571 2987 620 3050 Sic
640 2989 759 3066 faciam,
789 2991 913 3050 viniones
942 3006 1014 3066 quas
1035 2988 1141 3048 inillis
1164 2997 1197 3050 et

117 3073 119 3084 ⁴
155 3077 190 3140 de
211 3079 260 3139 illo
281 3078 373 3138 factas
394 3076 462 3136 novi
483 3076 535 3136 tibi
555 3075 711 3137 recitando.

510 3229 743 3292 CAPITULUM
767 3229 835 3291 VH.

222 3359 270 3420 De
290 3355 453 3418 Riehmnde
486 3372 564 3431 quae
584 3356 619 3414 irc
637 3353 817 3432 Epyploartia
839 3352 987 3414 menam
1007 3354 1080 3414 vidit
1101 3357 1135 3412 in

318 3445 479 3520 momento,
502 3442 605 3500 Patria
625 3457 726 3500 vocem
747 3440 871 3500 oudime
893 3440 1023 3518 desuper.

217 3565 308 3642 Virgo
336 3562 478 3641 quaedam
506 3563 581 3662 circa
601 3561 658 3622 hoc
678 3562 830 3622 triennium
853 3561 986 3622 defuncta
1007 3568 1068 3638 est,
1097 3561 1196 3624 Rich-

173 3715 204 3783 1)
220 3712 305 3768 icor
329 3713 436 3767 Priore
461 3715 634 3766 existente.
659 3742 690 3754 -
716 3713 751 3782 2)
771 3712 857 3766 Anni
883 3711 1077 3766 inuitabant.
1101 3742 1132 3754 -
1160 3715 1197 3783 3)

222 3785 302 3852 Apoc.
320 3784 363 3849 22,
382 3785 423 3837 16.
443 3813 473 3824 -
492 3785 525 3854 l)
541 3783 631 3836 Johnn.
650 3784 676 3847 8,
695 3783 735 3835 12.
756 3813 786 3822 —
807 3783 838 3851 5)
856 3799 911 3851 cap.
930 3784 954 3834 2.
