2538 4314
387 241 446 302 DE
469 239 744 304 commotio.
1045 243 1085 306 95

59 365 113 436 post
130 363 329 437 repetitionem
351 363 422 424 iacti
449 367 599 439 certiores,
621 366 669 424 vix
698 363 775 424 diem
796 369 962 440 exspectare
982 369 1088 440 potue-

60 455 121 506 runt.
158 449 292 509 Puellam
316 468 391 510 vero
416 451 629 510 considerantes
649 454 856 510 intumescente
878 451 1087 528 aliquantulum

57 539 123 592 utero
142 541 323 612 concepisse,
348 538 483 597 dixemnt
505 537 543 596 ad
561 538 653 598 illam:
675 537 732 598 Dic
753 538 853 613 nobis,
873 537 946 613 tilia,
969 536 1005 597 de
1027 554 1086 614 quo

57 622 221 697 muceperls‘l
269 624 391 700 Quibus
412 625 478 699 illa,
509 627 581 683 sicut
601 625 704 684 edocta
724 626 831 699 luerat,
851 624 1005 700 respoudit
1047 625 1087 686 Et

55 710 94 764 vix
109 726 173 783 prae
194 711 310 786 gaudio
343 729 410 772 sese
433 713 591 787 capientes,
619 729 676 771 uon
697 718 853 788 potuerunt
873 729 904 772 se
927 714 1086 788 continere,

54 797 107 868 quin
124 796 317 858 familiaribus
341 801 403 858 suis
427 799 561 873 dicerent,
583 798 652 873 quid
673 800 711 858 ab
735 799 836 874 angelo
857 798 1006 858 audierint.
1040 797 1086 857 Illi

52 881 100 939 aliis
118 888 281 960 recitantes,
306 885 390 944 sama
413 885 549 944 dilatante
571 884 750 961 divulgatum
772 892 816 946 est
835 903 886 961 per
908 889 1037 944 civitates
1057 891 1086 944 et

49 975 136 1044 'eastra
156 975 225 1047 quia
249 973 323 1031 talis
344 975 430 1048 virgo
445 971 583 1030 Messiam
603 973 763 1047 parturiret
805 972 933 1030 Instante
955 969 1094 1048 tempore*

50 1058 173 1132 pariendi,
202 1059 293 1118 multi
319 1059 359 1118 ad
382 1059 502 1117 domum
521 1058 635 1134 puellae
663 1059 861 1138 confluxerunt
881 1057 1002 1133 iudaei,
1031 1075 1086 1118 ou·

49 1144 140 1216 pientes
160 1163 242 1206 nova
266 1148 428 1204 nativitate
441 1145 490 1204 diu
512 1145 662 1205 desiderati
677 1143 694 1225 ¹)
716 1145 871 1204 laetificari.
913 1145 972 1205 Sed
992 1147 1085 1204 iustus

50 1228 113 1289 Deus
133 1250 241 1292 vanam
266 1250 358 1309 spem
385 1235 549 1308 iniquorum
570 1235 709 1292 convertit
728 1235 758 1291 in
779 1233 919 1308 fabulam,
947 1231 1097 1309 gaudium,

49 1316 225 1394 intristitiam,
250 1322 507 1396 exspectationem
517 1320 547 1379 in
563 1320 766 1379 confusionem.
797 1319 835 1378 Et
849 1322 964 1396 merit03
987 1314 1085 1398 quia²)

49 1420 151 1477 quorum
171 1415 277 1483 patres
302 1407 375 1466 olim
403 1424 471 1465 cum
491 1406 607 1466 Herode
629 1405 665 1466 de
693 1409 842 1465 nativitate
869 1405 1014 1466 salutifera
1034 1404 1086 1464 lilii

47 1488 119 1570 Dei³)
139 1495 252 1553 turbati
276 1500 367 1568 sunt,
390 1493 488 1552 decuit
508 1501 540 1552 ut
560 1495 620 1552 istis
632 1494 808 1568 temporibus
829 1493 879 1552 tali
898 1493 1085 1552 illuderentur

47 1576 242 1651 phantasmate.
301 1571 515 1656 Quid'plura?
564 1579 656 1638 Atinit
684 1581 755 1638 hora
776 1585 809 1638 ut
828 1586 943 1655 pareret
964 1583 1084 1654 misera,

47 1671 146 1726 acccc
167 1667 342 1728 secundum
365 1666 601 1739 consuetudinem
623 1667 774 1726 mulierum
796 1666 890 1742 dolor,
910 1669 1034 1744 gemitus
1055 1671 1087 1726 et

47 1749 143 1812 obruor.
197 1755 344 1814 Tandem
368 1756 453 1814 enixa
476 1760 518 1813 est
538 1755 689 1828 infantem,
721 1771 780 1812 non
803 1761 904 1813 tamen
930 1754 1085 1828 Messiam,

48 1838 88 1895 sed
105 1840 198 1900 liliam.
248 1843 321 1917 Quo
346 1843 479 1917 cognito,
500 1841 585 1900 valde
607 1841 717 1899 confusi
746 1847 775 1900 et
803 1842 909 1900 turbati
936 1847 1003 1899 sunt
1023 1838 1082 1899 Ju-

47 1922 104 1984 dsel.
153 1928 200 1986 Ex
224 1931 339 2004 quibus
370 1945 446 2010 unus
468 1946 533 1987 cum
555 1928 646 1986 multa
673 1927 867 2004 indignatione
895 1922 1082 2006 parvulum)

46 2012 104 2084 pede
130 2016 380 2092 apprehendens,
413 2014 498 2074 allisit
518 2014 556 2073 ad
583 2017 730 2090 parietem.
772 2013 975 2074 NOVICIUS:
1005 2011 1082 2088 Quid

46 2107 98 2171 post
115 2100 218 2182 haec⁵)
236 2110 344 2162 actum
367 2108 413 2161 est
434 2100 469 2160 da
490 2101 606 2177 puella?
649 2099 884 2161 MONAOHUS:
911 2101 998 2159 Pater
1020 2101 1082 2158 eius

48 2188 227 2248 mundonem
250 2207 343 2248 suam
365 2191 490 2264 graviter
510 2189 616 2263 serens,
649 2189 748 2246 afflixit
769 2205 849 2263 eam,
878 2194 907 2246 et
932 2204 998 2246 cum
1018 2192 1081 2245 tor·

47 2277 130 2333 nentis
151 2279 281 2336 extorsit
305 2277 344 2334 ab
366 2275 416 2334 illa
437 2275 644 2350 consessionem
657 2278 745 2334 totius
767 2275 832 2333 doli.
875 2272 1080 2359 NOVICIUSJ

47 2355 192 2423 lllserabile
214 2365 291 2438 init,
315 2362 397 2438 qnod
417 2365 497 2439 virgo
523 2362 645 2421 infidelis
667 2363 704 2422 ab
726 2359 842 2420 homine
863 2361 939 2422 fideli
960 2361 1081 2421 seducta

46 2460 72 2503 ac
90 2458 230 2526 corrupta,
252 2455 383 2508 nonest
403 2449 441 2508 ad
461 2451 596 2525 baptismi
612 2451 747 2525 gratiam,
768 2455 801 2506 ut
822 2449 985 2523 supradicta
994 2447 1080 2524 puel-

46 2528 238 2610 bperducta.
289 2534 527 2596 MONACHUS:
555 2537 643 2595 Forte
665 2535 783 2596 clericus
810 2535 866 2594 hoe
888 2535 1000 2595 efficere
1021 2551 1080 2594 non

46 2625 130 2696 potuit,
149 2625 199 2684 vel
221 2626 329 2700 potius
352 2641 410 2681 non
432 2625 556 2698 curavit,
579 2625 671 2699 magis
692 2621 822 2699 gaudens
844 2621 879 2682 de
901 2621 1080 2682 Juoueorum

47 2709 205 2786 contusione,
229 2728 328 2787 quam
351 2709 386 2769 de
406 2709 520 2785 puellae
541 2710 755 2769 illuminatione.
799 2709 838 2783 Si,
859 2716 892 2767 ut
913 2709 999 2784 dicis,
1022 2711 1079 2767 mi-

47 2797 150 2856 serabile
179 2807 237 2874 est,
269 2814 332 2855 non
354 2798 530 2872 baptizatam
561 2813 619 2856 non
646 2795 798 2856 illuminari
819 2813 870 2872 per
891 2797 1079 2872 baptismum,

47 2881 120 2941 auin
141 2884 344 2944 miserabilius
366 2891 422 2958 est,
451 2882 528 2958 quod
556 2882 642 2966 hodie
674 2885 712 2942 ab
736 2884 879 2959 Episcopo
902 2883 1080 2959 compellitur
1135 2877 1146 2894 ⁸
1265 2949 1266 2956 ἵ

48 2963 174 3042 bapizata
195 2973 296 3032 redire
326 2969 364 3030 ad
385 2969 577 3031 Judaismum.
630 2968 831 3032 NOVICIUS:
864 2971 970 3031 Casum
992 2971 1079 3030 istum

49 3054 130 3116 audire
148 3058 299 3120 desidero.

382 3246 614 3309 CAPITULUM
635 3249 737 3310 XXV.

119 3371 193 3430 ltem
217 3373 255 3432 de
272 3371 381 3448 puella
394 3370 517 3430 iudaea
538 3371 623 3446 opud
638 3371 809 3432 Lucaniam
831 3369 991 3446 baptizato.

102 3505 341 3576 MONACHUS:
368 3509 466 3587 Nuper
494 3509 642 3569 cuiusdam
668 3509 776 3571 Judael
803 3508 990 3570 Levaniensis
1019 3505 1078 3568 filia

68 3671 92 3740 l]
107 3674 142 3727 BP
158 3677 364 3731 desiderata.
384 3707 415 3716 -
437 3677 469 3745 2)
486 3679 560 3747 quia
578 3676 626 3729 add
644 3679 672 3732 G.
688 3709 720 3720 —
740 3677 773 3744 3)
791 3676 858 3728 lilii
875 3677 945 3737 Dei,
962 3689 1008 3741 pro
1027 3689 1077 3744 quo

109 3745 127 3796 B
144 3747 206 3800 lilii
224 3753 314 3809 eius,
342 3761 384 3798 om
397 3745 429 3811 d,
447 3749 487 3816 qni
506 3747 581 3815 paulo
599 3758 656 3816 post
672 3759 707 3802 ut
731 3745 797 3799 lilii
815 3763 921 3799 eorum
940 3745 1024 3796 istis.
1044 3774 1075 3783 -

49 3819 53 3830 '
110 3816 138 3884 l)
154 3817 172 3870 G
190 3818 374 3886 parvulam.
389 3845 421 3854 -
438 3818 468 3886 5]
485 3817 506 3870 B
524 3818 592 3870 hoc.
