2580 4316
406 288 463 347 DE
487 285 770 350 OONVERSIONE.
1064 291 1103 351 dd

84 411 154 482 veni,
188 416 215 468 et
246 408 328 484 quod
366 426 502 470 sermone
534 413 651 486 concepi
668 408 701 490 ¹),
737 411 866 494 novimus
893 409 986 469 lactus
1018 427 1105 487 opere

83 495 180 556 muna
219 495 320 556 Simile
342 514 424 574 pene
447 500 564 574 contigit
591 497 671 556 fratri
693 496 816 556 Gerlaco
839 496 875 556 de
896 495 1006 573 Dioge,
1038 515 1104 558 mo·

81 584 156 642 nacho
174 589 267 645 nostro
284 580 318 664 ²).
367 582 574 644 NOVIOEUS:
596 583 662 643 Non
684 586 737 644 erit
756 582 855 644 inutile
876 582 922 643 his
941 587 990 662 qui
1009 585 1104 646 adhuc

80 669 220 730 usaeculo
242 678 324 746 sunt,
348 670 478 746 exempli
497 673 590 748 gratia
611 671 681 730 talia
702 671 812 731 suine

402 860 634 921 CAPITULUM
655 861 773 922 XVIII.

78 983 113 1041 lle
131 982 249 1043 deloco
272 983 311 1042 dc
322 985 439 1059 Diope,
462 986 610 1042 occasione
631 983 785 1042 cniusdam
799 986 941 1042 sermome
959 1000 1105 1044 ccccmo.

125 1120 366 1182 MONACHUS:
397 1120 476 1181 Ante
496 1121 550 1182 hos
572 1130 629 1182 tres
650 1119 776 1202 annoe³)
795 1122 926 1182 dominus
949 1121 1105 1198 Hemicus,

76 1211 113 1281 qni
135 1227 207 1269 nnnc
230 1216 277 1269 est
299 1209 413 1268 Abbas
434 1215 551 1283 noster,
583 1206 685 1289 dume)
714 1212 778 1269 vice
799 1209 925 1268 Abbatis
947 1208 982 1268 de
1005 1209 1105 1269 Clara-

76 1293 134 1354 valle
152 1298 285 1355 visitaret
308 1299 342 1354 in
366 1296 474 1369 Frisis,
497 1298 615 1373 contigit
636 1313 703 1355 eum
724 1296 913 1372 hospitariis
935 1303 1029 1355 cestro
1052 1314 1105 1356 cu·

75 1383 170 1440 iusdam
189 1384 291 1442 militis
315 1385 436 1442 nomine
458 1381 585 1442 Suederi.
627 1380 657 1441 A
678 1401 736 1459 quo
759 1400 824 1442 cum
852 1382 974 1441 multum
995 1382 1105 1452 ¹devote

74 1477 206 1545 suceptus
227 1476 327 1544 esset,
363 1476 396 1528 ut
418 1471 444 1528 ei
466 1469 677 1528 consuetudinis
699 1476 751 1544 est,
772 1472 903 1529 recitavit
923 1467 989 1548 ibi⁶)
1013 1487 1104 1545 quae·

74 1554 127 1613 dam
146 1556 282 1632 mirifica,
301 1555 396 1632 ‘quae
424 1558 454 1614 in
477 1554 603 1637 ordine⁶)
626 1559 818 1633 contigerunt3
853 1562 882 1614 et
903 1573 969 1616 cum
990 1556 1105 1617 adesset

74 1643 216 1715 praedictus
240 1643 411 1718 Gerlacus,
432 1643 507 1701 filius
529 1644 621 1701 fratris
643 1640 800 1722 eiusdem')
822 1642 927 1717 militis,
950 1647 1104 1704 canonieus

74 1733 169 1789 ndens
192 1731 340 1790 ecclesiae
363 1733 393 1787 in
415 1729 562 1804 Treiecto,
595 1731 668 1788 sicut
690 1737 765 1790 terra
786 1732 882 1805 bona,
905 1747 1002 1790 semen
1023 1731 1104 1790 verbi

74 1816 174 1892 iaagro
197 1819 297 1877 cordis
322 1818 369 1876 sui
391 1819 527 1891 suscepit,
548 1822 577 1876 et
597 1833 656 1876 non
676 1817 767 1875 multo
789 1823 857 1892 post
877 1817 1000 1876 fructum
1022 1834 1102 1876 exeo

74 1904 220 1980 centuplum
242 1905 326 1964 fecit.
372 1903 438 1978 Qui,
459 1905 533 1961 sieut
553 1903 621 1961 mihi
640 1910 743 1978 postea
763 1907 793 1962 in
814 1903 983 1978 probatione
1000 1904 1104 1978 retulit,

73 2005 100 2045 er
117 1990 163 2048 illa
182 1991 257 2051 hora
279 1996 405 2066 propter
427 1993 643 2049 conversionem
665 1994 759 2066 eoepit
771 1991 918 2063 fluctuare,
940 1997 969 2048 et
983 1990 1104 2064 qualiter

74 2084 227 2153 conceptum
250 2079 393 2138 ardorem
415 2079 619 2152 exstingueret,
652 2077 813 2153 diligentius
835 2079 969 2152 cogitare.
1011 2076 1104 2136 Nacta

75 2163 143 2236 igitir
163 2168 333 2238 occasione,
356 2179 393 2221 ne
415 2169 569 2238 notaretur,
591 2166 673 2239 quasi
693 2164 733 2223 ad
754 2163 881 2222 studium
890 2163 1014 2222 Parisios
1036 2180 1104 2239 per·

75 2252 146 2324 rerit3
172 2253 224 2312 ubi
254 2270 327 2311 eum
356 2249 504 2307 modicum
531 2251 646 2309 lecisset
665 2247 818 2330 tempusr),
841 2249 880 2308 ad
899 2267 953 2310 nos
975 2251 1102 2324 divertit,

75 2335 205 2414 latusque
223 2341 363 2398 novicius
385 2335 425 2394 ad
444 2337 590 2411 spirituale
611 2335 740 2397 studium
761 2355 793 2396 se
814 2339 962 2397 convertit
1004 2335 1104 2396 Exhis

76 2421 171 2482 duobus
193 2423 340 2500 exemplis
361 2429 445 2497 patet
465 2424 604 2498 quosdam
626 2441 756 2484 sermone
778 2426 920 2499 converti,
947 2431 981 2483 ut
1001 2423 1104 2500 imple-

77 2515 128 2566 atur
146 2511 215 2571 illud
237 2509 456 2587 Apocalypsis:
480 2511 538 2586 (lui
551 2511 645 2583 audit,
668 2512 764 2569 dicat:
793 2507 905 2589 Veni⁹).
949 2511 1005 2587 Qui
1025 2510 1105 2570 audit

77 2611 162 2655 vooem
171 2598 298 2663 Domini
317 2614 351 2656 se
364 2598 495 2655 vocantis
505 2614 556 2672 per
569 2600 711 2656 internam
720 2599 923 2672 aspirationem
938 2595 976 2676 ¹⁰),
996 2601 1104 2656 iustum

78 2688 122 2749 eet.
150 2692 182 2744 ut
210 2691 240 2745 et
269 2685 348 2744 alios
378 2699 483 2742 vocare
504 2684 618 2744 studeat
638 2701 689 2760 per
711 2687 849 2743 sermonis
870 2684 1104 2744 exhortationem.

78 2767 265 2832 NOVICIUS:
300 2771 411 2830 Fateor
439 2769 508 2827 mihi
534 2773 591 2830 ista
619 2771 750 2830 sulficere
780 2771 814 2830 de
847 2789 992 2847 sermone;
1028 2789 1104 2830 nunc

79 2857 200 2928 procedas
223 2861 351 2918 obsecro
376 2855 412 2914 de
444 2859 579 2916 oratione.
623 2856 858 2916 MONACHUS:
890 2857 971 2917 Sicut
999 2858 1104 2917 multos

79 2947 202 3004 convertit
223 2945 391 3006 exhortatio
409 2947 555 3019 sermonis,
575 2947 616 3002 ita
629 2945 767 3020 plurimos
781 2943 819 3003 ad
833 2945 960 3004 ordinem
972 2944 1060 3003 trahit
1076 2941 1104 3023 11)

80 3029 328 3092 remorationis.
372 3028 457 3089 Unde
477 3030 636 3105 Apostolus
657 3031 787 3090 lacobus
816 3031 895 3090 dicit:
930 3031 1022 3090 Orate
1045 3050 1106 3107 pro

80 3116 194 3191 dacem,
215 3127 253 3180 ut
286 3118 464 3192 salvemuti5
495 3120 622 3177 multum
645 3122 722 3176 eninr
743 3118 823 3178 ualet
844 3122 941 3176 oratio
963 3122 1034 3178 iusti
1055 3137 1105 3178 aa·

80 3201 154 3262 Mun
169 3203 208 3282 ¹²).
254 3206 348 3265 Cuius
370 3201 528 3281 efficaciam
548 3221 600 3280 per
629 3203 763 3280 exempla
790 3206 920 3265 subiecta
938 3200 967 3283 Ι3)
995 3204 1107 3280 plenius

82 3303 214 3363 agnosces

101 3509 177 3574 1)οΡ
193 3526 425 3580 conceperam,
451 3526 509 3562 mox
526 3501 718 3564 cellectus.
738 3541 769 3551 ·—
796 3512 829 3581 2)
847 3511 925 3564 verbe
944 3513 1055 3564 Simile
1074 3544 1105 3552 -

141 3591 251 3636 nostro
269 3598 312 3635 om
332 3581 362 3634 C.
382 3609 413 3620 -
438 3582 469 3648 3)
488 3581 528 3633 BG
546 3580 594 3632 add
613 3598 686 3632 eum.
707 3611 737 3620 -
766 3581 798 3649 4)
816 3583 884 3633 dum
903 3597 943 3633 orn
961 3582 1015 3645 1303
1041 3583 1108 3635 conl.

142 3647 228 3713 ΗΘ.
248 3682 279 3691 -
309 3652 344 3718 5)
362 3648 466 3701 ibi'om
483 3649 511 3703 C.
531 3679 562 3689 -
590 3651 622 3718 6)
640 3651 680 3703 DP
698 3650 814 3702 ordine
841 3660 960 3703 nostro.
981 3681 1012 3692 ·-·
1040 3652 1108 3721 7)r

145 3723 226 3787 eius,
242 3721 263 3775 Β
282 3718 461 3790 praedicti.
481 3749 511 3759 -
530 3720 563 3786 8)
580 3720 601 3770 Ι)
620 3720 776 3772 modicum
795 3729 917 3789 tempus
944 3723 1109 3774 stetisset.

146 3791 323 3860 -'9)Apoc.
343 3789 923 3857 22‚17.-10)cl>lnsptrarionem.-
945 3790 993 3857 11)
1011 3789 1032 3841 0
1049 3799 1112 3841 tre-

145 3857 190 3912 iit
206 3861 241 3914 sd
264 3858 426 3915 ordinem.
446 3887 476 3898 -
497 3859 545 3926 12)
562 3858 615 3910 Jec.
634 3861 659 3923 5,
678 3859 718 3912 16.
739 3889 769 3898 -
790 3861 838 3926 13)
857 3859 1007 3910 subiecta
1025 3873 1066 3908 om
1084 3856 1112 3909 C.

829 3932 852 4002 2
