2628 4310
212 271 281 330 '288
506 265 733 330 munusculo
757 265 969 330 UNDldGIMA

217 389 301 450 miles
320 387 414 450 taem
434 397 489 464 est,
507 407 596 450 manu
617 391 732 466 propria
746 389 962 466 quatuordecim
977 387 1133 450 dexuurios
1148 387 1237 462 acqui·

216 482 302 536 reret
345 475 402 552 Qui
424 477 497 536 ιιιιιι
516 479 562 536 vir
581 476 722 553 pmdens,
750 476 875 536 eundem
900 476 1039 538 bonorem
1064 473 1238 550 temporalem

218 579 277 623 non
287 564 349 622 suis
364 563 472 623 viribus
483 563 537 622 sed
549 563 614 622 Deo
630 563 784 638 ascribens,
806 565 901 624 omrds
914 563 1045 637 renuunt,
1062 568 1095 622 et
1106 559 1239 621 sodalibus
1282 538 1283 640 l

220 666 286 709 uum
297 648 413 710 saecrrlo
425 649 624 724 valedicens,
617 668 646 708 ιιι
659 649 760 709 Lucks
773 651 944 710 monasterio
957 656 1071 708 nostrae
1082 647 1218 724 religionis
1226 641 1238 724 ¹)

219 735 349 799 habitum
378 738 512 812 suscepit.
569 736 607 795 Et
635 738 703 812 quia
731 735 838 796 electos
864 752 934 796 suos
961 736 1066 812 probat
1094 733 1240 805 Dominus,
1282 779 1283 802 ,

219 829 300 882 anm
320 822 401 881 illum
422 822 584 882 infirmitate
605 822 796 899 flagellavit,
806 828 839 882 ut
860 838 973 882 vermes
995 821 1031 882 de
1053 823 1114 882 ιιιιι
1135 834 1240 896 corpore

218 907 410 969 indesinenter
438 911 614 968 scaturirent
664 889 796 986 Quorum
815 909 952 970 foetorem
976 907 1061 968 simul
1093 913 1122 967 at
1150 906 1283 966 borro-

218 1013 279 1056 rem
300 1013 367 1055 cum
387 997 508 1054 ministri
529 997 669 1055 sustinere
689 1012 747 1055 uon
769 1001 901 1072 possent,
924 997 964 1054 ait
983 994 1086 1054 Abbas
1107 991 1241 1070 praedicto

218 1081 317 1144 Adae:
354 1081 473 1158 Quidl
470 1085 596 1141 sciemus
623 1081 710 1141 irater
740 1098 806 1142 eum
834 1082 949 1141 humine
976 1079 1052 1142 isto?
1095 1077 1243 1157 Respondit

216 1169 280 1229 ille:
300 1167 413 1228 Dentur
429 1167 504 1245 Ιιιιιιιι
525 1175 648 1243 quatuor
669 1168 860 1242 lintheamina,
880 1175 910 1228 et
929 1185 984 1243 ego
1005 1184 1058 1244 pro
1073 1166 1180 1227 Christi
1197 1181 1242 1224 no·

216 1258 294 1316 mirre
316 1272 414 1316 curam
427 1254 501 1314 illius
517 1257 681 1330 suscipiam.
726 1253 811 1331 Quod
833 1272 898 1313 cum
919 1253 1027 1313 laetum
1047 1253 1159 1328 luisset,
1178 1254 1241 1312 assi·

216 1341 276 1402 dua
296 1358 456 1418 pannorum
477 1343 634 1402 mutatione
654 1342 792 1402 foetorem
813 1344 984 1416 temperavit
1010 1347 1070 1400 tam
1091 1341 1150 1400 sibi
1169 1356 1243 1415 quam

218 1435 345 1506 aegroto.
378 1428 507 1504 Cumque
522 1427 583 1488 dies
595 1426 710 1488 adesset
723 1429 960 1488 remunerationis
973 1433 1071 1486 tantae
1091 1428 1243 1503 patientiae,

218 1516 259 1574 ait
279 1514 377 1574 Adae:
400 1513 522 1574 Stemite
536 1515 605 1573 mihi
620 1521 748 1584 mattam
770 1521 799 1574 et
819 1514 931 1590 pulsate
952 1511 1089 1596 tabulam,
1111 1515 1181 1590 quia
1191 1513 1243 1571 Do·

217 1603 311 1665 mmus
331 1607 419 1662 vocat
437 1619 494 1661 me.
525 1601 563 1660 Et
578 1601 646 1661 iecit
659 1603 710 1661 sic
741 1601 882 1662 Veniente
896 1607 1047 1676 conventu,
1067 1608 1138 1676 post
1151 1600 1244 1660 dictam

218 1686 367 1762 letaniam,
397 1705 463 1748 cum
489 1703 589 1747 omnes
615 1704 690 1763 pene
718 1686 756 1746 ad
783 1687 915 1748 lacrimas
936 1687 1032 1747 verbis
1058 1686 1148 1747 valde
1176 1703 1243 1746 com·
1283 1739 1284 1760 ,

217 1776 361 1850 pumctivis
382 1776 527 1849 movisset,
547 1775 706 1834 subiunxit:
726 1773 816 1834 Modo
837 1777 876 1833 ite
897 1773 1005 1833 domini
1024 1775 1082 1832 mei
1102 1773 1244 1833 dilectissi-
1283 1767 1284 1824 ι

217 1862 271 1934 mi,
293 1868 322 1919 et
343 1859 427 1921 dicite
449 1863 551 1920 missas
572 1865 697 1936 vestras,
719 1863 787 1936 quia
808 1859 940 1920 Salvator
960 1859 1060 1933 mundi
1080 1864 1111 1918 et
1133 1860 1244 1937 gloriosa

220 1948 282 2006 cius
296 1945 425 2006 Genitrix
446 1964 513 2007 cum
533 1947 643 2026 angelis
657 1954 686 2008 et
706 1946 886 2006 multitudine
906 1953 1070 2006 sanctorum
1090 1945 1163 2007 illuc
1183 1963 1244 2006 veu-

218 2034 275 2093 turi
296 2040 371 2094 suut.
413 2034 520 2094 Postea
545 2036 718 2094 revertimini
740 2051 805 2094 cum
827 2036 883 2107 eis,
911 2036 979 2109 quia
1007 2036 1136 2092 animam
1163 2048 1244 2093 meam

220 2121 383 2195 suscipient
425 2119 542 2181 Interim
563 2121 631 2180 dum
660 2123 762 2180 missas
791 2120 931 2195 dicerent,
960 2122 1034 2180 sicut
1061 2119 1133 2180 mibi
1162 2118 1244 2179 retulit

219 2207 401 2282 saepedictus
422 2207 526 2282 Adam,
547 2206 684 2267 Allardus
705 2209 804 2282 spiritu
825 2206 990 2284 prophetico
1013 2209 1108 2266 omnia
1132 2206 1244 2284 quaein

218 2295 343 2353 oratorio
365 2294 524 2370 agebantur
551 2295 687 2354 indicavit
715 2294 826 2354 dicens:
855 2293 941 2353 Tales
970 2296 1074 2353 missae
1101 2310 1124 2353 a
1152 2293 1245 2354 talibus

217 2380 415 2441 sacerdotibus
436 2379 475 2440 ad
495 2379 563 2440 talia
576 2381 676 2442 altaria
693 2379 881 2440 celebrantur.
923 2379 962 2438 Et
982 2383 1100 2440 miratus
1125 2389 1171 2440 est
1191 2376 1244 2438 val-

220 2466 256 2526 de
278 2466 314 2526 de
335 2467 450 2527 homine
470 2466 553 2526 laico.
595 2467 768 2527 Revertentc
786 2471 937 2541 conventu,
957 2466 1005 2526 ille
1028 2465 1108 2525 vultu
1132 2464 1244 2528 iocuudo
1284 2459 1285 2472 ¹

219 2555 261 2616 sic
288 2555 341 2612 ait:
371 2553 448 2614 Ecce
470 2553 599 2614 Christus
629 2571 694 2614 cum
721 2559 813 2612 matre
842 2560 872 2612 et
899 2556 1005 2616 sanctis
1030 2556 1090 2612 ιιιιι
1118 2567 1245 2630 praesens

218 2646 272 2714 est,
292 2639 432 2700 babentes
445 2657 547 2700 manus
568 2637 662 2720 suas²)
684 2640 738 2700 sub
760 2645 858 2700 mento
878 2656 953 2716 meo,
975 2646 1004 2699 et
1024 2641 1083 2699 iam
1100 2641 1245 2717 srmoipieul

220 2722 385 2806 animam2).
425 2727 487 2788 Nec
507 2727 577 2786 mihi
598 2727 727 2802 credatis,
748 2729 773 2786 ιι
793 2730 821 2786 in
842 2729 959 2786 instanti
978 2733 1108 2785 mortuus
1131 2743 1191 2787 nou
1208 2725 1245 2783 fu·

221 2829 279 2873 ero.
311 2812 359 2872 Ad
374 2814 451 2889 quod
461 2813 583 2888 verbum
597 2830 665 2874 mox
682 2815 845 2890 exspiravit,
865 2819 956 2872 morte
971 2814 1061 2873 verba
1074 2813 1245 2872 confirmans

219 2899 267 2959 De
289 2902 369 2959 cuius
391 2916 509 2976 corpore
531 2902 627 2960 statim
648 2907 744 2960 tantus
766 2899 837 2960 odor
859 2901 959 2974 exivit,
987 2907 1019 2958 ut
1050 2915 1154 2960 omnes
1183 2899 1245 2958 illim

219 2988 362 3046 suavitate
382 2986 564 3047 reficerentur
586 2989 809 3048 circumstantes.
852 2985 1055 3046 NOVICIUS:
1084 2986 1183 3048 Valde
1208 2998 1245 3044 mo

219 3079 330 3133 recreat
349 3073 451 3132 horum
473 3075 572 3133 oratio.
621 3071 855 3134 Mousuflus:
884 3072 928 3132 Ex
957 3089 1015 3150 quo
1036 3089 1133 3133 sermo
1156 3079 1200 3136 ιιι
1218 3069 1246 3128 de

220 3159 365 3234 militibus,
386 3159 507 3219 referam
527 3159 604 3220 unde
626 3160 748 3236 amplius
769 3155 973 3239 mdficens⁴);
995 3161 1158 3236 iterumque
1167 3157 1186 3240 ⁵)
1207 3174 1245 3216 re·

219 3253 315 3307 vertar
335 3244 372 3305 ad
394 3263 530 3321 personas
549 3247 704 3324 religiosas.

559 3466 972 3520 W

239 3766 270 3834 1)
288 3763 353 3820 BCF
371 3766 547 3836 religionis
565 3773 756 3820 nostrae-
770 3764 801 3831 2)
820 3763 1044 3817 suasaddE.-
1013 3765 1091 3834 3)
1103 3763 1170 3820 BCE
1188 3763 1246 3816 sui·

290 3851 366 3886 marn
391 3851 552 3888 meam.—
575 3833 981 3904 l)Caediiicaberis.-
1007 3832 1246 3904 5)(ιιιιιιιιιιι1
