2580 4316
157 235 196 294 38
483 234 710 297 DISTINCTIO
730 231 858 295 PRIMA

156 356 282 432 Audite,
303 359 440 433 praecipit
462 359 544 417 vobis
566 355 771 436 Altissimns,¹),
792 364 824 416 nt
846 357 970 416 animam
992 354 1114 414 evehis
1137 355 1192 416 de-

157 451 284 520 ceptamv
300 445 453 504 dimittatis.
496 445 566 504 Mox
596 463 694 504 omnes
723 444 806 502 simul
834 444 1000 502 inclinantes
1015 440 1035 521 ²)
1065 447 1191 503 animam

157 531 331 605 dimiseumt,
352 549 406 590 nec
429 550 492 591 eam
515 533 635 608 amplius
648 529 668 611 ³)
690 539 806 608 tangere
827 536 1065 606 praesumserunt.
1108 531 1191 607 Quae

157 633 272 677 reversa
294 617 332 678 ad
353 637 469 694 corpus,
501 621 629 679 membra
658 622 819 678 exanimata
846 618 1014 691 vivificavit,
1044 617 1192 676 vivificata

158 708 264 782 erexit,
297 705 441 766 scholares
464 707 700 766 circumsedentes
721 709 750 764 in
771 706 868 781 lugam
897 707 1035 764 convertit
1051 699 1082 783 ²).
1124 705 1191 763 De-

155 794 351 870 scendensque
374 793 410 853 de
431 795 547 868 feretro,
581 794 694 853 dicebat
715 810 745 851 se
766 795 878 866 vivere,
912 798 940 850 et
973 791 1040 867 quid
1071 791 1190 866 viderit,
1228 793 1230 798 ’

116 883 121 890 ’
155 881 260 956 quidve
283 880 411 955 audierit,
432 883 523 958 magis
546 897 631 956 opere
644 897 731 956 quarn
745 895 874 938 sermone
887 879 1085 939 manifestavit.
1114 879 1190 938 Nam
1288 931 1289 934 ,

154 970 250 1028 statim
273 985 428 1027 conversus
450 971 479 1025 in
501 968 598 1026 ordine
621 968 817 1040 cisterciensi,
839 973 899 1024 tam
920 966 1025 1042 rigidus
1047 967 1098 1024 suit
1119 967 1191 1040 sibi,

155 1063 214 1114 tam
237 1055 325 1114 durus
349 1057 502 1132 castigator
524 1057 648 1130 corporis
670 1056 722 1129 sui,
743 1060 776 1111 ut
798 1054 927 1111 omuibus
950 1057 998 1128 qui
1016 1071 1082 1113 eum
1091 1053 1191 1113 videre

153 1149 285 1218 poterant
299 1140 328 1223 ⁵),
350 1149 481 1218 patenter
503 1142 617 1200 deretur
636 1141 762 1216 intelligi,
785 1143 851 1216 quia
871 1156 979 1214 poenas
990 1144 1108 1201 senserit
1117 1125 1190 1216 itur-

152 1233 262 1305 gaterii,
284 1230 331 1288 vel
345 1233 440 1306 potius
453 1230 560 1289 infami.
592 1227 794 1288 NOVICIUS:
816 1227 950 1302 Expediri
960 1227 1070 1302 vellem,
1092 1235 1189 1287 utrum

153 1317 233 1375 locus
255 1316 302 1375 ille
315 1311 345 1396 ⁶),
366 1319 401 1374 in
418 1333 475 1391 quo
497 1317 737 1389 tormentabatur,
765 1316 837 1372 infra
859 1321 949 1374 metas
970 1315 1053 1387 fuerit
1072 1315 1189 1389 inferni,

152 1406 213 1462 sive
242 1406 405 1479 purgatorii.
448 1401 681 1462 MONACHUS:
715 1401 747 1461 Si
772 1401 855 1461 vallis
881 1401 930 1460 illa
963 1402 1123 1476 pertinebat
1148 1402 1187 1462 ad

151 1492 326 1567 gehennam,
360 1495 471 1549 constat
500 1493 560 1548 eius
593 1491 799 1548 confessionem
820 1489 905 1547 luisse
928 1491 987 1546 sine
1010 1491 1187 1548 contritione.

37 1605 41 1612 ·
152 1577 237 1653 Quod
259 1579 326 1636 satis
350 1595 385 1636 ex
406 1577 462 1636 hoc
482 1578 634 1652 probatur,
664 1575 741 1652 quod
754 1573 774 1654 ⁷)
797 1578 919 1634 maxime
940 1592 1063 1650 poenam
1090 1576 1186 1651 illem,

150 1671 223 1723 teste
246 1665 361 1723 coelesti
375 1661 397 1743 ⁸)
419 1666 531 1737 nuncio,
548 1666 717 1722 ¹sustinuerit
737 1670 853 1738 propter
869 1680 1038 1721 consensum
1050 1665 1151 1722 retenti
1163 1661 1185 1744 ⁹)

149 1750 260 1826 lapidis.
292 1749 495 1811 NOVICIUS:
518 1749 663 1826 Numquid
685 1750 821 1808 dicendus
845 1757 888 1808 est
909 1749 1040 1808 daemoni
1062 1767 1186 1809 consen-

150 1838 240 1897 sisse?
284 1836 519 1897 MONACHUS:
541 1837 607 1896 Non
628 1843 661 1896 ut
683 1840 709 1896 ei
729 1837 836 1896 laceret
848 1837 1012 1911 hominium,
1035 1839 1187 1918 consensit,

150 1925 251 1984 sedin
273 1932 385 1992 tantum
408 1928 564 2000 consensit,
595 1924 672 2000 quod
698 1941 758 1982 non
779 1926 874 1982 statim
894 1923 1019 1999 lapidem
1041 1923 1076 1983 de
1097 1942 1186 1983 manu
1288 1987 1289 1990 Ἴ

150 2015 274 2087 iactavit,
296 2012 347 2071 sed
369 2012 406 2070 ad
427 2031 512 2070 usum
531 2015 664 2070 scientiae
680 2010 891 2087 diligentissime
905 2012 1071 2070 reservavit.
1102 2011 1192 2071 Circa·

151 2117 235 2175 quern
259 2103 344 2158 etiam
365 2105 445 2158 tanto
467 2099 645 2158 afficiebatur
667 2115 772 2172 amore,
793 2105 825 2155 ut
847 2115 900 2156 nec
919 2091 1033 2172 quidem
1053 2101 1083 2155 in
1103 2098 1186 2156 infir-

149 2190 248 2246 mitate
281 2187 450 2262 deponeret,
480 2186 531 2244 sed
560 2203 626 2244 curn
659 2185 756 2244 dolore
783 2184 821 2243 ad
851 2187 1002 2260 imperium
1029 2185 1187 2246 sacerdotis

149 2277 308 2348 proiiceret.
352 2273 470 2332 sicum
493 2271 588 2330 dixero
609 2272 696 2330 luisse
717 2275 745 2329 in
767 2274 946 2348 purgatorio,
979 2280 1112 2348 suspecta
1141 2280 1188 2332 est

148 2360 218 2418 mihi
239 2361 371 2419 absentia
393 2365 555 2418 sanctorum
578 2359 751 2435 angelorum,
782 2366 810 2417 et
837 2363 999 2435 praesentia
1016 2360 1186 2419 daemonio-

149 2465 228 2520 rum,
258 2449 307 2521 qui
329 2449 453 2505 animam
475 2463 619 2521 egressam
641 2447 845 2520 suscipiebant,
872 2447 1035 2521 susceptam
1057 2447 1186 2508 deduce·

150 2535 228 2607 bant,
251 2533 403 2592 deductam
424 2539 484 2591 tam
497 2533 647 2592 crudeliter
659 2534 831 2608 torquebant
846 2530 884 2611 ¹⁰).
915 2533 1040 2593 Dicebat
1049 2537 1190 2610 magister

149 2620 319 2696 Rudolphus
341 2619 535 2679 Scholasticus
558 2620 745 2694 Coloniensis,
776 2623 806 2677 in
834 2622 914 2678 cuius
941 2619 1046 2679 scholis
1079 2627 1107 2680 et
1128 2636 1184 2697 ego

147 2709 321 2782 frequentius
345 2724 437 2780 eram,
467 2706 544 2781 quod
566 2707 719 2765 daemones
752 2709 875 2765 animam
905 2707 1026 2766 electam
1052 2707 1087 2766 de
1117 2725 1185 2766 ccr-

146 2798 223 2870 pou's
258 2794 402 2870 ergastulo
430 2793 624 2869 egredientem
659 2811 805 2868 nunquam
833 2799 994 2869 tangerent,
1023 2794 1075 2853 sed
1104 2794 1185 2854 beati

146 2882 241 2958 angeli
262 2881 300 2940 ad
321 2881 385 2940 loca
406 2883 575 2956 purgatorii,
597 2883 620 2938 si
641 2888 737 2939 tamen
758 2884 921 2956 purgatorio
945 2879 1030 2958 digna
1051 2889 1127 2941 esset
1144 2880 1184 2962 ¹¹),

147 2969 338 3045 deportarent.
382 2967 445 3026 Tali
467 2971 542 3026 enim
564 2968 695 3042 exemplo
717 2968 865 3028 utebatur:
886 2968 952 3026 Non
975 2968 1064 3043 decet,
1086 2971 1126 3028 ait
1144 2967 1183 3050 ¹²),

146 3063 178 3114 ut
201 3057 384 3115 carbonarius
405 3061 508 3130 purget
529 3072 638 3128 aurum,
661 3054 712 3113 sed
733 3055 850 3112 aurifex.
892 3055 999 3114 Postea
1016 3053 1044 3134 ¹³)
1065 3062 1185 3132 propter

82 3185 85 3202 ,
145 3145 277 3221 utentum
288 3145 372 3216 vitae,
395 3145 547 3201 suscitatus
565 3137 597 3219 11)
620 3142 711 3200 lactus
726 3141 882 3200 estAbbas
897 3141 1124 3216 ,iuMorimundo
1143 3141 1182 3223 ¹⁵),

144 3233 172 3288 in
195 3247 253 3289 una
276 3229 310 3288 de
334 3236 456 3303 quatuor
476 3230 572 3304 primis
595 3227 734 3302 domibus,
757 3231 801 3287 vir
822 3235 937 3288 sanctus
960 3231 1101 3289 etiustus.
1133 3230 1182 3290 De

163 3399 193 3467 1)
212 3398 230 3521 13³
248 3362 625 3520 Dcomingsaltissirnusi
643 3397 724 3517 -DP2J
743 3397 1002 3521 DPtigrclingutgs
1025 3399 1125 3519 egmnl.
1147 3430 1178 3440 -

246 3486 249 3492 ·
302 3484 345 3518 am
389 3484 437 3518 rus
465 3483 539 3518 eom.
560 3497 589 3505 -
718 3482 775 3518 ver
798 3485 882 3518 1.-
1174 3509 1180 3522 .

213 3469 244 3576 -)
263 3538 295 3605 6)
314 3485 370 3587 illle
389 3553 429 3588 orn
447 3536 474 3588 Ρ.
495 3565 524 3575 -
545 3537 576 3603 7)
594 3467 689 3592 1)Ρ)οο
718 3536 807 3604 quod.
827 3568 857 3576 -
878 3538 910 3605 8]
924 3470 1180 3605 {celpe‘dtlillrlnmllt3

211 3606 287 3675 paulo
305 3615 363 3672 post
380 3606 420 3658 BP
438 3607 607 3668 sustinuit3
636 3606 784 3658 cenimina
806 3607 867 3668 Xll,
895 3607 928 3660 23
952 3610 1019 3659 iuxta
1043 3609 1125 3660 finem.
1146 3640 1178 3648 —

211 3676 242 3743 9)
261 3677 385 3728 retenti
404 3691 444 3728 om
455 3675 585 3742 Β.-10)
603 3675 644 3727 Dl'
662 3677 955 3745 extorquebant-
977 3678 1024 3745 11)
1043 3677 1060 3729 P
1079 3679 1180 3747 digna

211 3755 301 3798 esset
328 3747 528 3814 purgatorio.
548 3776 578 3785 -
610 3746 656 3815 12)
674 3747 694 3799 C
711 3748 825 3815 inquit.
846 3777 876 3786 -
899 3747 945 3814 13)
963 3747 1005 3798 DP
1023 3747 1072 3800 add
1090 3764 1179 3801 vero.

214 3844 243 3856 —
265 3815 312 3884 ll)
331 3817 510 3868 suscitatus
528 3832 569 3868 orn
587 3815 636 3870 Bc.
654 3849 687 3857 —
708 3817 755 3885 15)
774 3817 792 3869 P
809 3816 1014 3870 llorimunde.
