2664 4308
432 267 827 384 unsrumammm.
1107 323 1147 382 av

105 441 147 502 ibi
167 439 249 504 solus
277 439 393 505 eederet
419 441 467 504 vel
498 443 575 504 unde
603 445 714 504 veniret
742 438 1026 524 adinterrogassetf),
1054 445 1151 504 omnia

106 545 182 604 quac
211 531 289 590 cirea
316 536 452 607 segesta
480 537 562 605 sunt,
590 548 627 590 ne
655 530 761 592 laicum
784 530 1005 605 scandalizaret,
1027 547 1080 607 per
1100 547 1150 590 or-

106 615 203 675 dinem
243 617 383 678 recltdvit
430 617 513 678 Tunc
544 617 606 677 ille:
639 617 812 694 Exspectate
847 617 894 678 hic
925 617 1025 692 irater,
1058 617 1150 678 donec

106 719 214 778 equum
227 704 313 763 vobis
330 701 482 764 adducam.
524 704 599 764 Mira
620 721 676 770 res.
707 704 874 764 Festinante
893 703 943 764 illo
965 703 1003 764 ad
1016 710 1150 778 castmm,

104 789 226 866 angelus
241 790 359 850 Domini
381 791 554 853 monachum
575 794 604 850 in
620 798 766 851 momento
786 793 815 850 in
837 791 941 865 locum,
964 790 1000 850 de
1021 807 1079 867 quo
1100 798 1150 850 tu-

105 875 179 936 lerat
205 877 303 952 illum,
331 881 467 953 reposuit
517 878 662 938 Reversus
690 878 787 953 miles,
815 895 882 938 cum
909 893 968 938 nou
995 879 1150 938 invenisset

105 981 193 1040 quem
215 963 376 1038 dimiserat,
404 970 567 1040 apostatam
588 967 650 1024 sive
672 966 793 1025 eiectum
814 963 894 1023 illum
915 965 1084 1039 aestimans,
1111 962 1150 1024 ad

104 1053 312 1110 monasterinm
338 1053 493 1110 cursitavit
535 1051 585 1111 Ad
613 1051 692 1127 quod
713 1051 788 1112 dicto
811 1050 997 1128 completorio
1018 1053 1150 1125 veniens,

104 1137 254 1198 Abbatem
276 1140 399 1212 vocavit,
422 1144 451 1198 et
466 1140 583 1198 ubinam
604 1138 691 1197 frater
711 1149 785 1197 suus¹
803 1144 878 1214 esset
898 1139 1054 1214 requisivit.
1096 1136 1150 1196 Oui

106 1241 171 1284 cum
193 1222 298 1284 Abbas
318 1227 458 1300 signaret,
481 1231 514 1284 ut
536 1231 715 1300 exspectaret
736 1242 827 1300 usque
849 1241 948 1299 mane,
970 1230 998 1284 et
1018 1223 1066 1283 ille
1087 1228 1150 1281 tur·

105 1311 192 1370 batus
213 1311 413 1387 responderet,
441 1313 501 1396 scio
524 1315 592 1389 quia
612 1314 734 1371 eiecistis
756 1329 831 1387 eum,
851 1313 1064 1386 minareturque
1084 1325 1149 1370 mo-

104 1399 246 1471 nasterio,
267 1404 352 1474 rupto
374 1398 485 1459 silentio
506 1399 652 1475 respondit
672 1397 791 1458 Abbas:
813 1399 870 1457 Per
889 1398 1034 1458 licentiam
1054 1415 1150 1457 meam

104 1484 144 1544 ad
165 1487 326 1560 proximam
344 1488 495 1562 grangiam
513 1489 659 1563 equitavit,
681 1502 739 1546 non
761 1484 860 1567 dubito
875 1487 944 1560 quin
957 1485 998 1559 ihi
1011 1486 1057 1544 sit
1099 1484 1149 1544 Ie·

104 1577 172 1630 runt
193 1571 291 1645 simul,
320 1577 349 1630 et
374 1575 403 1631 in
425 1572 536 1648 capella
557 1589 760 1632 conversorum
781 1578 910 1632 orantem
931 1568 1043 1651 illuns)
1064 1573 1149 1630 inve·

103 1664 217 1717 nerunt.
259 1658 298 1717 Et
327 1665 522 1735 cognoverunt
551 1676 586 1719 ex
614 1661 775 1718 testimonio
797 1659 925 1732 illorum,
958 1661 1025 1734 quia
1047 1657 1149 1719 eadem

104 1744 259 1820 horaque
284 1744 366 1818 miles
388 1760 454 1805 eum
475 1748 555 1804 iuxta
576 1752 701 1805 castrum
722 1745 889 1821 reliquerat,
917 1745 1039 1804 eandem
1059 1762 1149 1821 gran·

104 1833 184 1909 giam
204 1834 351 1891 intraverit
363 1828 394 1912 ³).
436 1831 640 1892 NOVIGIUS:
668 1833 704 1890 hr
726 1831 771 1891 his
793 1849 868 1908 quae
889 1831 966 1890 dicta
987 1823 1070 1906 sunt,
1093 1847 1149 1907 pa·

105 1936 168 1978 rem
188 1917 266 1978 hunc
294 1918 390 1979 iudico
417 1921 511 1978 virum
533 1918 646 1979 duobus
667 1921 790 1994 antiquis
809 1917 976 1993 Prophetis,
1005 1917 1150 1978 Ezechieli

105 2005 216 2064 scilicet
246 2012 277 2066 et
297 2004 428 2066 Abacuc.
470 2006 515 2064 Ex
547 2006 652 2082 quihus
680 2023 754 2065 unus
782 2005 949 2066 mirabihter
978 2004 1047 2064 vidit
1076 2021 1150 2080 quae

105 2093 268 2168 agebantur
288 2093 317 2150 in
338 2091 509 2155 Jerusalem.
552 2092 635 2152 Alter
657 2109 726 2152 vero
749 2091 784 2151 de
798 2091 914 2152 Judaea
935 2092 1030 2151 subito
1052 2098 1148 2151 trans-

104 2179 182 2238 latus
205 2186 250 2238 est
270 2181 299 2237 in
313 2179 494 2256 Babylonem
504 2174 537 2259 Α).
579 2177 815 2240 MONACHUS:
837 2177 956 2254 Aliquid
978 2178 1100 2254 amplius
1120 2179 1150 2236 in

105 2268 161 2325 isto
184 2265 342 2326 considero.
384 2266 479 2342 Magis
494 2267 696 2326 miraculosum
717 2267 830 2327 videtur
838 2263 859 2346 ⁵)
880 2281 984 2342 corpus
1005 2265 1150 2342 glorifica-

106 2359 168 2412 tum
189 2355 252 2412 sive
268 2352 407 2414 coelestes
421 2353 535 2413 ordines
556 2354 647 2414 oculis
665 2355 808 2429 corporeis
828 2364 914 2428 posse
936 2351 1041 2426 videre,
1063 2369 1150 2427 quarn

105 2441 134 2497 in
156 2441 265 2516 spiritu,
287 2439 402 2515 qualem
418 2438 558 2500 visionem
580 2458 611 2500 se
627 2440 762 2500 Ezechiel
782 2440 888 2499 vidisse
909 2445 1039 2498 testatur.
1077 2436 1150 2498 NO-

105 2525 256 2585 VIOIUS:
278 2526 441 2586 Consentio.
484 2525 719 2588 MONAOHUS:
740 2527 881 2586 Maiorem
901 2527 995 2586 iudico
1011 2527 1150 2585 visionem

106 2629 182 2688 quae
204 2615 341 2689 sequitur.
363 2647 405 2656 -
427 2615 483 2673 Die
505 2614 630 2689 quadam
651 2614 770 2691 angelus
785 2614 903 2673 Domini
925 2631 960 2672 ex
981 2619 1062 2690 parte
1083 2611 1149 2671 Ab·

106 2700 182 2758 hatis
204 2702 317 2776 signum
339 2700 467 2776 olfecit,
496 2699 529 2759 dt
554 2701 593 2761 ad
613 2707 726 2777 portam
747 2704 872 2777 veniret3
900 2706 1016 2760 secutus
1038 2705 1082 2758 est
1102 2699 1150 2758 ille

105 2787 343 2862 praecedentem,
375 2794 406 2846 et
432 2803 498 2846 oum
527 2788 564 2846 ad
592 2795 705 2864 portam
732 2805 790 2848 non
811 2790 966 2847 invenisset
986 2786 1150 2860 Abbatem,

107 2872 210 2932 eodem
230 2875 313 2950 signo
331 2874 452 2950 angelus
473 2891 540 2934 eum
561 2878 653 2934 traxit
666 2878 694 2934 in
708 2891 852 2950 campum.
895 2873 1038 2952 Quicum
1061 2874 1150 2932 mira·-

106 2966 184 3021 retur
213 2977 340 3035 quonam
368 2967 443 3020 esset
470 2963 575 3037 iturus,
605 2969 634 3022 et
660 2963 707 3022 ille
735 2964 823 3039 signis
849 2978 886 3021 ex
914 2967 995 3037 parte
1025 2958 1150 3018 Abbatis

106 3049 238 3121 sequenti
258 3050 342 3106 nimis
362 3055 440 3107 esset
452 3050 638 3124 importunus,
659 3054 800 3109 venerunt
819 3049 857 3108 ad
875 3047 1017 3124 quosdam
1037 3051 1150 3105 montes

106 3133 253 3193 subhmes.
305 3133 416 3211 Quibus
430 3137 624 3211 transmissis,
654 3136 752 3196 locum
774 3137 895 3213 ingressi
916 3140 983 3194 sunt
1004 3132 1150 3192 amoenis·

106 3222 225 3295 simum,
246 3221 396 3280 arboribus
425 3228 454 3280 et
475 3221 578 3282 diversi
599 3225 711 3300 generis
732 3223 849 3282 floribus
869 3222 952 3280 nimis
975 3219 1150 3281 deliciosum
1223 3209 1233 3227 ‘

105 3306 177 3366 Erat
198 3310 274 3366 enim
294 3308 446 3384 paradisus
468 3312 615 3369 terrestris.
646 3310 725 3368 Inter
745 3315 841 3370 cetera
854 3325 929 3384 quae
942 3307 1049 3367 ibidem
1069 3303 1150 3381 vidit,

107 3393 180 3454 duos
202 3411 286 3454 senes
301 3395 473 3470 splendidos,
494 3396 595 3456 Enoch
616 3397 749 3456 videlicet
771 3403 800 3455 et
813 3395 936 3469 Heliam,
952 3395 1099 3470 conspexit
1121 3399 1150 3452 et

106 3483 234 3558 agnovit
280 3481 487 3557 Tenebantque
510 3485 539 3541 in
567 3485 698 3543 manibus
721 3483 825 3542 librum
849 3485 1022 3556 maximum,
1048 3479 1150 3540 litteris

107 3569 201 3628 aureis
215 3564 392 3648 scriptum⁶),
413 3586 471 3628 uno
489 3575 601 3629 tantum
620 3571 689 3630 tolio
710 3587 813 3632 vacuo.
844 3569 883 3630 Et
904 3567 973 3628 dixit
987 3570 1013 3629 ei
1029 3566 1149 3644 angelus

126 3752 157 3822 l)
174 3751 214 3806 ΟΡ
231 3755 493 3824 interrogasset,
516 3756 659 3824 Ripsum
682 3739 938 3826 interrogasset
958 3782 989 3794 -
1008 3753 1040 3822 2)
1058 3752 1149 3805 illurn

176 3822 227 3875 edd
244 3822 273 3876 B.
287 3851 319 3864 -
333 3826 365 3893 3)
383 3826 425 3880 Bc
441 3828 587 3878 intravit.
601 3857 632 3867 -
651 3828 684 3894 4)
696 3827 788 3879 Erech.
800 3828 825 3880 8.
839 3825 910 3878 Dani.
924 3825 966 3888 14,
984 3824 1027 3876 35.
1039 3851 1072 3862 —
1084 3821 1149 3890 5)ss

177 3893 259 3962 quod
277 3896 375 3965 magis
393 3894 524 3948 videtur
541 3895 910 3963 miraculorum.—6)Bl)
924 3893 1148 3958 'couscriptum
