2622 4322
187 245 249 304 roe
486 239 715 304 orsruromo
745 239 910 320 Qunam

522 432 755 495 CAPITULUM
774 434 877 495 XXV.

320 555 369 613 De
384 555 497 630 puella,
520 573 598 631 qaae
619 549 768 616 invidebat
789 556 887 616 studio
910 558 1083 638 cerasormic.

248 692 334 752 Anno
356 696 509 769 praeterito
532 695 561 751 in
576 697 747 755 monasterio
771 695 897 771 quodam
912 695 1016 754 ordinis
1031 695 1120 754 nostri
1140 695 1215 753 iuxta

184 776 337 859 Frisiam¹),
360 780 437 855 quod
451 781 542 840 Yessc
556 780 666 856 dicitur,
689 780 762 840 duae
775 781 914 858 parvulae
935 781 1049 858 puellae
1061 778 1082 862 ²)
1104 780 1141 840 ad
1152 779 1214 841 lite·

183 885 229 926 ras
250 869 360 943 positae
372 867 493 926 suerunt.
537 865 619 944 Quae
641 886 707 928 eum
727 886 833 945 magno
847 869 958 928 fervore
980 868 1130 942 discentes,
1151 869 1215 927 satis

182 956 255 1013 inter
276 971 307 1014 se
330 953 550 1029 contenderunt,
576 960 609 1012 ut
628 973 687 1014 una
708 954 789 1014 alteri
809 959 839 1014 in
860 955 955 1014 studio
978 961 1007 1014 et
1029 957 1150 1015 scientia
1168 971 1215 1013 sn-

181 1043 276 1117 perior
306 1041 468 1102 haberetur.
522 1041 639 1100 Interim
671 1044 790 1120 contigit
821 1060 908 1102 unam
939 1041 1085 1101 infirmari.
1139 1041 1215 1118 Quae

183 1129 323 1203 comparis
337 1124 434 1208 suaee)
455 1128 595 1209 profectui
615 1129 755 1204 invidens,
775 1121 843 1188 satis
867 1131 961 1204 coepit
982 1131 1095 1204 tentari,
1116 1131 1213 1187 timens

183 1214 261 1291 quod
289 1212 401 1274 ihterim
427 1215 517 1274 multa
547 1214 654 1274 discere
682 1222 789 1291 posset.
831 1216 1006 1292 Vocansque
1034 1216 1216 1290 Priorissam,

183 1304 277 1378 coepit
298 1301 338 1360 illi
359 1301 534 1377 supplicare,
569 1301 680 1361 dicens:
708 1303 792 1362 Bona
815 1301 944 1378 domina,
974 1302 1099 1382 quando,
1113 1303 1216 1362 venerit

182 1387 220 1448 ad
242 1405 288 1448 me
310 1394 402 1448 mater
422 1405 512 1464 mea,
530 1404 584 1465 ego
612 1391 754 1464 requiram
783 1391 820 1448 ab
843 1406 878 1448 ea
900 1407 949 1448 sex
972 1388 1120 1474 denarios,
1148 1405 1216 1464 quos

182 1477 265 1534 vobis
287 1475 378 1549 dabo,
407 1481 517 1534 utnon
539 1477 685 1551 patiamini
707 1476 816 1536 discere
838 1493 963 1535 sororem
984 1493 1096 1552 meam,
1130 1476 1216 1536 donec

182 1561 364 1622 convaluero.
416 1561 515 1621 Timeo
538 1565 628 1638 enim,
659 1557 728 1643 nei)
759 1563 915 1640 praecellat
951 1580 1006 1621 me.
1060 1561 1111 1639 Ad
1143 1561 1215 1638 quod

113 1659 121 1672 “
181 1650 303 1710 verbum
332 1650 448 1709 subrisit
468 1649 623 1724 Priorissa,
655 1649 769 1725 puellae
797 1650 939 1709 fervorem
968 1651 1037 1708 satis
1067 1645 1216 1710 admirans.

181 1734 384 1796 NOVICIUS:
405 1735 462 1795 Dic
485 1736 614 1812 obsecro,
636 1753 710 1811 quae
733 1743 777 1796 est
797 1736 939 1797 medicina
953 1742 1053 1796 contra
1074 1737 1215 1799 invidiam.

69 1911 72 1918 Ἰ
181 1820 415 1884 MONACHUS:
438 1821 586 1900 Obsequio
608 1825 740 1884 caritatis.

514 2012 748 2105 cernuntur
768 2013 886 2076 xxm.

267 2137 444 2212 Exemplum
473 2141 579 2196 contra
599 2136 743 2280 inotdlicm
765 2154 785 2195 a
805 2139 951 2213 mapietro
972 2136 1135 2213 liudolpho

618 2240 675 2299 pro
688 2229 781 2282 atum.

246 2347 576 2439 MegistersRudolphus
605 2361 799 2421 Scholasticus
828 2361 1021 2437 coloniensis,
1050 2380 1138 2438 quem
1165 2375 1214 2437 ego

181 2449 255 2508 bene
276 2450 345 2508 novi
367 2455 396 2509 et
407 2448 569 2524 frequenter
583 2448 688 2523 audiri,
703 2448 857 2525 discipulos
871 2467 940 2510 suos
953 2452 1063 2509 instans
1076 2446 1097 2529 ⁵)
1121 2465 1214 2509 exem·

180 2535 261 2611 plum
290 2541 390 2595 contra
416 2536 529 2597 invidos
552 2536 664 2610 docuit,
687 2535 797 2595 dicens:
819 2536 921 2596 Frater
949 2537 1052 2612 aliquis
1075 2535 1214 2613 quendam

182 2639 218 2680 ex
238 2621 371 2681 fratribus
393 2625 451 2682 suis
472 2624 513 2682 ita
535 2640 654 2682 exosum
676 2622 793 2698 habuit,
823 2629 855 2681 ut
882 2641 940 2683 non
969 2625 1029 2683 sine
1061 2623 1153 2684 cordis
1174 2620 1215 2682 sui
1278 2665 1279 2678 ,

182 2711 308 2768 cruciatu
330 2709 410 2767 illum
424 2713 566 2786 respicere
587 2716 686 2784 posset
696 2703 727 2788 ⁶).
771 2709 856 2786 Quod
877 2710 924 2770 ille
946 2714 1080 2786 sentiens,
1104 2716 1132 2772 et
1152 2707 1214 2768 vul·
1278 2719 1279 2784 l

180 2812 235 2856 nus
258 2795 351 2856 cordis
373 2799 433 2855 eius
456 2813 557 2856 sanare
579 2798 705 2871 cupiens,
725 2795 841 2855 fratrem
862 2804 923 2856 tam
942 2798 1101 2873 periculose
1124 2802 1214 2856 tenta-
1278 2803 1279 2830 ¹

182 2889 252 2958 tum,
266 2884 324 2942 imo
335 2885 365 2940 in
377 2885 441 2958 ipsa
451 2885 607 2942 tentatione
620 2885 734 2942 omnino
747 2889 921 2959 superatum,
936 2886 1078 2960 obsequiis
1094 2883 1213 2944 caritatis

180 2969 219 3030 ad
232 2987 317 3030 sunm
332 2987 466 3046 amorem,
490 2967 656 3050 quantum⁷)
672 2971 773 3045 potuit,
794 2969 949 3030 inelinavit.
982 2969 1112 3047 Capitale
1119 2967 1148 3050 ὅ)
1157 2970 1213 3029 eius

181 3060 266 3118 vertit
285 3063 314 3116 et
336 3055 519 3131 mollificavit,
540 3063 637 3120 vestes
656 3059 789 3131 excussit,
810 3056 998 3117 calciamenta
1016 3061 1092 3118 circa
1113 3057 1212 3117 lectum

182 3146 350 3221 composuit,
361 3151 390 3204 et
400 3143 535 3220 quioquid
546 3142 584 3203 ad
593 3143 667 3202 illius
678 3142 860 3203 commodum
871 3161 934 3203 esse
946 3151 1074 3221 noverat,
1083 3147 1113 3204 in
1125 3159 1213 3220 quan·

181 3237 243 3291 tum
256 3231 336 3290 licuit
349 3238 377 3290 et
389 3233 490 3308 potuit,
505 3230 640 3290 exhibuit
661 3228 708 3290 Sic
719 3229 766 3288 illo
778 3230 891 3290 invidus
905 3225 1050 3307 obsequiis
1064 3233 1124 3291 eius
1136 3229 1212 3289 devi-
1277 3261 1278 3280 ÷

181 3326 253 3395 ctus,
264 3327 293 3379 et
305 3317 344 3377 ad
358 3335 406 3378 cor
418 3318 561 3393 reduetus,
574 3323 744 3394 conceptum
756 3317 880 3377 invidiae
891 3335 1035 3400 renenum
1047 3321 1166 3395 exspuit,
1186 3320 1213 3374 et
1277 3321 1278 3332 ¹

181 3423 267 3482 quem
295 3409 373 3483 prius
401 3423 495 3483 aequo
524 3404 608 3464 oculo
636 3395 776 3479 respicere
805 3422 864 3464 non
891 3408 999 3482 potuit,
1030 3405 1095 3482 plus
1116 3409 1211 3481 postea
1277 3449 1278 3488 4

198 3593 230 3661 1)
249 3594 388 3644 accuratius
406 3591 470 3643 infra
489 3590 541 3658 Vll,
558 3592 606 3644 46:
626 3592 667 3656 „in
685 3591 996 3658 inconsummatum
1014 3592 1140 3644 civitatem
1150 3589 1210 3642 Gru-

249 3664 367 3730 ningen.“
389 3691 418 3701 -
439 3661 530 3728 2)Βῦ
548 3658 679 3729 puellae
697 3661 865 3728 parvulae.
885 3691 915 3701 —
936 3663 967 3731 3]
986 3661 1049 3715 Ab?
1068 3662 1165 3714 sui·
1181 3657 1210 3722 4)

200 3731 203 3738 “
249 3729 380 3799 unod.
407 3759 437 3770 -
458 3732 489 3799 5)
509 3731 527 3782 P
551 3732 739 3782 instituens.
758 3759 789 3771 -
814 3731 929 3798 6)th
953 3741 987 3784 ut
1011 3733 1079 3784 sina
1103 3759 1133 3770 -
1152 3739 1209 3780 non

249 3809 369 3869 posset.
389 3829 419 3840 -
439 3801 471 3869 7)
489 3800 510 3853 B
528 3801 558 3852 in
576 3808 736 3870 quantum.
756 3831 786 3841 -
806 3802 838 3870 8)
855 3801 905 3854 hoo
921 3811 970 3868 est,
988 3800 1102 3855 cervical
