2642 4330
155 233 218 296 ato
476 229 704 294 nisumono
731 229 871 332 SEXTA'

154 371 274 432 pascere
295 354 413 414 curavit.
454 353 539 414 Unde
561 360 591 414 et
610 354 805 414 venerabdem
823 353 903 412 illam
922 351 1062 414 inclusam
1082 351 1191 412 ordinis

154 445 252 517 noshi,
273 440 419 500 dominam
436 440 608 517 Heylelam,
629 441 788 510 secundum
807 458 912 500 nomen
927 459 1011 500 sunm
1032 457 1099 500 vere
1119 458 1190 499 sau·

155 535 246 604 emm,
274 531 355 587 curius
377 527 450 588 cella
469 530 641 587 monasterio
663 531 756 588 sancti
777 527 911 588 Andreae
931 527 1121 601 adhaerebat,
1152 526 1191 586 de

154 633 209 692 sna
246 614 425 691 praebenda,
464 615 561 690 quoad
592 617 679 688 vixit,
717 617 896 674 sustentavit
947 613 1077 672 Aliorum
1114 614 1193 672 enim

156 702 352 779 eleemosynas
384 702 471 761 beata
501 701 551 761 illa
582 703 707 777 recipere
738 703 890 761 recusavit.
942 700 1061 760 Solebat
1092 706 1192 758 autem

154 790 256 865 inopes
276 787 421 865 appellare
442 788 594 848 thesauros
615 787 753 848 coelestes
765 785 792 868 ¹),
814 805 888 864 quoa
899 790 977 846 tinea
996 803 1055 846 non
1069 785 1192 846 demoli-

155 882 202 934 tur
223 881 253 935 et
273 892 345 950 quos
366 875 443 934 iures
463 892 521 934 non
534 875 680 949 effodiunt,
700 891 794 950 neque
807 872 975 953 iurantur²).
1005 873 1097 948 Unde,
1118 875 1194 932 sicut

98 953 101 957 ’
156 979 243 1038 supra
265 961 371 1022 dictum
393 968 451 1036 est,
482 961 573 1021 multo
594 961 634 1020 illi
654 962 776 1036 amplior
786 959 808 1042 ⁸)
837 979 906 1021 cura
926 961 980 1019 fuit
1000 960 1036 1020 dc
1058 959 1194 1020 consola·-

155 1051 233 1108 tione
254 1065 428 1124 pauperum,
460 1065 549 1123 quam
570 1048 606 1108 de
626 1048 779 1124 aedificiis,
810 1048 858 1108 vel
886 1049 1027 1107 thesauris
1055 1054 1084 1106 et
1104 1063 1196 1105 orna-

155 1139 258 1196 mentis
278 1137 409 1211 perituris
430 1135 624 1195 ecclesiarum.
654 1135 765 1194 Pueros
785 1153 935 1211 pauperes,
956 1153 1057 1194 manus
1077 1133 1195 1193 ulcero-

155 1240 204 1282 sas
226 1229 255 1282 et
274 1222 360 1282 valde
380 1220 525 1298 neglectas
546 1221 694 1296 babentes,
716 1221 831 1298 quando
857 1224 993 1281 secretius
1014 1221 1195 1296 epulabatur,

155 1308 195 1370 ad
214 1326 343 1368 mensam
364 1326 447 1367 suam
467 1311 577 1384 posuit,
610 1315 639 1368 et
661 1309 697 1368 de
718 1309 839 1368 scutella
860 1327 914 1368 sua
935 1308 1084 1368 comedere
1103 1323 1192 1382 prae-

156 1397 240 1471 cepit
291 1393 494 1454 NOVICIUS:
526 1395 602 1455 Satis
630 1395 755 1455 admiror
783 1395 894 1459 occani
924 1394 1009 1454 huius
1039 1397 1195 1470 pietatem,

154 1481 358 1556 humilitatem,
387 1482 606 1557 simplicitatem.
647 1480 883 1542 MONAGHUS:
913 1481 993 1540 Audi
1021 1481 1096 1541 unde
1125 1497 1194 1539 am-

155 1568 231 1645 plius
252 1570 369 1627 mireris.
414 1568 491 1628 Civis
512 1569 628 1645 quidam
650 1568 841 1644 Coloniensis,
869 1571 983 1628 nomine
1003 1568 1195 1644 Lambertus,

155 1655 299 1714 familiaris
320 1655 361 1712 illi
382 1662 457 1730 erat,
487 1659 565 1716 etin
586 1658 681 1715 vicino
702 1657 847 1716 manebat
879 1656 939 1715 Iste
961 1673 1028 1714 cum
1048 1654 1093 1714 die
1115 1671 1195 1729 qua-

156 1741 224 1802 dam
246 1759 311 1802 eum
331 1742 495 1816 supradicto
517 1742 673 1802 Godefrido
694 1743 805 1802 notario
827 1749 975 1816 coenaret,
1000 1749 1029 1802 et
1051 1741 1194 1801 coniabu-
1313 1779 1314 1788 η

155 1828 282 1889 larentur
294 1829 330 1887 de
342 1829 530 1906 eleemosynis
543 1828 649 1889 domini
659 1829 791 1904 Busiridi,
803 1832 844 1889 ait
856 1847 903 1888 me
917 1829 1065 1888 audiente:
1086 1828 1196 1888 Dicam

155 1916 239 1976 vobis
267 1915 389 1992 qualiter
419 1933 466 1974 mc
495 1919 668 1976 tractaverit
711 1916 853 1992 Tempore
875 1916 1000 1992 quodam
1020 1918 1196 1974 invitaverat

155 2019 202 2062 me
224 2007 254 2061 et
274 2019 392 2062 uxorem
414 2020 508 2062 meam
529 2002 567 2062 ad
590 2020 709 2062 coenam
730 2021 821 2062 suam.
864 2003 1036 2062 Sedentibua
1057 2002 1138 2060 nobis
1160 2003 1196 2060 in

156 2106 256 2149 mensa
284 2107 350 2148 cum
375 2089 439 2163 illo,
470 2090 520 2148 diu
542 2107 655 2150 cramus
681 2090 819 2150 ferculum
841 2089 957 2165 aliquod
978 2093 1196 2164 exspectantes,

155 2175 225 2235 nihil
246 2181 313 2236 ante
334 2192 388 2234 nos
408 2183 522 2251 praeter
543 2175 637 2236 solum
657 2194 762 2253 panem
779 2177 926 2236 habentes.
968 2177 1017 2235 Et⁴
1029 2178 1096 2250 quia
1116 2175 1197 2235 beno

156 2278 294 2322 noveram
316 2263 536 2322 consuetudines
559 2265 634 2338 eius,
661 2267 765 2324 vocavi
785 2263 823 2322 ad
844 2281 891 2322 me
913 2281 1002 2322 unum
1024 2263 1059 2322 de
1079 2263 1197 2337 pueris,

155 2351 186 2408 iu
206 2343 308 2428 aure⁴)
329 2348 370 2407 illi
391 2348 463 2410 haec
486 2350 597 2410 dicens:
631 2350 703 2425 Dic,
724 2351 815 2425 bone,
847 2349 960 2409 dabitur
980 2347 1064 2408 nobis
1084 2348 1197 2422 aliquid

157 2434 195 2494 ad
224 2434 451 2495 comedendum?
501 2437 704 2513 Respondente
731 2437 796 2496 illc:
822 2437 899 2496 Nihil
926 2437 1080 2509 babemus,
1109 2433 1197 2493 suffi-

157 2524 264 2582 cienter
291 2524 366 2582 enim
393 2525 477 2582 vobis
506 2524 598 2582 luerat
624 2530 841 2600 praeparatum,
872 2522 925 2583 sed
952 2523 1083 2582 dominus
1109 2538 1198 2582 meus

159 2614 226 2668 ante
247 2607 347 2668 horam
365 2609 525 2670 refectionis
546 2615 699 2686 coquinam
720 2613 844 2686 intravit,
865 2617 894 2670 et
906 2615 1085 2685 praeparata,
1106 2610 1197 2668 edam

158 2696 240 2755 nobis
261 2695 491 2771 reclamantibus,
514 2698 687 2772 pauperibus
710 2697 812 2756 divisit.
856 2697 937 2756 Tunc
960 2713 1013 2772 ego
1035 2694 1198 2770 subridens,

159 2781 282 2842 cundem
308 2801 430 2858 puerum
458 2783 496 2842 ad
526 2783 643 2843 domum
664 2799 759 2842 meam
780 2785 857 2857 misi,
890 2789 919 2842 et
946 2787 1057 2841 tantum
1085 2788 1129 2841 est
1157 2782 1197 2842 de

97 2937 100 2946 f
158 2869 271 2930 cibariis
292 2869 427 2944 allatum,
456 2877 488 2929 ut
517 2871 648 2930 omnibus
671 2871 798 2929 convivis
819 2872 924 2929 nostris
944 2869 1095 2928 sufficeret.
1136 2867 1197 2929 Die

156 2955 282 3032 quadam
304 2974 370 3016 cum
391 2958 544 3031 coquinam
566 2958 627 3016 eius
648 2959 807 3031 intrassem,
828 2963 857 3016 et
879 2958 1101 3016 anseresnescio
1123 2963 1197 3029 quot

157 3049 339 3102 versarentur
367 3042 405 3102 ad
432 3045 543 3120 ignem,
576 3043 634 3101 dixi
665 3045 695 3100 in
717 3043 801 3102 co'rde
822 3059 903 3102 meo:
926 3042 1009 3102 Certe
1030 3043 1103 3100 bene
1123 3059 1197 3117 pro-

157 3135 238 3190 curat
250 3126 270 3209 ⁶)
291 3129 426 3188 familiam
447 3148 530 3190 suam
551 3128 687 3202 Decanus
708 3131 770 3189 iste.
802 3126 944 3209 sssamt)
963 3145 1031 3188 vero
1045 3129 1197 3188 anseribus

156 3217 218 3292 ipse
239 3217 363 3291 intravit,
385 3218 482 3293 eisque
501 3218 601 3276 excisis
614 3213 642 3295 ⁷),
665 3221 694 3275 et
714 3233 766 3291 per
786 3215 919 3276 scutellas
934 3215 1079 3289 ordinatis,
1099 3213 1196 3274 viduis

158 3308 244 3378 atque
274 3304 435 3380 egentibus,
452 3303 575 3363 totaliter
604 3305 679 3362 misit
690 3298 721 3381 ³).
764 3301 858 3379 Saepe
888 3305 913 3361 ei
935 3303 1118 3362 mittebantur
1139 3319 1196 3360 an·

159 3406 237 3450 seres
259 3396 288 3449 et
307 3389 391 3465 pulli,
418 3396 480 3448 tum
502 3406 537 3449 ex
566 3389 658 3449 officio
681 3388 844 3464 Decaniac,
865 3395 927 3448 tum
949 3407 984 3450 ex
1007 3388 1097 3463 dono,
1127 3391 1196 3463 quia

159 3475 240 3535 multi
263 3493 329 3535 cum
346 3476 791 3553 venerabantur,‘cognosccntes
810 3478 870 3536 eius
893 3479 1048 3559 caritatem.
1076 3475 1114 3533 Et
1126 3476 1195 3550 quia

178 3661 209 3730 1)
227 3659 268 3714 bc
293 3660 462 3714 coelestes
489 3662 671 3716 thesauros.
690 3693 721 3704 —
749 3663 782 3730 2)
804 3662 950 3727 burcho,
977 3662 1017 3714 19.
1038 3691 1068 3734 Τ
1097 3659 1195 3729 3),Βῦ

229 3730 367 3798 amplior
384 3731 487 3783 illi-
507 3732 612 3800 broi>
629 3749 790 3786 aurem·
803 3733 835 3801 5)
846 3731 909 3786 Ab?
927 3739 1084 3800 procurat
1101 3730 1192 3782 bene.

208 3813 261 3840 ·-
282 3801 313 3868 6)
330 3800 414 3854 ARCP
432 3805 526 3854 assis.
546 3833 577 3842 -
597 3805 629 3872 t)
647 3803 668 3855 li
686 3804 838 3856 concisis.
860 3833 890 3843 -
909 3803 941 3873 8)
959 3801 980 3856 G
996 3800 1124 3856 divisit.
