2642 4330
186 297 250 358 360
508 293 738 358 oleumcum
767 293 902 357 SEXTA

185 435 244 478 non
265 415 393 478 deerunt.
435 415 563 493 Simplex
591 417 765 494 quandoque
790 420 878 478 mimo
905 417 954 478 vel
973 416 1123 478 ioculatori
1144 435 1228 479 com-

185 510 311 582 paratur.
352 503 433 564 Sicut
460 504 573 563 illorum
584 502 605 584 1)
633 505 725 564 verba
752 505 800 566 vel
828 522 916 581 opera
936 507 967 564 in
988 501 1078 584 eios2)
1108 522 1160 564 ore
1181 504 1229 565 vel

185 592 334 666 manibus,
363 594 412 666 qui
438 592 577 651 iaculator
604 598 743 667 nonest,
770 610 858 667 saepe
881 592 1045 668 displicent,
1075 599 1103 652 et
1131 609 1228 667 poena

187 675 306 758 digna³)
328 684 396 738 sunt
420 678 499 754 apud
528 678 674 753 bomiuer;
708 696 783 754 quae
811 686 907 739 tamen
936 681 974 739 ab
989 679 1045 738 'eis
1074 679 1152 738 dicta
1180 678 1229 738 vel

186 765 271 839 faeta,
292 763 420 841 placent:
441 768 483 824 ita
504 772 548 826 est
568 765 605 824 de
626 765 812 841 simplicibus.
835 766 876 826 Ut
897 768 938 825 sic
961 767 1062 841 dicam,
1082 765 1228 826 ioculato-

186 869 233 912 res
259 852 316 911 Dei
348 858 414 911 suut
446 859 668 928 sanctorumque
699 853 865 928 angelorum
897 853 1047 929 simplices.
1097 853 1228 929 Quorum

186 955 275 1016 opera
295 941 319 998 si
340 939 371 998 hi
392 940 442 1014 qui
459 939 601 1016 simplices
622 956 681 998 non
702 947 776 1014 sunt,
799 940 972 1016 quandoque
992 941 1127 1015 facerent,
1149 938 1228 1000 hand
1297 955 1298 972 ³

187 1025 306 1086 dubium
327 1028 395 1102 quin
416 1025 512 1085 Deum
533 1025 723 1102 offenderent,
744 1029 794 1102 qui
814 1030 844 1086 in
865 1029 921 1102 eis,
952 1027 1021 1088 dum
1041 1044 1094 1103 per
1115 1027 1227 1104 simpli.
1297 1029 1298 1066 1

187 1130 235 1174 ces
256 1113 336 1189 fiunt,
358 1112 524 1173 delectatur.

546 1303 781 1365 caeternum
797 1277 854 1363 rx.

487 1426 537 1484 Dc
557 1427 702 1485 mondolio
725 1427 760 1485 de
780 1427 916 1516 Porectd.

177 1509 181 1518 ‚
251 1545 287 1606 In
307 1547 429 1606 Poreeto
450 1547 609 1607 monachus
632 1547 749 1623 qnidam
769 1548 823 1606 luit
843 1553 941 1606 tanae
964 1515 1228 1622 simplicitatis,‘ut
1297 1557 1298 1564 ¹

187 1633 306 1710 singulis
329 1650 403 1710 pene
425 1634 526 1693 diebus
546 1637 576 1692 in
597 1635 722 1710 balneis,
752 1653 826 1710 quae
848 1636 888 1693 ibi
908 1640 975 1693 aute
998 1636 1104 1694 octium
1125 1650 1226 1693 mona·
1297 1639 1298 1684 ξ

187 1719 266 1780 steri'i
284 1721 451 1780 naturaliter
473 1721 581 1797 calent,
607 1724 680 1780 iuter
700 1739 842 1798 pauperes
863 1721 989 1796 sederet,
1011 1728 1042 1780 et
1068 1737 1227 1798 pauperum
1297 1775 1298 1786 ,

188 1806 274 1868 dorsa
300 1808 427 1882 sulcaret,
460 1812 558 1884 capita
582 1809 725 1883 ablueret,
758 1811 930 1867 vestimenta
958 1808 1118 1868 mundaret.
1170 1807 1226 1866 Pro
1297 1843 1298 1850 ι

188 1911 247 1970 qua
259 1912 290 1954 re
312 1913 379 1955 eum
400 1902 459 1954 tam
470 1897 508 1954 ab
524 1895 641 1955 Abbate
656 1914 741 1971 quam
757 1896 919 1954 afratribus
935 1897 1060 1954 crebrius
1082 1902 1112 1954 et
1133 1896 1225 1954 aerius

188 1988 363 2059 argueretur,
383 1999 440 2041 non
462 1990 577 2058 propter
598 1983 654 2042 hoc
676 1983 788 2056 dimisit,
810 1982 861 2040 sed
883 1982 927 2041 his
941 1983 1037 2041 verbis
1046 1981 1134 2041 valde
1156 1983 1224 2039 sitn-

187 2067 298 2145 pliciter
318 2069 478 2145 respondit:
510 2070 540 2129 Si
563 2087 616 2147 ego
650 2069 735 2128 modo
759 2069 938 2143 desisterem,
966 2071 1029 2143 quis
1049 2067 1223 2144 pauperibus
1297 2139 1298 2156 ,

187 2157 243 2215 ista
272 2155 439 2216 exhiberet?
491 2157 575 2232 Quod
602 2160 626 2216 si
654 2157 741 2231 alius,
771 2174 856 2231 quem
888 2156 1054 2231 simplicitas
1088 2170 1223 2215 excusare
1297 2209 1298 2228 ,

187 2260 246 2303 non
267 2250 379 2324 posset,
400 2242 468 2302 talia
489 2246 706 2319 praesumsisset
728 2250 827 2302 contra
847 2242 972 2301 Abbatis
994 2245 1038 2301 sui
1058 2244 1222 2318 imperium,
1297 2239 1298 2308 ᾗ

187 2331 266 2390 haud
299 2330 417 2390 dubium
447 2333 514 2405 quin
542 2330 639 2390 Deum
677 2332 802 2407 graviter
830 2330 1000 2389 offendisset.
1048 2328 1153 2388 Melior
1181 2331 1222 2386 est

189 2420 264 2477 enim
292 2417 465 2491 obedientia,
495 2434 581 2492 quam
610 2416 760 2476 stultorum
787 2413 958 2496 victimael).
1010 2415 1096 2492 Quod
1127 2421 1221 2475 autem
1297 2461 1298 2478 ι

187 2500 327 2581 praedicti
348 2503 481 2578 simplicis
508 2505 595 2579 oper'a
616 2505 680 2563 Deo
706 2503 876 2579 placuerint,
905 2519 1026 2578 sequens
1054 2500 1220 2563 miraculum
1297 2521 1298 2576 ι

189 2590 353 2650 declarabit.
395 2591 536 2666 Tempore
559 2592 685 2666 quodam
713 2609 778 2650 curn
807 2591 942 2650 orationis
964 2607 1052 2648 causa
1072 2591 1144 2648 isset
1164 2586 1219 2646 00-
1297 2627 1298 2668 ,

187 2677 307 2752 leniam,
338 2679 369 2734 in
397 2676 481 2737 domo
512 2678 661 2738 cuiusdam
681 2676 819 2738 Abrahae
847 2676 1006 2752 hospitatus
1035 2682 1087 2736 est.
1130 2675 1219 2736 Nocte
1297 2675 1298 2746 l

189 2764 290 2825 eadem
312 2781 378 2823 cum
400 2766 512 2841 signum
533 2768 736 2823 matutinarum
765 2763 926 2840 pulsaretur
953 2766 982 2821 in
1004 2762 1125 2824 eeclesia
1145 2759 1219 2820 beati

187 2851 278 2926 Petri,
300 2853 435 2926 surrexit,
462 2851 586 2926 illucque
606 2852 757 2926 festinans,
785 2869 851 2910 eum
880 2851 976 2910 solarii
996 2851 1164 2923 fenestram,
1190 2847 1218 2902 in
1297 2887 1298 2926 ,

188 2955 246 3014 quo
269 2937 436 3014 dormiebat,
457 2937 575 2998 vidisset
591 2944 728 3014 apertam,
750 2940 855 2998 octium
867 2954 929 2996 esse
950 2943 1063 3012 putans,
1084 2953 1136 3013 per
1157 2948 1218 2994 eam
1297 2969 1298 3000 ι

188 3027 290 3100 exivit,
321 3026 420 3099 sicque
454 3025 620 3085 mirabiliter
655 3024 801 3101 depositus
833 3023 872 3083 ad
900 3024 1050 3084 ecclesiam
1083 3019 1218 3098 pervenit
1297 3049 1298 3070 i

187 3112 289 3172 Finitis
310 3114 456 3170 matutinis
476 3111 604 3188 rediens,
626 3130 690 3171 eum
712 3111 750 3171 ad
770 3114 886 3170 ienuam
909 3110 1010 3170 domur
1031 3110 1169 3186 pulsaret,
1190 3107 1217 3164 ei
1297 3117 1298 3138 ¹

187 3200 407 3275 interrogaretur
434 3199 471 3257 ab
493 3199 757 3274 intromittentibus,
783 3198 859 3258 unde
880 3201 991 3258 veniret
1010 3197 1058 3257 vel
1083 3197 1132 3256 ubi
1158 3192 1216 3252 exi·
1297 3235 1298 3242 ι

187 3286 285 3359 visset,
307 3302 342 3344 ex
363 3287 423 3344 eius
444 3288 637 3360 responsione,
656 3284 736 3362 quod
756 3302 815 3345 non
836 3286 1010 3361 perostlum,
1032 3283 1085 3344 sed
1105 3299 1155 3359 per
1175 3279 1216 3338 fe·
1297 3319 1298 3328 ι

187 3378 314 3432 nestram
336 3389 466 3448 egressus
483 3369 604 3453 sueritr),
627 3378 828 3449 cognoverunt.
871 3372 938 3448 Ipse
951 3373 1005 3432 sibi
1025 3377 1121 3430 temen
1142 3368 1215 3426 eius·
1297 3437 1298 3450 χ

188 3459 254 3518 dem
281 3458 410 3528 miraculi
439 3462 569 3519 conscius
598 3477 656 3519 non
682 3459 743 3518 fuit.
792 3459 830 3518 Et
859 3476 925 3522 eum
954 3459 1056 3518 eadem
1082 3457 1214 3520 fenestra,

187 3546 261 3606 bene
283 3545 352 3603 mibi
372 3552 457 3622 nota,
484 3548 554 3606 setis
581 3546 641 3606 alla
662 3549 713 3622 sit,
745 3545 824 3606 haud
846 3546 964 3605 dubium
986 3547 1055 3623 quin
1077 3562 1099 3640 a
1115 3538 1214 3602 sanetis

211 3732 242 3802 t)
260 3729 344 3784 ACDP
362 3729 461 3784 illius.
482 3761 512 3772 -
532 3733 564 3801 2)
581 3731 638 3784 libri
656 3748 773 3785 eorum.
791 3762 824 3772 -
843 3733 874 3800 3]
892 3731 955 3785 ACP
981 3721 1213 3800 legacaester

258 3801 512 3942 l-Jatgrpupptfpeerppp⁸
528 3811 563 3855 ct
585 3817 688 3872 poena
707 3833 735 3844 -
756 3802 897 3876 placent.
917 3833 947 3842 -
967 3803 999 3870 4)
1017 3800 1111 3855 Eccles.
1128 3797 1158 3860 l,
1174 3789 1213 3843 17·
