2538 4314
401 239 463 302 Du
488 237 762 303 consessione
885 295 896 310 ,
1044 242 1103 303 131

101 380 149 422 suus
167 369 230 422 esset
248 365 407 440 inquisivit,
432 364 537 424 clerieo
561 381 626 424 cum
648 381 745 426 sorore
766 363 1021 440 respondentibus:
1042 363 1109 424 Nou

100 452 156 508 seuit
171 449 227 510 huc.
267 452 403 528 Quorum
426 452 520 512 verba
540 459 674 529 suspecta
695 453 852 526 habentes,
882 459 911 511 et
939 453 1029 512 oculis
1052 454 1109 512 cir-

99 539 287 613 uspicientes,
307 541 440 616 vestigia
462 539 517 598 iusi
537 531 681 616 sanguinis
703 545 877 615 repererunt.
922 539 1033 615 Quibus
1052 541 1109 598 cri·

98 641 145 681 meu
161 641 220 682 rnox
238 625 388 685 homicidii
403 623 421 706 ¹)
443 628 630 702 imponentes,
652 628 749 685 accitis
758 623 779 706 ²)
790 625 940 702 iudichus,
963 644 1028 686 cum
1049 629 1109 686 iam

95 727 174 787 usgue
193 729 246 770 uon
266 721 398 789 possent,
420 719 485 771 tum
505 713 625 788 profusi
647 715 753 773 cruoris
776 717 946 788 ostensione,
973 719 1034 772 tum
1055 729 1108 790 pro

94 797 191 857 besruri
208 803 371 876 repertione
381 797 421 880 ³),
445 802 585 859 sententia
607 799 675 859 data
696 805 749 875 est,
771 805 804 858 ut
824 801 911 859 ambo
932 801 1110 860 mitterentur
1140 837 1145 848 ·

92 886 217 961 inignem
258 887 369 946 Similis
394 904 481 946 casus
503 886 639 946 Coloniae
660 889 780 963 contigit
808 887 922 946 cuidam
951 888 1109 946 monetario

92 974 236 1047 tenporibus
257 978 343 1034 meis.
388 973 467 1049 Quid
488 971 592 1049 plura?
638 972 710 1032 Cum
733 973 904 1034 ducerentur
924 973 962 1032 ad
976 991 1109 1050 poenam,

91 1057 179 1118 dicebat
197 1061 292 1135 puella
315 1077 479 1136 germanos
503 1060 621 1135 Frater,
646 1066 765 1136 propter
792 1061 930 1120 ternodo
954 1061 1043 1120 ducor
1070 1060 1110 1120 ad

89 1153 199 1221 nonem,
223 1165 322 1223 neque
349 1149 389 1206 ob
419 1147 506 1206 adam
528 1163 646 1208 oausam
668 1154 823 1223 cooperata
843 1165 908 1206 sum
929 1149 981 1207 tibi
1002 1150 1032 1206 in
1053 1147 1110 1206 hoo

89 1231 222 1310 homicidio,
242 1237 300 1294 uisi
321 1241 356 1293 ut
377 1236 486 1294 crimen
507 1240 589 1292 tuum
611 1233 743 1293 celarem.
785 1234 924 1294 Attamen
946 1236 1014 1310 quia
1035 1250 1109 1293 eva—

88 1317 138 1379 dere
155 1338 208 1379 non
227 1339 387 1398 possumus
409 1329 531 1380 mortem
551 1323 753 1396 imminentem,
776 1322 925 1381 consillum
946 1327 1109 1393 meumest,

87 1407 164 1466 uide
189 1411 344 1468 commisso
377 1408 516 1468 iaciamus
545 1408 765 1482 contessionem,
794 1415 827 1467 ut
855 1409 956 1468 saltem
985 1425 1109 1485 poenam

88 1494 220 1554 1111111111
241 1503 403 1555 aeternam.
435 1494 485 1554 Ad
505 1495 578 1555 baec
599 1489 691 1555 rerba
712 1495 831 1554 clericus
848 1495 1020 1572 indignatus,
1041 1497 1110 1571 quia

89 1580 241 1658 desperatus,
263 1582 429 1658 respondit:
451 1582 516 1641 Non
537 1583 650 1642 faciam.
697 1582 773 1658 Quid
795 1585 870 1641 enirn
891 1583 961 1641 mihi
972 1583 1109 1659 prodesse

87 1675 165 1741 posset
185 1671 327 1730 confessio
349 1676 412 1727 tam
433 1667 537 1728 tarda?
579 1669 634 1728 Illo
655 1670 797 1744 indurato,
817 1669 915 1744 puella
935 1673 1038 1745 petivit
1059 1687 1109 1728 ea-

88 1755 226 1832 oerdotem,
262 1759 310 1816 cui
340 1775 408 1815 curn
437 1755 527 1815 multa
556 1759 723 1816 contritione
759 1757 890 1815 consessa
919 1763 963 1814 est
991 1759 1108 1816 crimen.

88 1841 180 1902 Deinde
200 1845 290 1904 ambo
312 1844 394 1919 ligati
416 1848 483 1901 sunt
503 1846 532 1901 in
554 1845 649 1918 stipite
671 1861 739 1917 uno,
760 1845 826 1919 igne
849 1845 965 1919 copioso
985 1846 1109 1903 circum·

87 1931 170 2002 posito.
211 1931 289 1990 Mira
309 1934 401 1988 virtus
433 1931 633 2004 11111111οηί1,
660 1933 732 1988 mira
765 1929 922 2008 elementia
944 1931 1110 1990 salvatoris.

89 2013 210 2076 tiericum
240 2019 427 2093 desperatum
455 2033 522 2076 mox
551 2017 668 2076 flamma
698 2016 861 2088 devoravit,
892 2017 1019 2094 puellam
1039 2029 1109 2075 varo

88 2101 146 2176 ignis
164 2122 221 2162 nou
242 2107 345 2181 tetigit,
366 2119 462 2178 neque
484 2106 669 2179 conuistavit,
690 2119 744 2162 nec
766 2104 872 2179 aliquid
894 2103 1042 2163 molestiae
1063 2105 1110 2160 in-

88 2189 145 2248 tulit.
185 2192 309 2251 Vincula
338 2197 453 2249 tantum
485 2192 561 2266 eius,
591 2193 666 2249 sicut
693 2191 797 2266 legitur
825 2191 862 2249 de
883 2192 974 2250 tribus
995 2191 1109 2267 pueris,

89 2278 243 2353 combussit,
274 2281 316 2337 ita
337 2285 372 2336 ut
392 2277 480 2336 libero
502 2277 687 2336 deambulare
709 2284 822 2353 possoi3
844 2293 900 2336 nee
919 2277 1001 2337 aliter
1021 2281 1111 2336 sensit

88 2361 246 2424 flammarum
260 2365 403 2438 ardorem,
426 2382 511 2439 quam
523 2371 642 2425 ventum
654 2367 725 2424 roris
743 2361 899 2444 flanremt).
942 2365 1016 2424 Viso
1027 2372 1107 2425 tanto

89 2452 223 2528 uinculo,
250 2453 363 2512 iudices
383 2451 507 2526 puellam
529 2455 711 2510 innocentem
739 2454 937 2525 aestimantes,
967 2455 1110 2511 iusserunt

90 2543 116 2592 nt
133 2542 226 2614 exiret,
249 2542 349 2614 sicque
371 2553 425 2613 per
447 2539 654 2597 consessionem
675 2538 797 2598 incendii
818 2539 893 2598 illius
916 2542 1008 2598 evasit
1021 2539 1110 2598 ardo·

89 2639 147 2681 rem.
182 2625 385 2686 NOVIOIUS:
410 2625 483 2699 Quid
512 2625 623 2684 iudicas
653 2625 688 2684 de
711 2623 836 2684 clerico?
872 2624 1110 2686 MONACHUS:

91 2706 144 2768 Hoc
162 2714 235 2788 quod
254 2717 284 2771 in
307 2714 449 2787 superiori
469 2712 647 2771 d‘utinctione
671 2711 795 2786 capitulo
817 2718 898 2770 sexto
921 2711 956 2771 de
979 2729 1011 2772 11
1032 2714 1110 2771 indi-

91 2799 151 2857 cavit
168 2796 397 2873 Hildebrandus,
427 2799 594 2875 desperatus
623 2797 742 2879 latro⁵):
771 2797 977 2874 Aeternaliter,
1003 2803 1110 2875 inquit,

92 2879 222 2946 damatus
250 2905 333 2961 sum,
367 2888 548 2961 aetcnrisque
576 2885 714 2945 incendiis
740 2892 857 2962 propter
883 2885 1111 2962 desperationem

92 2975 193 3032 unius
214 2973 379 3050 deputatus.
422 2972 453 3031 Si
474 2976 597 3049 egissem
619 2975 823 3048 poenitentiam
857 2973 1018 3033 1111111111
1047 2975 1111 3033 111-

93 3069 159 3133 mm,
184 3077 233 3135 per
253 3077 381 3136 poenam
403 3060 591 3135 temporalem
613 3062 772 3119 evasissem
802 3066 960 3119 aeternam.
1002 3061 1112 3122 Retulit

94 3143 159 3204 uobis
177 3147 251 3206 idem
271 3147 378 3206 Abbas
399 3146 475 3204 aliud
496 3146 682 3221 miraculum,
714 3149 744 3204 in
773 3163 830 3222 quo
860 3147 956 3206 adhue
988 3149 1110 3225 amplius

95 3231 253 3294 nudiesmta
275 3241 320 3293 est
340 3237 430 3304 virtus
452 3233 647 3308 111111111111,
667 3235 697 3291 in
717 3233 795 3294 hunc
815 3235 944 3296 modum.

114 3532 139 3600 1]
153 3535 269 3592 BGmox
295 3542 417 3592 crimen
442 3540 629 3604 homicidii,
653 3539 809 3593 Perimen
836 3540 1007 3592 homicidii
1034 3556 1109 3592 mox.

159 3634 185 3646 -
203 3609 231 3676 2)
248 3609 332 3662 ABCD
351 3613 474 3663 ascitis.
495 3641 525 3652 —
546 3610 693 3679 a)11,23:
716 3619 777 3662 turn
805 3627 861 3678 pro
887 3609 1111 3678 magnitudine

158 3677 308 3743 miraculi,
333 3687 396 3731 tuni
421 3696 479 3748 pro
506 3681 717 3749 poenitentia
741 3681 882 3750 cognati.
903 3709 934 3719 ·-
954 3679 986 3745 l]
1005 3678 1067 3730 usn.
1087 3681 1111 3741 3,

161 3745 241 3796 11.-
267 3749 299 3816 5)
324 3747 363 3800 ΟΡ
389 3749 470 3803 latro
495 3751 704 3818 desperatus.
739 3749 831 3813 Latro,
857 3748 883 3800 id
901 3758 955 3811 est,
977 3748 1113 3799 homicida.

161 3811 244 3868 Eodem
260 3833 337 3870 sensu
353 3819 475 3874 barabbas
491 3821 557 3874 latro
576 3819 668 3870 dicitur
685 3819 751 3886 apud
769 3819 858 3871 lohan.
878 3819 921 3882 18,
938 3819 981 3869 10.
