2538 4314
401 252 458 314 DE
481 250 756 316 OONFESSIONE.
1041 255 1102 316 159

343 479 578 541 sarmarum
597 475 819 562 xxxvmnp

100 620 141 679 De
159 621 278 679 multare
299 621 468 695 iracunda,
498 638 576 696 quae
591 628 718 696 propter
739 619 949 697 confessionem
969 627 1073 682 saneto

145 707 312 766 Malachiae
332 707 451 782 factam
481 711 618 784 militans
638 711 749 767 meruit
769 707 1013 767 mansuetudinis.

124 860 362 923 MONAGHUSr
404 863 439 922 In
472 863 542 923 Vita
581 865 673 924 sancti
707 863 870 924 Malachiae
904 863 1100 925 Hiberniensis

70 948 196 1025 Episcopi,
217 953 268 1026 qui
289 945 472 1010 nostris'iuit
493 953 677 1026 temporibus,
699 953 801 1025 beatus
823 949 986 1010 Bernartius
996 949 1100 1011 Abbas

72 1034 239 1096 claraevallis
262 1038 381 1111 scribit,
412 1037 560 1096 mulierem
582 1038 728 1112 quandam
749 1041 789 1096 ita
810 1037 898 1097 luisse
918 1036 1098 1112 iracundam,

70 1128 97 1180 ut
113 1125 196 1182 animi
217 1127 279 1184 eius
301 1125 429 1183 furorem
450 1141 508 1183 non
529 1127 630 1200 ricini,
659 1142 718 1184 non
740 1127 868 1201 cognati,
896 1141 951 1184 nec
984 1123 1100 1200 quidem

69 1209 113 1285 ipsi
131 1209 179 1268 filii
205 1213 297 1286 ipsius
310 1207 328 1292 ¹)
350 1217 469 1286 possent
495 1213 642 1294 expauere.
685 1210 735 1271 Ad
763 1217 894 1270 sanctum
921 1210 1099 1270 Malachiam

68 1295 135 1356 illam
155 1297 311 1373 ducentes,
334 1304 364 1356 et
385 1300 590 1373 querimoniam
613 1298 648 1358 de
673 1315 707 1358 ea
727 1299 879 1373 iacientes,
906 1303 939 1356 ut
961 1301 1022 1358 eius
1044 1297 1100 1355 mi-

67 1391 196 1456 sereretur
216 1384 417 1461 deprecautur.
460 1384 598 1444 Hortatur
619 1387 664 1444 vir
686 1392 802 1444 sanctus
824 1386 957 1444 miseram
979 1382 1099 1444 adcon·

66 1469 216 1530 sessionem.
259 1471 350 1530 Paret
371 1470 428 1530 illa.
471 1471 598 1548 Iniungit
618 1474 831 1548 poenitentiam,
856 1478 919 1531 orat
939 1472 1045 1547 Deum,
1066 1475 1100 1531 ut

67 1558 213 1634 impatienti
234 1560 345 1617 tribuat
366 1560 540 1634 patientiam.
583 1558 621 1616 Et
649 1575 715 1618 ecce
741 1559 819 1618 facta
848 1565 891 1618 est
919 1575 1005 1635 super
1033 1575 1099 1618 earn

67 1647 174 1706 mutatio
200 1645 336 1704 dexterae
357 1645 471 1704 Excelsi
479 1641 510 1724 ²).
559 1645 684 1704 Tantam
706 1646 743 1705 ab
766 1645 815 1705 illa
835 1645 907 1705 hora
932 1646 1099 1722 patientiam

67 1736 91 1789 et
107 1731 342 1808 tranquillitatem
363 1737 481 1808 propter
504 1731 672 1790 confessoris
695 1735 739 1790 sui
767 1733 868 1792 merita
889 1732 1031 1791 Dominus
1059 1731 1100 1789 illi

68 1817 166 1895 tribuit,
197 1824 230 1878 ut
264 1835 341 1894 quae
379 1821 458 1894 prius
485 1828 584 1878 omnes
600 1835 777 1893 exasperare
809 1819 894 1879 solita
920 1819 986 1895 fuit,
1015 1817 1100 1878 nullis

70 1902 182 1982 tamus,
216 1907 281 1965 sive
313 1905 507 1980 contumeliis,
537 1905 671 1979 deinceps
680 1902 701 1985 ³)
730 1905 838 1964 turbari
868 1913 974 1981 posset.
1024 1905 1099 1964 Item

69 1991 276 2068 quodquidam
298 2009 335 2051 ex
356 1991 418 2051 sola
438 1991 495 2051 Dei
516 1991 711 2052 misericordia
739 1994 769 2050 in
799 1993 976 2052 consessione
998 1997 1099 2050 conte·

68 2085 168 2154 rautur,
197 2079 311 2138 dictum
333 2081 435 2138 estin
461 2078 588 2138 secunda
610 2077 789 2138 distinctione
811 2080 935 2154 capitulo
957 2077 1099 2153 secundo,

70 2161 98 2224 de
116 2166 258 2226 monacho
282 2171 431 2241 apostata,
452 2168 500 2241 qui
523 2165 580 2226 duo
602 2165 691 2224 millia
712 2183 850 2224 armorum
873 2165 1007 2242 ologitin
1028 2181 1099 2240 pur-

68 2255 175 2325 gatorio.
218 2250 426 2312 NOVICIUS:
449 2253 525 2329 Quia
545 2259 606 2311 tam
627 2252 775 2328 multiplex
797 2259 841 2312 est
859 2249 967 2312 fructus
985 2251 1099 2312 confes·

69 2339 163 2414 sionis,
183 2338 304 2399 videtur
323 2339 394 2396 mihi
414 2341 534 2414 iustum,
555 2345 588 2399 ut
609 2339 639 2396 hi
662 2342 711 2414 qui
732 2339 804 2399 alios
826 2338 932 2398 debent
952 2338 1098 2414 mundare,

70 2427 162 2503 stipsi
181 2429 240 2486 sint
261 2425 363 2486 mundi
384 2431 412 2485 et
433 2427 533 2486 sancti.
575 2423 984 2487 MONACHUSrAusoulta

374 2685 607 2748 CAPITULUM
634 2687 788 2747 XXXIX.

343 2827 445 2906 Qualis
467 2846 526 2888 ease
546 2826 650 2887 debeat
671 2827 828 2904 confessor.

127 2983 280 3046 Confessor
299 2989 333 3044 ut
352 2987 389 3047 sit
409 2985 570 3060 perfectus,
591 2983 679 3044 debet
700 3001 762 3044 esse
782 2987 951 3060 timoratus,
972 2982 1098 3060 prudeus

72 3069 247 3147 etliteratus,
270 3070 407 3130 discretus
430 3079 457 3132 et
478 3073 653 3147 misericors,
676 3072 822 3147 affabilis,
834 3079 951 3148 paratus
972 3070 1097 3131 volenti-

73 3155 120 3216 bus
139 3159 277 3219 confiteri.
319 3158 464 3234 Quantum
487 3157 588 3219 exinde
609 3159 678 3218 boni
698 3162 862 3234 proveniat,
895 3161 919 3218 si
947 3158 1020 3217 haee
1040 3158 1097 3219 ha·

73 3240 236 3320 beat31nali
256 3262 334 3322 vero,
355 3247 380 3306 ei
400 3247 441 3306 eis
462 3251 567 3328 eareat,
589 3245 720 3321 exempla
741 3248 821 3327 varia
842 3252 871 3305 te
893 3241 1054 3324 doceare).

90 3531 119 3599 ⁸]
133 3533 220 3586 llomil.
238 3533 278 3587 lll.
297 3552 322 3602 p.
341 3536 399 3619 10:¹³3.
433 3535 498 3589 Vide
523 3537 598 3588 etiarn
612 3526 642 3588 S.
660 3535 782 3588 chsrdi
805 3535 855 3586 Vit.
873 3535 898 3588 S.
917 3532 1022 3617 Malaeh.
1040 3550 1096 3605 cap.

134 3602 1097 3744 rra-ennometor-,aar‚aaustarem

136 3741 206 3794 abest
222 3759 237 3795 a
254 3743 323 3796 libris
340 3747 436 3797 excusis
454 3755 481 3798 et
498 3761 513 3796 a
531 3745 665 3808 mdical),
683 3747 710 3796 in
727 3747 750 3797 Α
767 3753 850 3798 autem
869 3743 979 3795 deletum
997 3751 1045 3808 est,
1061 3749 1097 3796 ito

135 3820 163 3863 ut
178 3828 211 3864 ue
227 3814 358 3884 vestigium
375 3815 476 3886 quidem
494 3815 582 3868 literae
600 3823 728 3883 appareat.
