2628 4310
435 230 490 291 DE
510 229 794 294 MORIENTIBUS.
1075 228 1137 292 2'75
1174 297 1178 302 ,

95 352 133 412 ab
164 367 199 412 eo
221 351 290 428 quid
311 351 368 412 hoo
390 358 467 416 esset
487 351 625 412 miraculi.
667 352 826 428 Postquam
848 357 946 413 autem
967 352 1022 418 sibi
1043 352 1140 412 reddi·

95 444 226 514 tuaest,
252 441 293 498 ita
315 439 409 500 dicere
431 455 549 500 exorsus
571 446 630 498 est:
658 439 715 500 Hie
749 456 802 517 ego
826 439 895 516 quid
915 438 1011 500 isoio?
1057 440 1140 500 Certe

95 525 142 586 hio
164 541 228 586 esse
250 525 317 586 nolo
329 523 356 606 ¹).
399 524 489 586 Modo
512 543 591 586 eram
611 529 684 586 inter
705 527 841 603 angelos,
871 526 1001 586 eoelestis
1022 525 1140 588 lmrmo·

94 614 160 672 niae
182 614 326 672 suavitate
349 611 542 687 demulcebat,
574 611 727 688 deputatus
750 630 829 673 eram
850 614 936 672 beato
957 613 1141 688 prothomar-

94 701 165 776 tyri,
198 698 306 776 gloriae
339 701 428 775 ipsius
461 715 577 758 oonsors
606 705 635 758 et
663 699 773 777 eollega
801 696 922 759 futurub.
970 699 1028 758 Hie
1058 715 1111 775 ego
1119 696 1140 779 ²)

95 785 164 862 quid
184 784 282 846 facio?
310 785 393 844 Certe
421 784 512 845 redire
541 785 617 846 volo.
660 786 731 844 Post
752 785 897 846 modicum
917 788 1020 844 iterum
1042 785 1142 846 tabula

94 871 214 948 pulsata¹
237 878 295 947 est,
324 879 354 930 et
380 871 499 932 feliciter
520 872 703 932 obdormiens
724 875 754 932 in
775 873 917 946 Domino,
944 879 978 932 ut
1000 872 1142 932 oredimus

16 1015 17 1024 .
94 975 152 1018 non
174 965 219 1018 est
233 957 382 1018 fraudatus
404 977 422 1019 a
444 958 584 1018 desiderio
605 953 659 1018 suo
668 956 698 1038 ³),
718 965 832 1034 partem
843 958 993 1018 habiturus
1013 961 1043 1016 in
1065 965 1141 1019 sorte

16 1043 17 1048 ’
94 1052 268 1106 sanatorum.
312 1045 398 1122 Quod
426 1052 524 1106 autem
551 1052 738 1122 praeostensa
763 1047 817 1105 sibi
838 1045 929 1123 gloria
950 1063 1082 1105 reversus
1104 1045 1141 1105 ad
1168 1097 1171 1102 r

16 1129 17 1206 j
94 1132 194 1192 boram
224 1135 329 1207 osnrit,
356 1134 386 1191 in
414 1131 470 1192 boo
496 1133 722 1208 pusillanimitati
749 1140 865 1192 nostrae
894 1132 1056 1191 consultum
1079 1149 1142 1192 esse

15 1219 17 1288 ᾗ
93 1235 152 1278 non
173 1219 362 1296 ambigimus,
391 1218 524 1284 videlieet
551 1226 584 1277 ut
605 1221 699 1277 minus
719 1219 857 1278 sollicitos
879 1218 1000 1279 devotos
1021 1219 1141 1293 sederet,

15 1377 17 1404 ι
95 1313 124 1366 et
144 1305 324 1382 proficientes
346 1305 447 1365 studiis
468 1305 634 1366 melioribus
652 1305 831 1365 accenderet.

454 1494 689 1556 corruptura
707 1465 777 1558 vu
805 1511 809 1522 ·

219 1617 269 1676 De
289 1635 430 1677 conuerso
451 1635 538 1676 caeco
559 1620 612 1693 qui
634 1617 750 1676 audivit
771 1617 892 1692 ampelos
914 1616 1014 1693 officie

435 1707 629 1780 exequiarum
650 1705 803 1779 ammplam.

15 1887 17 1896 ,
158 1826 193 1884 In
216 1825 318 1886 eadem
341 1825 426 1885 domo
450 1842 554 1886 eaeous
576 1825 693 1900 quidam
716 1841 871 1885 conversus
892 1825 960 1900 luit,
993 1828 1039 1885 cui
1060 1826 1142 1887 Deus

15 1943 18 1984 5
92 1915 235 1973 interioris
254 1913 377 1972 bominis
397 1913 495 1972 lumen
513 1913 640 1986 eontulit,
662 1912 768 1971 damna
789 1913 915 1988 corporis
938 1912 1054 1980 coelesti
1076 1931 1142 1972 mu-

93 2017 161 2060 nere
185 2006 372 2058 oommutans.
406 1999 505 2059 -Dedit
524 2001 598 2058 enim
622 2001 648 2058 ei
670 1998 781 2057 divinas
802 1999 901 2058 videre
922 2000 1063 2074 visiones,
1088 2001 1143 2059 ali-

14 2121 18 2160 2
94 2086 210 2164 quando
232 2087 351 2162 gloriam
374 2097 553 2161 sanctorum,
577 2085 740 2162 frequenter
761 2102 870 2161 poenas
892 2085 1046 2161 malorum,
1068 2090 1143 2146 assi-

14 2213 17 2248 ,
96 2173 153 2233 due
175 2176 269 2251 ipsum
292 2173 476 2248 daemonem,
502 2163 712 2232 flammivomos
734 2174 842 2248 ignium
864 2170 966 2249 globos
988 2181 1143 2232 eructuan-

96 2267 165 2320 tem.
206 2259 282 2319 Mira
310 2266 377 2320 sunt
405 2260 492 2335 haee,
520 2264 549 2319 et
577 2277 698 2319 munera
725 2258 791 2318 Dei.
840 2256 1018 2334 Frequenter
1046 2268 1143 2320 sutem

14 2387 17 2426 ᾗ
96 2350 204 2424 patitur
218 2346 392 2407 daemonum
406 2349 536 2406 incursus
558 2354 587 2406 et
609 2363 788 2423 congressus,
810 2348 849 2404 ita
864 2352 897 2404 ut
910 2348 965 2422 ipsi
985 2349 1144 2424 impingant

14 2457 16 2512 2
95 2438 124 2494 in
147 2450 230 2509 eum,
259 2441 289 2494 et
309 2435 371 2510 ipse
392 2433 440 2494 vel
460 2450 558 2510 pugno
580 2434 628 2494 vel
649 2432 754 2493 baoulo
776 2432 885 2510 affligat
906 2449 965 2492 eos.
1007 2434 1071 2493 Hos
1093 2453 1143 2494 as·

14 2563 16 2600 3
95 2521 189 2582 sultus
210 2523 271 2598 pati
292 2521 366 2580 solet
386 2522 415 2579 in
437 2521 566 2596 quolibet
586 2521 668 2595 loeo,
692 2520 785 2596 magis
806 2521 836 2578 in
858 2519 995 2595 ecelesia,
1019 2523 1143 2582 maxime

96 2615 228 2683 cumpro
242 2606 382 2666 desunotis
404 2615 475 2667 orat.
518 2607 563 2668 Ea
588 2613 758 2683 tempestate
781 2608 875 2682 eoepit
894 2609 949 2666 iste
970 2609 999 2666 in
1017 2611 1144 2684 exequiis

14 2737 16 2772 1
96 2695 296 2755 defunctorum
318 2693 416 2753 audire
438 2693 541 2754 ohoros
559 2695 726 2772 angelorum
748 2693 947 2770 psallentium,
968 2694 1055 2754 modo
1078 2713 1145 2756 oum

14 2849 15 2860 χ
98 2780 263 2852 monachis,
300 2779 386 2838 modo
417 2780 540 2840 divisim.
584 2781 657 2841 Oum
678 2787 776 2840 autem
804 2780 994 2840 efferebantur
1023 2798 1145 2858 corpora

14 2911 15 2916 ,
99 2865 290 2943 praecedente
309 2876 468 2940 conventu,
488 2869 644 2927 manebant
665 2867 761 2944 angeli
781 2869 810 2926 in
833 2866 937 2943 ohoro,
959 2871 1144 2944 exequiarum

100 2952 196 3012 officia
214 2951 399 3026 complentes.
442 2953 519 3012 Inter
540 2953 663 3013 Sanetus
681 2947 777 3015 autem
800 2959 828 3013 et
842 2953 1047 3014 Peter'noster
1068 2955 1144 3014 ines·

98 3039 201 3099 labiles
234 3038 349 3097 solebat
369 3038 467 3098 audire
487 3040 607 3116 iubilos,
629 3046 658 3100 et
679 3057 765 3116 supra
786 3040 943 3100 humanam
965 3045 1144 3101 aestimatio-

99 3143 168 3186 nem
204 3124 311 3185 duloes.
361 3125 443 3184 Haeo
472 3126 603 3186 eoelestis
633 3127 790 3186 modulatio
819 3134 885 3203 post
907 3127 1144 3209 depositionem)

100 3214 208 3274 domini
230 3211 328 3270 David
350 3212 460 3271 duloior
480 3217 509 3272 et
529 3216 622 3290 magis
636 3213 819 3291 intelligibilis
840 3214 1019 3275 audiebatur.
1046 3215 1143 3275 .Gon-

99 3303 166 3378 tigit
192 3299 357 3375 aliquando,
379 3299 525 3359 dominum
540 3299 687 3360 Abbatem
708 3301 914 3360 aedificationis
937 3319 1026 3361 eausa
1046 3305 1145 3362 venire

101 3387 140 3448 ad
162 3386 239 3448 huno
256 3402 385 3461 meeum,
406 3387 454 3462 qui
475 3388 802 3463 interoeteraaeoeptae
823 3387 1145 3470 gratiaebenefioium⁵)

101 3475 251 3536 oonlessus
274 3479 317 3532 est
331 3472 434 3532 ethos.
466 3471 626 3549 Diligenter
637 3480 734 3533 antem
743 3477 941 3550 praemonitus
963 3484 1008 3552 est
1029 3477 1065 3535 ab
1078 3473 1145 3536 Ab·

99 3563 169 3622 bate
186 3565 219 3620 ut
232 3559 346 3620 divinae
367 3561 476 3638 gratiae
493 3567 592 3637 gratim
615 3562 748 3636 existens,
770 3575 883 3621 omnem
901 3561 1058 3622 humanam
1078 3563 1144 3640 glo·

120 3731 151 3801 1)
169 3730 192 3784 B
210 3729 261 3780 add
278 3728 398 3781 Redire
416 3728 502 3782 volo.
522 3758 553 3769 ·—
568 3729 599 3798 2)
613 3727 676 3782 CFP
693 3745 780 3853 ergo.
800 3761 833 3769 —-
852 3732 883 3799 3)
901 3730 969 3783 Psal.
988 3733 1032 3797 77,
1049 3731 1092 3784 30.
1112 3761 1143 3774 -

171 3800 205 3867 4)
223 3799 350 3866 depositio
368 3799 492 3867 eorporis,
509 3814 585 3852 rnors.
605 3829 636 3839 -
650 3801 689 3869 ¹5)
706 3800 727 3853 B
750 3801 768 3853 p
786 3801 960 3852 beneficia.
