2622 4322
434 283 489 344 DE
511 282 774 346 matamorus.
1058 283 1119 344 209

439 491 673 553 CAPITULUM
700 492 766 552 XL.

122 613 160 671 De
179 613 411 686 sanctimoniali,
435 631 513 690 qaae
533 617 565 672 in
584 614 641 690 fide
662 612 800 673 dubitans
816 607 835 686 ¹)
859 618 887 672 et
908 613 1072 688 desperans,

354 703 389 759 io
410 699 565 759 Mosellam
586 719 615 760 se
631 703 848 777 praecipitauit.

144 853 219 914 Intra
238 872 354 931 paucos
376 871 489 916 meuses
511 855 654 932 quaedam
672 853 904 930 sanctimonialis,
923 853 1029 914 semina
1048 869 1118 930 pro·

96 945 180 1000 venae
200 945 321 1018 aetatis,
355 949 386 1002 et
412 960 537 1019 magnae
565 949 599 1001 ut
625 943 781 1018 putabatur
809 943 982 1015 sanctitatis,
1009 942 1117 1000 aritio

95 1029 208 1088 tristitiae
227 1031 258 1086 in
279 1035 396 1088 tantum
418 1036 462 1088 est
485 1028 609 1103 turbata,
630 1047 648 1088 a
669 1031 768 1105 spiritu
789 1027 993 1103 blasphemiae,
1014 1026 1118 1086 dubie-

94 1117 150 1173 tatis
169 1122 196 1173 et
210 1114 389 1175 diffidentiae
410 1115 483 1175 adeo
506 1123 620 1190 vexata,
641 1121 674 1174 ut
696 1115 811 1174 caderet
830 1117 859 1172 in
882 1113 1118 1189 desperationem.

93 1199 132 1259 De
150 1201 192 1260 his
219 1220 297 1278 quae
325 1203 364 1262 ab
388 1203 507 1262 infantia
528 1202 648 1262 credidit
669 1209 698 1261 et
719 1201 835 1262 eredere
858 1201 972 1276 debuit,
1001 1201 1117 1261 omnino

93 1286 209 1348 dubitare
231 1291 343 1366 coepit,
368 1307 421 1349 nec
442 1292 480 1349 ab
502 1290 599 1366 aliquo
620 1288 716 1348 induci
737 1291 837 1365 potuit,
858 1296 891 1347 ut
913 1287 1015 1348 divinis
1036 1303 1118 1347 com-

93 1377 236 1435 municaret
267 1379 487 1446 sacramentis.v
517 1376 612 1453 Quam
644 1394 710 1436 cum
736 1379 958 1452 interrogassent
991 1391 1117 1450 sorores,

92 1478 137 1520 nec
155 1479 211 1522 non
233 1469 264 1522 et
283 1465 380 1538 neptis
402 1465 461 1522 eius
479 1463 601 1522 carnalis
614 1459 649 1543 ²),
672 1481 723 1522 cur
742 1465 783 1522 ita
805 1468 881 1521 esset
893 1459 1048 1522 indurata?
1069 1478 1117 1522 re-

93 1548 212 1622 spondit:
244 1550 310 1626 Ego
333 1567 399 1608 sum
420 1549 456 1609 de
476 1551 614 1626 reprobis,
636 1548 672 1608 de
691 1550 746 1608 illis
768 1549 884 1624 scilicet,
906 1552 954 1625 qui
976 1549 1118 1608 damnan-

92 1633 116 1692 di
146 1642 218 1694 sunt
280 1635 416 1712 Quadam
457 1637 503 1696 die
544 1643 704 1697 commotus
731 1636 813 1696 Prior
849 1635 919 1694 dixit
952 1635 991 1696 ad
1022 1635 1116 1694 illam:

91 1719 179 1797 Soror,
206 1724 263 1782 nisi
284 1725 435 1798 resipiscas
457 1724 494 1782 ab
517 1725 573 1782 ista
592 1723 768 1798 infidelitate,
795 1740 861 1783 curn
882 1730 996 1782 mortua
1017 1722 1117 1798 tueris,

90 1809 231 1886 incampo
254 1815 284 1868 te
304 1809 410 1870 faciam
430 1809 552 1886 sepeliri.
595 1810 659 1886 Quo
688 1812 777 1870 verbo
810 1809 860 1869 illa
887 1809 985 1868 audito
998 1804 1019 1888 ³)
1047 1815 1117 1868 tuno

91 1897 176 1971 aaut,
196 1896 249 1956 sed
270 1898 394 1956 verbum
415 1898 630 1959 beneretinuit.
661 1896 717 1956 Die
740 1896 873 1972 quadam,
895 1915 960 1956 oum
974 1893 1116 1972 quaedam

91 1997 121 2039 ex
138 1983 282 2043 sororibus
314 1985 412 2042 nescio
442 2000 499 2060 quo
522 1989 618 2043 esseut
637 1985 744 2057 iturae,
765 1983 814 2042 illa
835 1983 957 2042 latenter
976 1988 1044 2058 post
1065 1998 1116 2042 eas

91 2070 176 2128 etiem
196 2070 235 2129 ad
256 2069 324 2128 litus
338 2070 487 2145 Mosellae,
507 2087 594 2146 super
606 2067 715 2150 quod⁴)
737 2073 825 2129 situm
847 2077 890 2129 est
903 2069 1116 2143 monasterium,
1203 2097 1206 2104 v

90 2157 171 2231 venit,
192 2163 222 2216 et
244 2174 311 2217 curn
332 2160 428 2233 navis,
450 2174 525 2233 quae
546 2173 657 2216 sorores
678 2157 827 2232 portabat,
848 2161 946 2216 amota
968 2160 1058 2230 esset,
1080 2155 1117 2216 do

91 2239 192 2324 litore⁵)
221 2246 252 2302 in
281 2244 402 2303 fluvium
430 2261 462 2304 se
489 2245 697 2320 praecipitavit.
749 2243 791 2302 Hi
817 2261 887 2303 vero
915 2245 965 2318 qui
992 2245 1022 2300 in
1049 2243 1117 2302 navi

91 2336 168 2404 erant,
181 2347 285 2390 sonum
294 2348 389 2406 aquae
399 2337 495 2390 motae
506 2331 662 2405 audientes,
673 2335 702 2389 et
710 2331 887 2406 respiciendo
895 2327 925 2410 ⁶),
940 2345 1043 2406 corpus
1055 2331 1116 2388 eius

92 2430 180 2475 ranem
206 2423 344 2494 putantes
352 2460 376 2492 ,s
390 2425 462 2476 nutu
490 2416 547 2477 Dei
578 2435 653 2476 unus
682 2434 856 2494 cognoscere
883 2417 984 2477 volens
1009 2418 1116 2497 certius

91 2503 150 2575 quid
170 2511 258 2579 esset,
287 2504 325 2564 ad
352 2504 449 2564 locum
477 2506 556 2564 ocius
586 2507 722 2579 cucurrit,
755 2511 784 2562 et
812 2511 845 2562 ut
864 2504 1012 2563 hominem
1031 2502 1115 2578 vidit,
1182 2517 1185 2528 ¹

90 2587 183 2650 flumen
202 2593 321 2651 intravit
341 2597 371 2651 et
390 2593 519 2650 extraxit:
562 2591 644 2650 Tunc
668 2591 879 2651 considerantes
907 2590 985 2664 quod
1012 2608 1115 2666 supra-

91 2672 157 2736 dicta
190 2678 263 2737 toret
289 2678 520 2753 sanctimonialis,
548 2680 607 2755 ianr
640 2694 714 2753 pene
742 2678 896 2751 suffocata,
927 2679 1015 2736 territi
1048 2681 1116 2736 sunt
1159 2724 1166 2757 ,

91 2775 192 2839 omnes,
213 2771 250 2824 et
280 2783 378 2825 curam
405 2767 432 2824 ei
459 2765 642 2839 adhibentes,
670 2771 824 2840 postquam
845 2781 951 2840 aquam
974 2765 1114 2839 evomrrit,

90 2852 115 2905 et
138 2849 212 2926 loqui
239 2855 349 2928 potuit,
381 2855 628 2928 interrogaverunt
657 2868 721 2910 eam
753 2851 894 2910 dicentes:
927 2851 1023 2928 Quare
1053 2857 1115 2910 tam
1212 2905 1215 2910 .

90 2936 229 2997 audeliter
251 2941 348 3016 egisti,
368 2938 473 2998 soror?
494 2937 655 3014 Respondit
675 2937 739 2997 illa:
768 2938 910 2996 Dominus
931 2940 998 3013 iste,
1026 2938 1115 3014 digito
1217 3005 1218 3010 η

88 3018 206 3083 Priorem
219 3025 371 3085 ostendens
381 3023 410 3105 ⁷),
431 3028 555 3086 minatus
569 3031 614 3084 est
624 3025 702 3099 mihi,
725 3027 792 3100 quie
811 3042 857 3084 me
871 3031 1013 3085 mortuam
1028 3041 1115 3100 sepe-

89 3105 134 3167 lire
161 3111 276 3171 deberet
301 3114 332 3172 in
360 3129 472 3188 campo.
524 3110 608 3172 Unde
639 3113 732 3188 magis
765 3112 838 3188 elegi
864 3114 1007 3188 gurgitem
1037 3111 1114 3170 hunc

90 3191 292 3270 supernatando
318 3199 505 3275 descendere,
534 3216 621 3275 quam
642 3198 798 3257 bestialiter
818 3201 849 3256 in
870 3215 972 3274 campo
993 3197 1114 3274 sepeliri.

90 3275 165 3342 Tunc
184 3284 221 3344 ad
241 3288 444 3346 monasterium
458 3286 537 3345 illam
558 3284 736 3359 reducentes,
758 3285 964 3362 diligentiorem
979 3287 1114 3344 eiousto-

92 3364 162 3428 diam
182 3372 377 3432 adhibuerunt
418 3349 496 3432 Eine
524 3379 632 3448 quanta
654 3371 767 3431 'malitia
794 3377 929 3430 nascatur
956 3371 992 3430 de
1024 3373 1114 3431 tristi·

92 3454 135 3512 tia
174 3457 290 3518 Femina
310 3461 366 3519 ista
386 3460 423 3519 ab
446 3460 565 3518 uitanda
586 3460 692 3518 nutrita
714 3461 808 3519 estin
828 3461 1008 3534 monasterio,
1031 3460 1113 3535 virgo

110 3637 174 3705 1)G
195 3641 364 3696 dubitavit.
387 3675 417 3684 -·
437 3645 469 3712 2)
493 3644 534 3697 ac
557 3653 674 3711 neptes
703 3647 773 3697 eius
803 3644 961 3697 carnales.
980 3674 1011 3685 -
1038 3644 1113 3713 ³)c

157 3710 264 3764 audito
282 3713 346 3765 illa.
363 3713 393 3778 ll,
411 3715 435 3765 2.
454 3730 479 3781 p.
498 3715 545 3766 59:
564 3713 655 3766 talibus
673 3715 791 3767 sacerdos
810 3713 909 3766 auditis.
923 3745 955 3753 -
973 3716 1005 3782 4)
1023 3714 1044 3766 Β
1062 3730 1111 3768 sn-

158 3793 211 3844 pra
235 3797 329 3849 quan.
358 3812 389 3823 -
417 3783 448 3851 5)
475 3783 538 3835 BGl)
565 3793 654 3835 esset
680 3801 695 3836 a
721 3785 832 3837 litore.
853 3814 883 3824 -
912 3783 980 3852 oJP
1006 3783 1112 3849 respi-

160 3849 281 3904 cientes.
293 3883 324 3918 .-
337 3851 399 3922 7)B
413 3852 643 3920 demonstrans,
657 3855 733 3919 ntlll,
742 3855 846 3919 31.vtt,
856 3853 897 3906 1s.
906 3854 949 3918 ΧΙ,
958 3853 1060 3914 satit
1068 3851 1111 3902 29.
