2538 4314
405 271 463 332 DE
486 269 762 334 OONTRI'I'IONE.
1063 271 1104 334 89

84 397 221 452 constanter
240 395 394 470 promisit,
427 395 572 470 quiahoc
595 396 621 454 ei
642 397 793 456 obtineret.
835 393 980 454 Reversus
1001 410 1104 455 mona·

83 479 139 538 elne
156 480 190 538 ad
210 481 373 540 clausuum
395 499 491 557 suum,
512 484 635 558 gratiam
656 484 825 557 promissam
847 487 925 542 stans
946 481 1104 559 advigllias

81 569 240 643 exspectavit,
262 571 347 628 etin
372 567 484 628 eudem
504 569 638 628 noctibus
659 586 711 644 per
732 569 873 628 orationes
894 575 1011 630 sauctae
1028 568 1104 628 illius

79 654 183 714 unleds
203 673 222 714 a
241 655 379 715 Domino
403 658 518 732 copiose
539 657 667 731 percepit
681 652 707 735 ¹).
748 654 803 716 Illa
823 673 875 732 per
906 657 1037 731 spiritum
1057 659 1104 714 in·

79 738 187 817 telligens
207 759 239 802 se
261 742 448 817 exauditam,
468 743 561 804 eidem
582 743 723 803 monacho
744 759 796 818 per
817 742 960 818 quendam
971 742 1104 804 clericum

77 827 221 888 iauibmem
241 830 413 902 mandavit,
436 835 465 888 et
485 833 554 907 quia
573 831 632 888 iam
652 831 774 906 gratiam
795 831 968 905 percepisset
979 831 1103 905 promis-

76 929 126 972 sau
143 918 293 976 intimavit.
342 916 421 976 Cum
442 933 510 976 vero
531 915 635 976 Abbas
657 916 785 975 eiusdem
807 915 908 976 domus
927 915 1103 978 iamdictam

75 1003 177 1076 gratiam
195 1021 250 1078 pro
273 1003 484 1064 aedificatione
505 1002 608 1064 clerico
629 1004 770 1077 recitaret,
791 1003 907 1062 subrisit
920 1002 976 1078 ille,
997 1002 1103 1079 dicens,

74 1104 99 1146 ee
116 1104 146 1148 eo
165 1089 257 1150 multo
280 1090 393 1150 melius
414 1092 504 1165 seue,
524 1095 626 1166 utpote
648 1091 696 1166 qui
717 1090 756 1149 ab
776 1092 841 1165 ipsa
861 1089 996 1164 audierit,
1028 1107 1103 1166 quae

73 1173 145 1234 talem
168 1179 296 1253 gratiam
332 1179 490 1253 impetrare
517 1179 620 1253 potus
668 1177 812 1236 Recitavit
836 1177 921 1238 nobis
954 1183 983 1236 et
1013 1176 1104 1238 simile

73 1259 127 1320 buic
145 1263 219 1322 idem
240 1263 371 1338 Abbas,
400 1264 431 1320 in
459 1281 512 1322 sua
540 1261 672 1344 sancta²)
693 1262 869 1322 iocunditate
898 1263 1009 1323 dicens:
1041 1259 1119 1324 Vos'

72 1363 118 1408 non
137 1352 201 1409 estis
223 1353 334 1426 sancti,
357 1366 414 1428 ego
436 1349 543 1426 aliquid
564 1350 685 1410 referam
705 1351 789 1410 vobis
811 1349 848 1409 de
868 1353 1020 1411 saucb'tate
1029 1367 1103 1426 mes,

71 1436 273 1514 sicincipiens:

435 1555 666 1618 CAPITULUM
685 1557 759 1617 XX.

87 1657 154 1720 Item
173 1661 210 1720 da
229 1661 363 1737 famata,
386 1679 466 1736 qococ
486 1663 607 1722 ἀοηιίιιο
634 1663 766 1722 Waltcro
787 1660 898 1722 Abbati
925 1663 1082 1723 Viles-tensi

199 1751 384 1824 inpetravit
405 1766 427 1806 a
446 1749 579 1808 Danao
600 1752 731 1824 matiam
755 1750 963 1822 tetrametram.

123 1865 194 1928 Cum
213 1869 431 1930 intellexissem
452 1869 645 1945 supradictum
666 1869 841 1930 monachum
872 1871 994 1947 gratiam
1023 1867 1103 1930 illam

69 1949 237 2017 lacrimarum
259 1959 432 2034 percepisse
454 1974 472 2016 a
499 1958 605 2017 femina
634 1953 718 2038 tall⁸)
739 1958 886 2034 religiosa,
915 1959 1016 2034 rogavi
1036 1955 1104 2016 Ab-

68 2038 152 2102 batem
173 2061 286 2118 meum,
312 2049 384 2102 tune
406 2050 535 2103 recenter
554 2043 646 2103 laetus
667 2044 840 2118 monachus,
861 2049 895 2101 ut
915 2043 1012 2103 liceret
1033 2043 1103 2102 mihi

70 2125 131 2188 ales
156 2133 279 2190 visitare
315 2129 446 2189 feminas.
487 2129 526 2190 Et
558 2133 698 2191 concessit
728 2131 797 2189 mihi
829 2133 933 2189 statim.
975 2130 1112 2190 Veniens·

70 2213 153 2290 ltaque
181 2218 221 2277 sd
257 2217 383 2277 domum
412 2218 559 2276 cuiusdam
586 2217 724 2278 honestae
755 2223 902 2277 matronae
929 2217 1103 2277 Brabantiae

70 2295 222 2378 hospitandi
244 2305 360 2382 gratia3
394 2319 460 2363 cum
486 2303 670 2385 intellexisset
701 2304 871 2364 desiderium
892 2321 1000 2380 meum,
1033 2304 1121 2363 dixit.

70 2387 129 2447 uni
148 2393 178 2450 in
198 2394 289 2452 ioco:
321 2390 398 2467 Quid
419 2394 552 2466 quaeritis
573 2390 670 2456 videre
698 2394 768 2453 istas
788 2385 983 2472 begginas‘)?
1025 2389 1103 2452 Vul-

70 2474 107 2548 tis,
126 2493 178 2554 ego
201 2477 363 2539 ostendam
384 2478 467 2538 vobis
488 2478 636 2538 mulierem
656 2479 774 2553 bonam,
796 2495 870 2554 quae
884 2477 1102 2554 quicquidvult,

70 2560 169 2624 obtinet
179 2561 200 2645 ⁵)
224 2583 245 2626 a
268 2564 348 2624 Deo.
390 2564 551 2642 Respondi:
580 2565 681 2624 Talem
702 2565 823 2624 multum
843 2563 940 2624 videre
963 2546 1102 2624 desidero.

70 2644 102 2705 Et
118 2655 214 2712 statim
237 2651 425 2712 adverbum
446 2653 506 2711 eius
534 2651 635 2711 mulier
666 2651 808 2727 quaedam
837 2651 873 2712 de
895 2651 1025 2712 cubiculo
1048 2669 1101 2711 suo

71 2749 189 2814 egressa,
211 2741 340 2799 veniens
361 2737 400 2796 ad
420 2755 481 2814 mc,
510 2740 604 2815 coepit
623 2755 737 2799 meeum
757 2737 845 2816 loqui.
886 2738 922 2798 In
944 2741 1024 2800 edus
1046 2738 1101 2799 sd-

46 2829 163 2900 ¹ventu,
197 2823 270 2886 'cum
298 2825 370 2884 mihi
396 2828 530 2885 sentirem
550 2829 671 2903 gratiam
692 2825 808 2901 adesse,
836 2829 936 2903 rogavi
957 2843 1036 2902 eam,
1068 2833 1102 2887 nt

71 2918 154 2969 cruet
173 2929 229 2988 pro
253 2929 312 2971 me.
356 2911 438 2987 Quae
461 2917 527 2972 cum
547 2911 667 2973 diceret:
691 2911 766 2992 Quid
787 2912 872 2972 vultis
893 2919 926 2972 ut
947 2929 1027 2972 orem
1046 2929 1099 2988 pro

71 2995 162 3056 vobis?
190 2997 346 3076 respondi:
374 2997 415 3058 Ut
441 3001 550 3074 possim
579 2997 683 3059 deflere
708 3005 829 3076 peecata
856 3017 930 3060 mea.
972 2999 1011 3059 Et
1035 2999 1100 3061 illa:

71 3077 207 3160 Numquid
236 3103 298 3147 nnn
328 3087 395 3144 estis
423 3083 602 3146 monachus?
645 3086 701 3162 Qut
732 3093 852 3163 peccata
879 3103 932 3146 sua
952 3103 1010 3146 non
1031 3094 1100 3163 pot-

72 3175 109 3227 est
133 3171 255 3249 deflere,
288 3172 447 3232 monachus
482 3189 540 3232 non
569 3177 620 3233 est.
672 3173 711 3232 Et
742 3191 809 3233 eum
828 3176 974 3250 instarem,
996 3181 1099 3249 quata-

71 3269 118 3314 nns
136 3260 207 3318 mihi
226 3261 353 3338 gratiam
373 3259 448 3319 hanc
471 3261 625 3334 obtineret,
645 3259 807 3336 respondit:
837 3259 897 3336 Ite,
919 3260 1099 3322 abundanter

72 3337 215 3406 habebitis.
265 3347 402 3406 Proxima
433 3353 517 3406 nocte
550 3363 635 3406 orans
672 3353 738 3406 aute
764 3347 870 3406 lectum
898 3365 1010 3423 meum,
1032 3365 1099 3408 cum

74 3425 104 3486 de
135 3436 263 3508 peccatis
300 3435 373 3492 meis
404 3435 571 3510 cogitarem,
604 3449 658 3493 nec
686 3441 783 3493 tamen
816 3435 940 3494 mulieris
974 3438 1097 3510 promis-

74 3529 130 3575 sum
149 3513 288 3600 munus⁶)
311 3519 496 3596 attenderem,
518 3523 600 3596 coepi
619 3523 660 3580 ita
680 3520 860 3580 abundanter
881 3528 909 3581 et
929 3539 1016 3598 supra
1031 3539 1097 3582 mc-

90 3631 323 3699 uetuerimne
340 3638 501 3703 percepit3
518 3637 594 3706 paulo
612 3645 670 3705 post
687 3637 707 3690 G
724 3652 926 3706 cognoscens
953 3653 994 3691 se.
1014 3667 1044 3677 -
1064 3638 1097 3706 2)

135 3715 245 3758 sancta
263 3719 307 3756 om
326 3703 351 3756 C.
370 3735 400 3745 -
424 3706 455 3774 3)
473 3705 494 3760 0
511 3708 700 3774 percepisse
717 3707 923 3760 lacrimarum
941 3724 957 3759 a
973 3708 1097 3761 talite-

135 3775 224 3827 mina.
243 3803 279 3814 -
298 3773 333 3839 t)
349 3773 386 3848 ΒΡ
403 3775 553 3846 beginas,
578 3775 783 3847 Gbngbiuas.
802 3807 833 3818 —
852 3777 884 3847 5)
902 3778 922 3832 B
940 3776 1095 3831 obtineat.

136 3871 166 3883 -
186 3846 216 3914 fi)
233 3842 279 3897 ΒΡ
296 3843 401 3896 minus.
963 3894 965 3897 ,
