2594 4302
461 229 517 312 n'u
542 249 772 313 sunrcuma
1074 252 1134 311 rm

92 375 200 434 iterum
221 372 347 449 minuas3
375 372 448 433 torte
476 373 624 434 subtracta
642 375 772 450 recipies.
815 371 902 450 Quod
924 371 1137 448 coniecisset,

89 462 243 522 seleutiam
268 461 417 537 pristinam
445 463 561 537 recepit.
604 462 632 519 A
654 461 787 520 Detumo
807 459 926 537 factum
947 466 990 518 est
1010 460 1092 519 istud
1101 457 1136 533 ι),

89 549 169 608 sieut
190 547 442 625 etpraeoedentia,
464 553 492 608 ct
514 547 704 607 admirabile
724 550 758 606 lo
779 547 871 606 oraclis
885 544 1033 624 metrisss.
1064 545 1137 605 Allis

90 638 181 696 etiarn
201 651 254 712 per
275 633 347 695 alios
367 634 512 694 Dominus
533 635 632 694 tribuit
652 635 775 712 gratiam
796 635 959 694 sanitatum.

470 822 704 886 CAPITULUM
725 821 765 885 V.

117 948 167 1010 Dc
188 963 330 1008 bonomo
351 945 548 1008 Isboebeccuei
568 949 654 1006 asim
675 952 759 1008 tadu
779 946 890 1022 bsfiroe'
909 944 1108 1006 emebantur.

156 1083 191 1143 In
219 1083 392 1145 Eberbaobo
423 1102 579 1146 conversus
608 1081 725 1161 quidam
754 1085 877 1159 exstitit,
905 1079 992 1143 homo
1014 1081 1136 1159 simplex

89 1177 121 1232 et
134 1172 238 1247 bonus,
260 1175 363 1233 aetatis
378 1170 549 1248 decrepitae.
591 1170 669 1231 Huic
686 1170 828 1231 Dominus
845 1177 955 1230 tantam
977 1169 1137 1230 contulerat

88 1261 222 1337 gratiam,
247 1264 280 1317 ut
300 1265 381 1318 tactu
401 1275 505 1319 manus
527 1260 588 1319 elus
611 1257 742 1318 diversae
762 1257 941 1317 infirmitates
962 1257 1136 1334 fugarentur.

88 1345 178 1423 Quod
198 1346 249 1405 ubi
271 1335 467 1406 saeer'rlaribus
489 1351 668 1421 compertum
689 1352 747 1419 ast,
770 1363 806 1405 ex
827 1351 948 1420 utroque
971 1361 1051 1420 sexu,
1074 1349 1135 1402 tam

88 1431 194 1492 divites
208 1449 296 1509 quam
313 1449 464 1509 pauperes,
484 1433 579 1508 gratia
599 1434 755 1491 sanitatum
776 1431 814 1491 ad
836 1433 1042 1491 monasterium
1063 1446 1135 1491 con·

87 1519 228 1594 fluentes,
255 1520 391 1579 virtutem
418 1519 625 1579 benedictionis
654 1521 715 1579 sius
743 1523 904 1578 senserunt
944 1517 990 1577 Ex
1012 1533 1135 1594 quorum

90 1623 231 1667 concursu
253 1605 354 1666 videns
371 1604 474 1666 Abbas
494 1606 614 1666 iratrrrm
628 1607 755 1683 quietem
769 1605 878 1665 turbari
889 1601 907 1686 ¹)
924 1611 953 1664 et
966 1604 1084 1664 domum
1104 1604 1135 1662 in

89 1693 223 1768 expensis
244 1709 303 1752 non
317 1692 464 1752 modicum
482 1694 604 1770 gravari,
626 1692 719 1752 eidem
741 1708 880 1752 converso
902 1708 939 1750 ne
961 1691 1047 1751 alicui
1067 1706 1135 1751 sae·

88 1778 180 1840 cularl
209 1779 245 1840 de
272 1786 368 1840 cetero
390 1795 492 1840 manus
513 1783 674 1855 imponeret
694 1781 849 1856 praecepit
891 1777 931 1838 Et
953 1779 1077 1838 cessavit
1099 1793 1134 1837 ex

87 1865 140 1926 illa
166 1865 240 1926 bora
270 1869 300 1926 in
328 1882 363 1926 eo
392 1868 482 1925 virtus
511 1865 724 1926 miraculorum.
773 1863 857 1924 Haec
886 1863 956 1924 mihi
984 1871 1051 1924 ante
1077 1863 1134 1923 hoc

86 1953 238 2014 biennium
260 1969 325 2014 eum
348 1969 441 2013 essem
462 1953 492 2011 in
507 1953 688 2028 Eberbacho,
710 1969 729 2012 a
750 1951 898 2012 monachis
919 1954 1038 2012 recitata
1059 1957 1135 2010 sunt.

86 2037 154 2116 Ego
176 2057 246 2099 vero
267 2041 362 2099 virum
384 2046 516 2100 sanetum
538 2039 610 2114 adii,
632 2046 662 2100 et
683 2056 749 2099 cum
769 2057 917 2116 rogassem
939 2055 1006 2098 eum
1026 2045 1059 2098 ut
1079 2054 1133 2116 pro

87 2144 137 2187 me
159 2133 261 2202 oraret,
283 2126 448 2204 simpliciter
469 2125 632 2203 respoudit:
655 2125 789 2204 Quotidie
811 2143 862 2186 oro
883 2143 936 2203 pro
958 2130 1004 2201 te,
1030 2132 1061 2185 et
1079 2141 1132 2203 pro

88 2219 151 2274 toto
180 2212 297 2274 mundo.
346 2212 553 2274 NOVIOIUS:
593 2213 706 2290 Quibus
738 2211 874 2291 operibus
901 2219 1027 2272 meretur
1052 2217 1134 2272 muta

87 2299 205 2382 gratia?
247 2299 486 2363 MONAOHUS:
511 2299 653 2379 Exemplo
673 2317 732 2362 non
753 2297 849 2361 verbis
870 2297 1051 2378 respondebo
1072 2297 1133 2358 tibi.

459 2489 695 2555 CAPITULUM
715 2491 770 2554 VI.

84 2615 135 2676 De
153 2614 302 2674 ιιιοιιαοιιο
316 2621 516 2692 coemptura
531 2615 739 2691 wosporulisou
762 2617 847 2674 adso
868 2620 952 2674 tauto
972 2617 1132 2674 mames·

385 2709 486 2762 toraca
506 2703 617 2778 induri
636 2700 840 2762 emebamus..

150 2836 262 2899 Retulit
282 2840 366 2900 nobis
386 2858 478 2919 nuper
494 2838 598 2902 Abbas
620 2841 738 2918 quidam
760 2840 865 2902 ordinis
885 2842 976 2902 nostri
997 2839 1033 2900 de
1055 2857 1131 2916 quo·

86 2925 156 2987 dam
185 2926 344 3002 monacho,
373 2931 419 2987 eui
445 2933 527 2988 tanta
547 2946 567 2988 a
587 2927 714 2988 Domino
735 2945 874 2989 concessa
895 2934 940 2988 ast
960 2929 1068 3006 gratia,
1097 2934 1131 2988 ut

85 3016 193 3074 virtute
208 3015 444 3074 vestimentorum
458 3016 520 3074 eius
541 3014 623 3075 multi
644 3005 827 3076 sanarentur.'
863 3014 967 3092 Saepe,
987 3017 1013 3075 si
1033 3020 1130 3076 tamen

86 3099 184 3163 adhuc
205 3101 293 3176 vivit,
322 3099 391 3159 dum
411 3100 512 3160 iratrm
532 3107 629 3162 vestes
651 3103 713 3161 eius
734 3102 873 3178 iuduunt,
893 3101 942 3162 vel
963 3101 1076 3178 cingulo
1098 3119 1130 3162 se

86 3190 222 3264 cingunt,
249 3192 396 3248 sanantur.
439 3187 526 3264 Quod
554 3206 621 3249 curn
645 3194 773 3265 ternpore
796 3189 923 3266 quodam
943 3187 1047 3249 Abbas
1069 3187 1130 3249 eius

85 3274 311 3350 considerasset,
339 3291 394 3334 uec
422 3273 530 3350 aliquid
558 3273 743 3351 specialitatis
771 3277 801 3334 in
821 3272 900 3357 illo³)
922 3275 1059 3350 vidisset,
1084 3274 1130 3335 his

83 3362 183 3424 verbis
212 3378 279 3422 eum
307 3363 444 3422 seoretius
472 3361 613 3421 allocutus
643 3368 702 3422 est:
728 3361 785 3422 Dic
814 3363 884 3422 mibi
906 3363 959 3438 lili,
988 3369 1130 3438 quaeest

84 3467 176 3513 eausa
189 3455 334 3521 tantorum
351 3447 573 3508 miraculorum?
615 3447 778 3524 Respondit
795 3450 856 3511 ille:
878 3449 982 3510 Nescio
1006 3448 1129 3510 domine.

82 3539 151 3599 Non
177 3535 244 3613 plus
272 3537 375 3608 celeus
402 3535 537 3595 ramnus
565 3552 634 3611 oro,
661 3552 721 3596 non
747 3536 813 3613 plus
841 3539 953 3613 ieiuno,
984 3553 1042 3595 non
1063 3535 1134 3611 plus·

83 3623 188 3706 vigilo,
215 3639 275 3683 ιιοιι
302 3623 368 3701 plus
390 3622 504 3700 labor03
533 3622 585 3683 sed
606 3639 696 3683 unum
717 3625 794 3700 scio,
823 3624 901 3701 qnod
922 3639 970 3684 mc
991 3621 1132 3683 extollere

102 3827 135 3898 ι)
151 3825 198 3882 ιιι
215 3824 307 3880 illud.
326 3856 357 3869 -
376 3827 410 3898 a)
427 3805 492 3882 ιιιι.
511 3827 572 3896 ιιι,
589 3825 637 3882 ιι.
652 3855 683 3870 -
701 3827 737 3898 ι)
751 3825 821 3882 sos
836 3828 936 3880 rasa
