2594 4302
360 286 421 348 Du*
438 285 622 350 CORPORE
643 288 812 351 CHRISTI.
1054 289 1115 350 187

82 409 155 469 sicut
181 405 251 468 mibi
278 406 385 484 retulit,
414 409 550 469 orationis
569 411 744 486 praemissae
764 410 962 485 remirriscerre,
983 426 1050 472 cum
1069 413 1117 472 in·

80 502 122 555 tra
132 512 164 555 se
180 491 294 570 diceret,
315 495 460 572 quomodo
474 499 596 572 pertinet
616 495 655 555 ad
673 503 780 558 statum
794 504 877 556 tunm
887 498 959 556 visio
972 497 1038 557 fotri
1058 497 1117 558 bn·

77 577 152 641 milis
162 577 202 662 ¹)?
229 581 277 642 ille
298 584 396 642 statim
416 585 591 659 superiorem
612 581 726 644 thecam
747 586 828 644 cuius
850 600 988 644 cacumen
1008 586 1041 644 iu
1059 601 1117 644 no-

79 669 148 728 dum
169 667 326 744 desinebat,
347 686 436 729 manu
456 669 620 746 suspendit,
641 677 670 730 et
690 686 758 730 ecce
779 666 885 750 videt²)
907 672 1032 746 pixidem
1050 671 1118 732 Do·

78 756 174 815 minici
196 758 337 832 corporis,
369 755 492 816 cathena
512 773 600 816 aurea
622 773 658 816 ex
679 756 781 818 eodem
800 757 877 818 nodo
899 757 1117 834 dependentem

76 843 181 918 Sicque
213 844 283 902 visio
307 841 452 918 disparuit.
495 842 534 902 Et
560 846 696 920 cognovit
715 843 798 903 Prior
819 859 922 921 corpus
943 844 1031 905 fuisse
1050 842 1117 906 Do·

77 929 228 1003 minicum,
264 929 341 1007 quod
369 932 471 1008 iugiter
506 931 536 988 in
563 929 650 990 theca
677 932 722 990 sui
752 929 844 993 cordis
871 947 924 1008 per
949 933 1118 991 memoriam

77 1015 256 1076 cneumterre
278 1019 440 1092 consuevit,
466 1033 584 1092 sperans
606 1035 642 1077 cx
663 1016 720 1078 boc
740 1034 825 1077 sunm
847 1022 955 1078 statum
975 1017 1005 1076 in
1026 1017 1118 1078 oculis

75 1101 194 1161 Domini
229 1104 322 1163 minus
355 1119 419 1164 esse
451 1101 627 1180 despectum.
681 1102 829 1181 Quantum
859 1106 889 1163 in
919 1103 1118 1166 sacerdotibus

76 1188 164 1266 digne
185 1188 394 1250 celebrantibus
415 1193 508 1267 gretia
528 1183 683 1266 ascendat
696 1196 727 1252 et
746 1193 848 1252 merita
869 1198 1008 1268 mutant,
1027 1192 1117 1254 rislo·

76 1293 128 1336 nes
149 1277 298 1338 subnexae
319 1276 474 1342 declarant.
587 1291 590 1296 '

417 1481 654 1546 CAPITULUM
671 1481 777 1556 XXX.

131 1606 180 1666 De
199 1605 350 1668 anecdota
370 1611 423 1683 pur·
442 1607 527 1684 infru
548 1625 692 1668 moenera
713 1627 734 1667 c
756 1615 838 1668 wera
866 1608 1065 1686 capacitas.

142 1745 217 1806 Nori
246 1746 390 1822 quendam
417 1743 596 1806 sacerdotem
618 1745 725 1806 ordinis
745 1750 847 1821 nostri,
874 1747 924 1824 qul
951 1743 1028 1808 hunc
1047 1763 1119 1825 gra·-

76 1831 147 1893 dam
175 1833 287 1910 accepit
314 1832 495 1908 aDomino,
523 1840 557 1891 ut
585 1835 717 1908 quotiens
738 1851 804 1894 enm
826 1831 979 1897 devotione
1000 1835 1119 1894 missam

78 1917 220 1996 celebrat,
240 1937 293 1997 per
312 1925 405 1980 totum
427 1932 568 1982 canonem
589 1937 681 1996 usque
702 1920 741 1979 od
762 1921 932 1981 sacramenti
953 1923 1119 1998 perceptio-

76 2003 190 2088 uem'),
217 2009 248 2065 in
276 2021 343 2072 aere
372 2005 411 2066 ad
431 2023 595 2066 mensuram
615 2005 698 2084 pedis
720 2007 804 2067 unius
826 2025 857 2070 se
879 2011 955 2068 stare
975 2000 1119 2090 sentiat‘).

77 2091 140 2154 lieo
154 2095 266 2153 mdum.
308 2091 434 2154 Devotlo
450 2093 525 2153 enim
536 2095 622 2170 ignea
638 2101 691 2169 est,
713 2099 742 2155 et
753 2109 866 2172 semper
878 2095 977 2154 nititur
996 2111 1119 2154 sursum.

40 2206 41 2209 ¹
79 2179 142 2240 Nec
169 2180 378 2258 magnipendo,
410 2181 434 2240 si
463 2180 636 2256 quandoque
657 2181 712 2240 sibi
741 2181 867 2242 attrahat
887 2197 972 2242 suum
995 2181 1119 2242 exterius

80 2263 262 2327 domicilium.
308 2265 431 2327 lnterior
458 2283 526 2327 vero
556 2270 617 2326 eius
645 2285 713 2328 casa
741 2271 802 2329 sive
833 2267 1008 2328 domicilium
1036 2283 1119 2328 mens

79 2360 131 2414 est
163 2353 197 2413 In
219 2371 277 2431 qua
297 2358 437 2415 maiorem
457 2353 546 2414 habet
562 2359 744 2431 potestatem,
766 2357 833 2431 quia
854 2353 933 2416 illam
953 2356 983 2415 in
1005 2353 1118 2415 coelum

77 2439 219 2502 sublevat.
270 2439 400 2518 Cumque
430 2447 541 2501 tantam
568 2446 690 2519 gratiam
711 2441 748 2502 ab
776 2438 833 2503 alio
862 2439 988 2519 quodam
1019 2457 1119 2503 sucer-

78 2527 145 2588 dote
179 2529 240 2588 eius
268 2531 440 2589 amicissimo
469 2529 686 2605 comperissem,
715 2532 788 2589 scire
822 2527 922 2591 volens
951 2529 1118 2604 veritatem,

76 2632 135 2674 non
163 2615 274 2692 absque
301 2617 403 2677 timore
430 2615 468 2675 ab
497 2618 560 2692 ipso
583 2619 664 2692 coepi
693 2616 830 2676 sciscitari
859 2629 933 2693 quae
961 2615 1118 2675 audieram.

76 2701 135 2780 Qui
164 2704 262 2762 statim
289 2703 395 2764 rubore
420 2701 566 2779 perfusus,
594 2721 660 2763 cum
681 2718 729 2763 me
751 2700 924 2763 confundere
944 2702 1049 2778 nollet,
1076 2703 1118 2762 ita

77 2805 142 2849 esse
164 2789 312 2848 confessus
333 2796 385 2850 est
407 2788 530 2865 Quando
543 2789 709 2851 festinanter
731 2797 760 2849 et
781 2793 842 2850 sine
865 2789 1016 2852 devotione
1039 2787 1117 2850 cele·

77 2873 159 2949 brat,
186 2873 234 2935 rel
263 2875 378 2950 qnando
409 2879 528 2952 strepitu
551 2879 792 2937 circumstantium
813 2877 978 2954 impeditur,
1001 2875 1118 2952 praedi-

77 2965 125 3021 cta
147 2959 174 3020 ei
193 2961 286 3037 gratia
307 2959 491 3020 subtrahitur
532 2961 736 3024 NOVIOIUS:
764 2963 911 3040 Quantum
921 2981 957 3024 ex
978 2962 1024 3022 lus
1034 2961 1118 3024 collr

75 3061 124 3124 go,
134 3063 278 3106 summum
292 3046 434 3108 silentium
445 3049 602 3108 sacerdotis
612 3049 747 3111 devotio·
738 3067 768 3108 m
778 3053 883 3112 missae
896 3051 1007 3112 silentio
1018 3049 1117 3126 requi-

75 3135 120 3192 rit.
164 3131 399 3196 MONAOHUS:
421 3133 531 3195 Verum
545 3135 623 3195 dicis.
666 3136 697 3196 Si
719 3138 853 3198 sacerdos
872 3135 973 3216 legalis
983 3145 1117 3200 oraturus

74 3235 129 3298 pro
151 3221 244 3281 salute
264 3221 363 3299 populi
384 3217 461 3282 solus
481 3223 624 3282 intravit
616 3241 646 3282 m
668 3227 953 3300 sanctasanctorum,
975 3229 1004 3284 ct
1024 3223 1117 3284 omnis

73 3309 215 3386 populus,
251 3311 325 3369 sicut
354 3305 390 3368 de
418 3307 559 3369 Zacharia
585 3305 689 3386 legitor
698 3305 734 3391 ⁵),
762 3318 824 3370 erat
849 3309 916 3371 ioris
946 3314 1116 3387 exspectans

73 3397 147 3457 hora
179 3397 303 3471 incensi,
333 3413 370 3456 ne
403 3401 531 3455 orantem
559 3394 722 3472 impediret:
755 3401 956 3478 quantomagis
981 3397 1116 3459 sacerdos

72 3483 184 3562 gratiae
213 3485 261 3560 qui
289 3486 347 3544 iam
375 3498 434 3542 non
462 3483 644 3560 corruptibile
664 3501 716 3561 pro
745 3499 804 3544 una
824 3493 909 3564 gente
930 3485 1115 3562 sacrificium,

72 3569 126 3634 sed
153 3573 207 3649 pro
229 3573 316 3632 totius
337 3567 438 3630 mundi
459 3570 551 3632 salute
572 3569 651 3631 Patri
673 3571 756 3632 offert
775 3567 895 3684 Filium,
922 3589 1064 3632 summam
1084 3573 1114 3632 in

92 3795 126 3866 1)
142 3793 204 3846 BCP
222 3793 329 3858 haiim
346 3807 406 3848 mox
423 3793 445 3848 C
462 3793 529 3847 itta
547 3809 626 3848 uero
642 3793 764 3846 statim.
783 3824 814 3836 -
833 3794 867 3863 2]
883 3791 948 3846 Boe
966 3792 1061 3846 vidit.
1080 3821 1112 3834 -

143 3863 220 3934 o)A
238 3864 510 3918 conlectionem..
512 3889 546 3911 e·
562 3865 604 3935 t)
613 3863 683 3918 cuni.
699 3863 874 3931 viltro.-
893 3861 1003 3931 5)lrrc.
1021 3863 1052 3929 1,
1070 3861 1113 3916 10.
