2594 4302
157 243 218 305 rsa
487 243 715 308 nmrmorro
738 241 903 309 oecsvs
1025 227 1030 234 “

155 365 258 428 crebro
283 363 423 442 referant,
450 383 509 427 nan
537 369 575 428 ob
602 368 660 429 hoc
687 373 808 448 gratiam
835 367 975 446 perdunt,
1002 369 1079 431 dont
1107 351 1195 448 snpra

156 451 265 514 diedun
286 459 332 514 est
352 452 389 513 de
409 453 536 516 ilenrico
558 472 697 517 converso
720 456 756 518 de
768 453 786 538 ¹)
807 454 1029 518 Hemmcnrode.

488 645 721 708 CAPITULUM
749 645 860 709 xcvi

157 764 206 824 De
226 767 341 826 victore
359 766 522 842 prophetici
535 771 657 844 spiritus
678 772 731 845 qui
744 772 889 846 upapam
900 770 1030 830 Hernico
1047 785 1198 830 emmeram

222 884 364 946 Henricus
385 886 462 946 idem
484 902 550 948 cum
564 890 707 967 'grangiae
728 905 804 965 qnae
823 889 899 950 Hart
920 889 1023 949 dicitur
1042 891 1199 966 praeesset,
1295 885 1296 892 ’

159 977 188 1032 et
209 971 255 1034 dle
287 973 412 1050 (lundam
432 976 461 1032 in
482 973 572 1052 Mayo
595 983 707 1052 segetes
729 979 831 1055 curtis,
853 980 995 1037 orationes
1016 994 1084 1036 snas
1105 976 1200 1034 rumi-

158 1059 271 1135 nando,
299 1061 441 1121 solitarius
453 1057 474 1142 ²)
497 1063 640 1137 circuiret,
670 1063 814 1124 homiuem
837 1062 980 1140 quendam
1002 1063 1055 1123 sub
1078 1063 1200 1138 arbore,

156 1148 221 1224 piro
242 1147 358 1222 seilicet,
380 1161 453 1224 quae
474 1147 531 1210 illic
551 1150 580 1207 in
602 1165 671 1226 agro
694 1150 872 1228 singulariter
892 1153 949 1210 sita
971 1157 1023 1226 est,
1044 1155 1145 1210 canna
1166 1165 1200 1209 se

155 1239 235 1294 stare
257 1237 413 1310 conspexit
455 1233 526 1294 Erat
546 1238 621 1295 enim
643 1234 769 1296 decentis
789 1245 929 1313 staturae,
963 1237 1071 1314 capillis
1093 1252 1201 1310 canus,

156 1313 252 1380 'barba
271 1321 390 1397 prolixa,
411 1325 537 1382 tunicam
561 1322 671 1383 habens
693 1322 812 1385 talarem
834 1331 863 1384 et
884 1324 1026 1399 clausam,
1048 1321 1201 1399 scapulare
1292 1355 1296 1386 l

159 1424 229 1468 vero
250 1407 340 1467 latum
361 1407 465 1489 ultra³)
487 1423 582 1486 genua
602 1409 740 1487 longum,
765 1417 883 1487 eratque
905 1399 1001 1470 vultus
1023 1411 1084 1470 eius
1105 1425 1201 1486 ange·

159 1491 241 1554 deus.
284 1493 377 1571 Quem
402 1513 468 1555 cum
489 1498 606 1572 propius
628 1495 769 1557 accedens
791 1498 952 1572 salumsset,
974 1497 1079 1572 dicens,
1098 1495 1201 1555 Bene·
1226 1512 1228 1522 ¹

160 1579 246 1640 dicite
266 1581 366 1657 trater,
388 1583 534 1658 respondit
549 1582 605 1660 ille,
627 1583 778 1643 Dominus.
820 1585 858 1643 Et
879 1584 1022 1644 adiunxit:
1044 1581 1200 1660 Quomodo

159 1666 256 1744 placet
283 1668 335 1727 tibi
363 1669 433 1729 ordo
462 1676 528 1728 tuns
555 1669 664 1729 irater?
696 1669 842 1731 Conversa
869 1669 1075 1746 respondente,
1106 1670 1202 1746 benc3

158 1755 263 1813 ltemm
277 1754 389 1815 adiecit:
424 1756 505 1815 Bene
526 1757 578 1816 tibi
593 1756 706 1831 placere
724 1757 818 1834 debet,
840 1759 907 1834 qula
928 1756 1007 1817 nulla
1027 1759 1087 1816 rita
1100 1761 1202 1816 tantae

156 1841 341 1918 perfectionis
363 1845 456 1902 estin
477 1841 608 1902 Ecclesia
629 1843 693 1903 Dei.
726 1843 815 1903 Culus
836 1849 969 1921 aspectus
991 1861 1057 1904 cum
1077 1843 1202 1903 multam

162 1944 301 1989 converso
329 1930 469 1990 incuteret
488 1932 690 2005 reverentiam,
718 1931 819 1992 volens
848 1929 1203 2006 conversusallqnamei

163 2013 233 2076 darc
264 2018 444 2076 occasionem
465 2016 581 2092 petendi
601 2017 721 2092 aliquid,
749 2021 801 2077 ait:
825 2017 883 2078 Our
903 2020 944 2078 sic
965 2017 1050 2077 nudis
1069 2016 1203 2077 inceditis

163 2101 306 2180 pedibus?
334 2103 538 2179 Respondente
558 2102 625 2179 illo,
644 2104 708 2163 talis
731 2111 775 2164 est
795 2104 972 2168 consuetudo
989 2109 1106 2183 ιηοιῐτεις
1128 2103 1204 2163 sub-

164 2191 269 2250 iunxit:
297 2190 371 2250 Peto
400 2197 433 2250 ut
462 2183 641 2250 mihi'liceat
661 2192 745 2250 vobis
768 2191 836 2252 dare
859 2191 979 2270 calcios,
1000 2197 1030 2251 et
1049 2191 1204 2251 nobiscum
1295 2243 1296 2272 ,

163 2275 249 2336 hodia
274 2274 448 2352 prandeatis.
496 2275 536 2336 Et
556 2279 699 2338 recusavit
726 2284 894 2356 utrumque,
923 2278 1035 2338 dicens:
1066 2277 1205 2337 Modicus
1295 2273 1296 2336 3

37 2438 39 2442 ι
164 2365 245 2423 clbus
273 2363 343 2422 mihi
371 2363 475 2422 sufficit
504 2370 532 2422 et
559 2366 644 2423 sociis
671 2367 752 2424 meis.
796 2365 925 2441 Cumque
947 2365 1044 2441 aliqua
1064 2366 1206 2424 secretius

163 2449 440 2526 simultractassent,
461 2452 484 2509 is
507 2453 555 2526 qui
576 2452 668 2510 viator
681 2452 841 2529 videbatur,
863 2467 1001 2512 converso
1016 2451 1103 2511 alium
1124 2450 1205 2511 ¹(liam

164 2536 203 2597 ad
235 2537 372 2597 eundem
385 2537 482 2597 locum
510 2537 649 2613 praefixit
691 2536 719 2597 A
749 2555 807 2613 quo
834 2537 980 2598 modicum
1002 2536 1152 2597 discedens
1173 2537 1205 2598 in
1295 2529 1296 2582 Ῐ

162 2621 251 2701 plano
272 2623 337 2684 loco
357 2633 500 2701 nusquam
522 2627 690 2700 eomparuit.
734 2624 798 2702 Quo
819 2623 1046 2686 viso'Henricua
1070 2625 1206 2700 expavit,

159 2711 358 2787 festinansque
370 2711 408 2771 ad
431 2711 602 2787 claustrum,
624 2711 715 2770 Priori
732 2725 785 2771 suo
806 2711 983 2787 Hermanno,
1003 2721 1080 2786 nunc
1091 2708 1207 2771 Abbati

159 2799 194 2857 in
214 2797 294 2878 Loco
316 2805 434 2859 sanctas
455 2798 574 2874 Mariae,
596 2815 671 2874 qnae
693 2798 770 2859 dicta
791 2805 858 2859 aunt
878 2799 926 2860 vel
947 2806 1030 2876 gesta
1049 2815 1102 2874 per
1124 2797 1207 2858 ordl-

161 2901 231 2945 nem
259 2887 398 2946 recitavit.
442 2885 495 2945 Cui
515 2885 577 2946 ille':
607 2885 715 2945 Caunis
738 2892 799 2946 esto
820 2886 920 2961 irater,
949 2889 1095 2962 quianon
1117 2890 1207 2946 omne

160 2989 264 3033 verum
297 2979 340 3033 est
369 2970 448 3048 quod
475 2987 575 3032 venum
604 2978 732 3049 apparet.
778 2971 851 3032 Mor
878 2979 911 3032 ut
939 2991 1005 3033 eum
1033 2969 1139 3032 videris
1169 2990 1207 3032 ex

164 3065 283 3135 remoto,
305 3060 430 3136 signabis
451 3063 495 3135 te,
518 3063 546 3118 et
568 3075 633 3119 cum
655 3056 956 3140 appropinquaveris⁴)
979 3061 1021 3134 ei,
1041 3059 1145 3119 iterum
1169 3075 1206 3120 eo

163 3146 280 3207 vidente
302 3146 429 3222 signabis
456 3151 501 3221 tc,
530 3142 672 3222 dicesque,
693 3143 869 3206 Benedicite.
901 3143 987 3223 Quod
1002 3163 1067 3206 eum
1080 3145 1208 3224 lecmset,
1295 3215 1296 3220 η

162 3234 281 3293 subrisit
300 3233 348 3292 llle
369 3231 482 3292 dicens:
511 3231 597 3292 Juste
624 3233 694 3292 lacis
715 3231 855 3309 signando
877 3239 921 3309 te,
950 3235 1017 3310 qnia
1037 3249 1096 3291 non
1118 3235 1207 3294 oinne

162 3334 267 3381 renim
294 3326 338 3380 est
366 3319 442 3394 quod
464 3333 573 3379 verum
586 3324 714 3396 apparat.
756 3319 858 3396 Neque
878 3319 936 3380 hoc
955 3322 1050 3396 ipsum
1071 3317 1165 3380 habes
1188 3337 1209 3381 a

163 3414 207 3484 te,
236 3406 288 3468 scd
308 3407 390 3466 Prior
410 3410 477 3488 tuus
498 3411 528 3466 te
550 3404 654 3466 docuit
696 3405 775 3483 Ego,
802 3409 908 3483 inquit,
935 3405 1015 3466 illim
1037 3405 1139 3483 diligo,
1170 3423 1207 3468 eo

164 3494 243 3574 quod
262 3492 412 3571 religiosus
433 3495 470 3552 sit
491 3499 520 3553 et
540 3497 652 3554 amator
665 3492 839 3571 disciplinae,
860 3501 889 3554 et
910 3497 979 3570 quia
992 3492 1119 3571 quotidie
1141 3501 1209 3556 orat

163 3597 216 3660 pro
245 3576 362 3698 omnip.
370 3579 509 3690 Ecclesia
532 3589 561 3643 et
589 3579 698 3642 ordine.
741 3580 827 3658 Quod
849 3588 878 3641 et
897 3598 999 3642 varum
1021 3585 1073 3642 est
1115 3579 1208 3644 Men-
1295 3607 1296 3612 ¹

183 3750 215 3822 1)
231 3747 297 3804 Bor
312 3750 352 3802 in.
369 3775 400 3790 -
422 3749 455 3818 2)
473 3701 648 3802 solitarius¹
666 3735 707 3802 om
724 3741 774 3802 BG.
794 3749 830 3790 -“’
844 3747 876 3817 3)
894 3747 914 3801 B
931 3756 963 3800 et
979 3747 1071 3800 ultra.
1085 3776 1117 3788 -
1130 3747 1165 3818 4)
1185 3749 1208 3804 G

234 3819 535 3895 appropinquabit,
551 3819 623 3878 aa?
640 3819 926 3894 propinquaverit.
946 3847 977 3863 -
996 3817 1029 3891 5)
1046 3815 1066 3872 ll
1083 3823 1163 3873 tote.
