2580 4316
348 281 455 372 'nn
480 309 761 374 convnnsronn.
862 335 867 340 ·
1054 317 1094 374 cv
1163 341 1166 350 ·

70 432 137 490 litate
158 434 271 508 servire,
305 451 404 510 qnam
436 440 553 510 propter
580 453 677 494 sacros
706 433 818 494 ordines
847 432 894 494 vel
921 433 1096 496 literaturam

73 521 154 578 ceteris
170 537 307 596 pracesse.
353 522 429 580 Hoc
454 523 520 596 quia
541 525 653 596 saepius
676 525 705 580 in
728 521 825 582 ordine
847 522 981 598 contigit,
1002 525 1042 582 ita
1064 530 1096 582 nt

73 606 101 664 de
119 610 246 666 conversis
268 607 379 667 fierent
402 607 548 682 monachi,
575 615 640 668 ante
662 608 716 668 hos
738 615 861 683 quatuor
881 626 980 684 annos,
1001 627 1037 670 ne
1060 609 1096 670 de

72 698 147 752 ostem
165 694 241 754 fieret
256 692 283 774 ¹),
307 695 471 754 diffinitum
494 701 536 754 est
556 698 585 754 in
597 694 729 771 Capitnlo
751 693 885 772 generali,
907 703 939 755 ut
949 696 999 755 tali
1009 696 1095 756 modo

71 783 178 840 conversi
202 789 360 842 manerent
398 785 476 840 inter
510 799 669 842 conversos.
723 782 834 842 Eodem
870 799 945 840 anno
979 782 1096 858 quidam

70 870 172 941 veniens,
192 875 319 945 utputo
343 870 510 942 Diaconos,
530 868 635 928 laicum
656 886 688 928 se
710 869 854 943 simulans,
875 871 904 927 in
927 885 1096 930 conversum

70 960 195 1030 susceptus
217 962 269 1015 est.
317 955 415 1014 Cuius
437 955 539 1014 Abbas
562 973 627 1014 cum
647 963 750 1032 postea
762 952 797 1034 ²),
829 959 925 1015 nescio
948 973 1005 1030 quo
1026 974 1096 1032 pro-

70 1039 148 1115 dente,
167 1042 280 1102 ordines
301 1043 521 1121 intellexisset,
544 1044 573 1100 in
594 1046 726 1117 sequenti
748 1042 880 1118 Capitnlo
903 1060 1002 1102 casum
1024 1060 1096 1101 enn-

70 1124 328 1208 den³)propos1nt.
376 1130 418 1188 Et
447 1131 515 1203 qnia
543 1131 609 1187 viris
638 1130 768 1188 dmcretis
797 1129 949 1188 videbatur
982 1132 1096 1188 omnino

69 1215 216 1292 absurdum,
245 1223 280 1275 ut
303 1219 375 1292 quis
396 1219 428 1274 in
449 1222 510 1274 tam
531 1215 643 1278 sublimi
666 1216 763 1276 ordine
784 1219 910 1291 positus,
937 1216 1010 1275 foret
1037 1219 1097 1276 sine

70 1300 209 1362 charactere
233 1320 366 1363 coronae
391 1310 422 1362 et
442 1304 503 1360 sine
518 1319 663 1361 sacrorum
674 1303 804 1361 ordinum
816 1306 1007 1378 exsecutione,
1028 1321 1096 1362 sen-

68 1392 165 1448 tentiam
185 1396 390 1449 mutaverunt.
434 1388 636 1448 NOVICIUS:
670 1391 736 1450 Non
764 1392 857 1464 miror,
881 1393 905 1450 si
937 1389 1025 1464 aliqui
1047 1407 1097 1449 ce·

67 1473 141 1554 lanti)
162 1495 227 1536 snos
251 1477 376 1536 ordines
399 1479 430 1533 in
452 1479 643 1551 conversione,
667 1494 733 1535 cnm
754 1475 882 1552 legamus
903 1479 1003 1552 priscis
1021 1482 1097 1536 tem-

67 1563 163 1636 poribus
183 1564 308 1624 feminas
319 1561 353 1643 ⁵),
381 1569 416 1620 ut
438 1562 490 1620 fnit
510 1564 596 1622 beata
609 1563 740 1640 Eugenia
762 1569 790 1622 et
811 1570 911 1623 sancta
919 1561 939 1643 ⁶)
962 1563 1097 1639 Euphro-

67 1666 125 1724 syna
142 1657 227 1726 atqne
249 1653 347 1710 beata
368 1649 502 1724 Matina,
534 1649 595 1708 nelo
618 1652 810 1709 conversionis
823 1648 842 1730 Ἰ)
866 1668 966 1710 sexum
987 1651 1098 1710 virilem

67 1735 203 1798 simulasse.
235 1735 484 1797 MONAGHUS:
508 1735 582 1811 Quid
602 1737 659 1796 hoc
680 1739 789 1796 miraris
803 1738 912 1796 factum
921 1739 1097 1812 temporibus

67 1825 178 1899 priscis,
194 1843 263 1885 cum
293 1824 453 1882 recentiori
473 1820 632 1903 tempore⁸l
655 1826 684 1880 in
708 1823 804 1883 ordine
826 1831 922 1883 nostro
945 1827 1098 1901 contigisse

67 1909 192 1969 sciamus?
236 1909 455 1970 NOVIOIUS:
486 1909 552 1968 Hoc
584 1912 716 1970 omnibus
744 1911 836 1969 modis
858 1914 929 1970 scire
952 1910 1098 1985 desidero,

68 1996 181 2058 videlicet
201 2016 221 2057 a
243 2015 308 2074 qua
331 2013 469 2071 persona,
488 1997 545 2070 ubi,
566 1997 614 2055 vel
636 1997 780 2072 quomodo
803 2004 862 2056 tam
876 1997 1098 2056 mirabilisfacta

68 2083 95 2140 sit
113 2087 267 2143 conversio.
314 2081 556 2142 MONACHUS:
577 2084 707 2158 Femina,
729 2085 764 2143 de
787 2101 845 2160 qua
867 2084 993 2144 dicturus
1015 2102 1098 2158 sum,

69 2186 127 2242 qnae
146 2172 245 2246 luerit,
268 2171 322 2230 vel
346 2169 492 2258 quompdo
515 2169 553 2228 ad
574 2171 702 2229 ordinem
723 2174 846 2246 venerit,
879 2187 931 2229 seu
953 2169 1098 2245 quomodo

69 2255 198 2317 inordine
219 2259 319 2333 finerit,
342 2256 393 2316 vel
404 2252 425 2335 ⁹)
449 2260 695 2331 consummaverit,
717 2260 790 2317 sicut
811 2259 894 2316 nobis
916 2257 1012 2316 retulit
1033 2275 1098 2316 mo-

69 2344 160 2403 nachus
182 2345 322 2421 qnidam,
358 2344 408 2418 qni
438 2360 503 2401 cum
530 2361 565 2403 ea
591 2346 721 2404 novicius
746 2345 839 2404 iuerat
864 2346 1098 2422 inprobatione,

69 2427 116 2489 lida
134 2432 183 2490 tibi
204 2431 340 2508 pandam
362 2429 509 2490 relatione.

418 2619 650 2682 CAPITULUM
676 2621 742 2681 XL.

87 2741 126 2800 Dc
145 2743 277 2804 ndrobtli
300 2746 492 2803 coaoecstmce
514 2743 616 2803 beatae
637 2743 835 2820 Hildepcradc‘c
854 2747 985 2820 oirptab,
1009 2763 1086 2821 qaae

394 2847 425 2888 oe
445 2833 545 2888 vicum
566 2833 769 2890 simulaverat.

122 2967 156 3026 In
181 2972 300 3029 civitate
329 2969 452 3041 ansia,
482 2987 555 3043 qnae
585 2973 711 3046 quinque
737 2971 905 3030 milliaribus
923 2967 951 3050 ¹⁰)
974 2970 1061 3030 distat
1081 2989 1101 3030 a

74 3048 178 3115 Colonia
200 3060 320 3116 civitate
342 3073 458 3132 magna,
481 3058 549 3114 civis
572 3057 689 3135 quidam
712 3057 859 3132 habitavit,
880 3057 969 3116 filiam
990 3057 1100 3117 habens

72 3137 210 3202 formosam
233 3161 268 3202 ac
293 3143 439 3216 dilectam,
459 3145 572 3202 nomine
593 3143 807 3221 Hildegundern
823 3141 861 3224 ¹¹).
906 3143 999 3220 Quam
1011 3161 1100 3204 uxore

73 3223 207 3304 defuncta,
240 3248 309 3290 cum
330 3229 428 3288 adhue
450 3236 525 3288 esset
545 3233 574 3288 in
596 3237 690 3290 aetate
711 3238 825 3305 tenera,
853 3231 987 3289 orationis
1008 3233 1100 3307 gratia

74 3327 157 3374 secum
176 3313 394 3394 Jerosolymam
413 3315 502 3374 duxit.
533 3317 567 3375 In
588 3318 683 3377 reditu
703 3336 772 3378 vero
793 3317 951 3376 infirmatus
963 3324 1047 3394 pater
1062 3315 1100 3398 ¹²),
1148 3385 1153 3392 ,

89 3461 116 3530 1]
130 3479 165 3515 ne
190 3465 229 3518 de
255 3477 369 3520 cetero
388 3467 487 3520 fieret
505 3484 544 3520 om
563 3469 611 3521 ΒΡ.
630 3499 663 3508 -
691 3469 722 3590 22
741 3477 856 3536 postea
874 3483 915 3519 om
933 3467 960 3519 G.
982 3497 1012 3506 -
1031 3467 1101 3536 3Jc

721 3555 735 3588 e

133 3535 317 3590 ostendere.
338 3569 369 3578 —
390 3538 423 3605 4)
443 3535 462 3588 O
480 3537 634 3590 celent-
655 3539 686 3606 5)
742 3541 843 3590 minas
862 3553 903 3589 om
919 3536 988 3590 0.-
1008 3538 1040 3604 6)
1059 3536 1100 3590 (ll)

133 3601 241 3668 beata3
258 3609 334 3674 paulo
353 3617 413 3675 post
431 3605 453 3658 Il
472 3617 503 3658 et
527 3617 651 3660 sancta.
671 3639 701 3646 -
722 3609 753 3676 7)
771 3609 844 3660 nelo
872 3608 1100 3659 conversionis

135 3672 182 3723 add
198 3674 287 3727 BG.—
307 3679 340 3747 8)
359 3675 401 3729 ΒΡ
420 3674 470 3726 add
488 3678 646 3729 simile.—
666 3678 697 3746 9]
716 3678 735 3730 B
754 3677 803 3728 add
822 3678 932 3740 vitam;
950 3676 1029 3729 verbu
1047 3692 1118 3728 seuv

136 3745 288 3808 quomodo
308 3778 340 3788 -
360 3751 637 3800 consummaverit
656 3747 776 3799 oml).—
790 3748 838 3815 10)
855 3746 898 3798 BD
916 3746 1101 3807 milliariis,

136 3810 296 3936 bicgtDinira
319 3835 345 3886 p.
366 3818 463 3870 50..-
492 3816 597 3886 1001)
615 3816 861 3886 Hildegnndam.
882 3845 912 3853 —
942 3815 990 3881 12)
1007 3823 1101 3885 pater

137 3893 177 3932 orn
235 3923 241 3936 .
