2622 4322
127 248 189 308 rm
441 244 671 310 nrsurucuro
693 243 858 324 Qunam
906 247 909 260 ¹

430 436 663 500 cAPrlULUM
688 437 864 542 ΙιΧΧΧΨ.

84 582 109 616 .·
220 561 269 618 Dc
289 560 412 636 pollina,
434 564 518 636 cuiue
538 563 653 621 viscera
673 579 759 620 versu
780 566 850 619 sunt
871 562 904 619 tre
926 555 1074 636 bufonem.

194 699 259 760 Non
281 705 325 760 est
346 700 409 773 diu,
431 698 509 775 quod
531 699 648 775 quidam
676 716 712 758 ex
732 699 881 758 monachis
901 697 1116 758 Pmmicnsibus
1133 695 1167 780 ¹),

132 788 202 847 feria
229 789 314 866 tertia
341 792 408 846 ante
438 786 554 846 Cineres
582 789 611 844 in
640 785 726 846 domo
758 784 908 846 cuiusdam
933 785 1087 845 saecularis
1115 801 1168 844 sa-

131 873 253 934 cerdotis
275 875 469 948 convivantes,
491 873 618 932 diversas
633 889 733 932 carnes
748 890 814 932 cum
833 875 901 932 vino
919 874 1060 948 exquisito
1072 889 1167 947 usque

130 961 168 1021 ad
196 960 320 1020 mediam
351 977 425 1037 pene
455 966 571 1020 noctem
603 957 829 1040 comedumt).
882 958 921 1017 Et
949 976 1015 1019 cum
1047 961 1166 1018 saturati

132 1049 343 1122 essent-nimis,
371 1048 484 1123 inipso
506 1046 574 1124 galli
603 1053 689 1107 cantu
718 1046 852 1106 sacerdos
873 1062 982 1106 vocans
1003 1045 1164 1122 scholarem

130 1135 270 1209 adultum,
290 1135 404 1194 nomine
417 1132 591 1208 lohannem,
612 1150 699 1208 quem
717 1151 772 1209 ego
786 1133 861 1192 bene
874 1135 952 1207 novi,
973 1132 1057 1191 dixit:
1080 1131 1164 1192 Certe

130 1222 225 1282 adhuc
247 1220 439 1281 comedemus.
480 1219 565 1280 Vade
587 1221 656 1278 affer
676 1221 759 1279 nobis
786 1219 936 1297 gallinam,
966 1237 1053 1294 quam
1080 1221 1164 1278 inve·

129 1311 205 1368 neris
225 1311 254 1366 in
275 1310 384 1383 pertica
403 1309 484 1366 iuxta
504 1306 612 1383 gallum
633 1307 793 1381 sedentem,
822 1308 890 1382 quia
912 1309 1012 1365 ceteris
1028 1307 1165 1382 pinguior

130 1413 193 1456 esse
215 1397 376 1468 consuevit,
398 1400 427 1452 et
447 1410 589 1470 praepara
608 1395 700 1452 nobis.
743 1393 838 1470 Quam
860 1409 925 1452 eum
946 1393 1166 1469 strangulasset,

130 1490 159 1542 et
180 1488 279 1542 ventre
300 1487 415 1556 aperto,
436 1497 581 1554 manuque
601 1482 748 1556 imposita,
777 1497 842 1540 eum
863 1495 895 1539 se
917 1481 1013 1539 omnia
1032 1481 1167 1560 intestina

131 1573 192 1630 eius
213 1567 298 1628 simul
319 1569 419 1626 eiicere
441 1573 562 1644 putaret,
583 1568 740 1626 maximum
752 1567 888 1626 bufonem
902 1567 1032 1626 extraxit
1076 1565 1166 1625 Curius
1228 1620 1235 1633 ,

130 1663 240 1716 motum
250 1656 355 1714 cumin
368 1671 456 1714 manu
465 1655 607 1728 sensisset,
618 1659 647 1712 et
663 1655 836 1730 proiecisset,
847 1652 1023 1729 vidissetque
1039 1651 1106 1729 quid
1116 1669 1165 1712 es-

130 1750 175 1804 set
176 1744 343 1818 ,repentino
356 1758 409 1800 suo
427 1740 551 1801 clamore
568 1757 667 1799 omnes
682 1740 844 1800 advocavit.
887 1739 1026 1799 Videntes
1040 1740 1164 1817 gallinae

97 1857 99 1870 ·
130 1833 263 1892 intestina
290 1830 323 1887 in
346 1827 482 1888 bufonem
503 1843 603 1902 versa,
630 1827 740 1886 confusi
768 1844 786 1885 a
806 1826 871 1886 loco
894 1829 1016 1886 convivii
1036 1843 1166 1887 recesse-

130 1924 203 1992 runt,
224 1915 415 1993 intelligenter
436 1931 508 1990 opus
531 1931 594 1973 esse
609 1912 723 1972 diaboli.
764 1913 847 1973 Haec
868 1912 938 1971 mihi
958 1930 1033 1972 unus
1047 1914 1168 1990 tranum

125 2006 257 2079 illorum,
286 2005 335 2079 qui
354 2002 529 2061 interfuitet
550 2001 636 2075 vidit,
658 2003 796 2060 recitavit
838 1998 1042 2061 NOVIOIUS:
1071 2000 1168 2076 Magis

64 2163 67 2168 1
131 2109 177 2151 me
199 2096 309 2150 tentant
329 2092 438 2165 pisces,
470 2105 558 2163 quam
580 2104 695 2162 carnes,
724 2089 791 2162 quia
811 2088 873 2146 istis
894 2087 963 2144 mihi
984 2089 1063 2149 vesci
1083 2086 1167 2161 licet,

54 2173 55 2176 ’
128 2179 183 2238 rllis
204 2195 270 2238 non.
313 2173 545 2236 MONACHUS.
578 2174 653 2232 Puto
683 2180 712 2232 te
740 2172 882 2233 reeordari
904 2190 970 2245 cum
990 2173 1054 2232 filiis
1074 2173 1167 2233 Israel

129 2267 265 2344 piscium,
297 2280 370 2338 quos
403 2257 575 2321 comedebas
603 2262 632 2318 in
653 2259 806 2336 Aegypto,
837 2259 868 2318 id
901 2267 958 2335 est,
989 2263 1018 2318 in
1041 2261 1167 2320 sacerdo.

129 2349 333 2413 NOVIOIUS:
360 2348 426 2408 Non
454 2365 573 2425 possum
602 2347 774 2423 quandoque
806 2364 863 2407 non
892 2346 1044 2406 recordari.
1087 2344 1171 2407 ΜΟ·-

129 2436 303 2498 NAOHUS:
335 2431 384 2495 Ad
405 2436 572 2495 memoriam
599 2433 669 2492 mihi
689 2441 827 2494 revocant
847 2435 940 2509 pisces
961 2435 1009 2492 isti
1028 2451 1167 2512 magnam
1204 2501 1208 2506 ,

129 2524 274 2601 quandam
294 2525 451 2600 nequitiam
472 2519 586 2582 cuidam
607 2520 717 2581 incluso
739 2539 757 2580 a
779 2520 893 2581 diabolo
915 2522 1029 2580 iactam.

427 2710 660 2773 CAPITULUM
681 2711 871 2772 LXXXVII.

162 2840 210 2899 De
230 2838 407 2898 Hermanno
428 2836 549 2928 incluso,
571 2837 620 2892 cui
641 2833 776 2892 diodolus
792 2851 853 2910 pro
869 2831 999 2910 puellm
1021 2831 1129 2892 obtulit

83 2929 84 2938 ’
509 2928 640 2980 stercora
661 2923 778 2994 equina.

191 3046 300 3107 Retulit
326 3043 396 3104 mihi
422 3041 509 3102 irater
531 3037 726 3101 Godescalcus
757 3040 793 3100 de
814 3041 980 3104 Volmuntst
968 3043 1057 3116 teine,
1084 3042 1164 3117 quod

127 3135 172 3195 die
194 3132 320 3209 quadam
342 3129 472 3190 diabolus
494 3129 573 3187 fratri
594 3127 761 3188 Hermanno
783 3128 892 3188 incluso
916 3128 951 3188 de
964 3125 1164 3208 Amisberg),

124 3224 156 3280 in
177 3223 272 3299 specie
293 3218 415 3278 hominis
445 3216 499 3275 sibi
520 3211 626 3295 uoti⁴),
656 3215 805 3274 scutellam
826 3213 950 3296 attulit)
980 3231 1047 3274 cum
1073 3218 1164 3292 pisci-

23 3333 30 3348 ·
125 3311 187 3369 bus.
229 3306 298 3382 Ille,
328 3322 362 3364 eo
392 3301 470 3378 quod
491 3301 586 3362 adhuc
607 3318 692 3360 mane
715 3308 805 3377 esset,
835 3301 905 3360 dixit
933 3308 966 3361 ut
992 3308 1112 3378 poneret
1133 3310 1162 3363 et

124 3393 278 3454 recederet
321 3392 463 3466 Tempore
485 3406 543 3465 quo
566 3394 647 3448 erant
667 3386 895 3464 praeparandi,
886 3407 916 3446 ιιι
938 3388 1080 3464 disco,1n
1102 3377 1160 3465 quo

122 3484 201 3558 prius
227 3476 297 3538 nihil
325 3495 388 3538 esse
416 3476 568 3537 videbatur
588 3478 643 3535 nisi
669 3477 778 3551 pisces,
806 3482 933 3535 stercora
960 3482 1074 3552 reperta
1095 3483 1162 3535 sunt

123 3570 236 3645 equina.
278 3562 478 3626 NOVICIUS:
506 3562 582 3680 Puto
611 3563 734 3624 eundem
762 3564 855 3622 uirum
882 3562 1045 3640 religiosum
1067 3566 1160 3640 pisces

141 3756 172 3824 1)
189 3753 251 3808 Bou
269 3751 558 3807 humentibus-
584 3749 617 3818 2)
635 3749 656 3802 G
672 3748 941 3801 comederent-
911 3750 1000 3819 -3)
1021 3749 1159 3820 Amsberg

191 3855 221 3864 -
241 3825 273 3894 4)
291 3823 311 3877 Β
330 3822 392 3875 ribi
409 3809 478 3875 noti
496 3820 695 3873 hominis.—
665 3820 747 3889 -5J
766 3816 932 3875 Gobtulit.
