2622 4322
468 245 522 306 DE
543 243 808 307 ΤΕΝΤΑΤΙΟΝΕ.
1086 250 1147 307 249

430 401 664 463 CAPITULUM
684 401 832 462 LXXXI.

198 527 247 586 De
267 509 394 598 nooieio,
416 543 502 602 quern
524 524 660 584 diabolas
680 525 814 601 formum
826 506 949 586 'timidi‘
964 530 1055 602 pateis

480 611 631 688 offerendo
653 613 771 688 decepit

171 731 252 793 Siout
271 733 376 793 reterre
398 731 491 793 solent
518 735 608 814 nostri
637 735 777 808 seniores,
805 735 835 792 in
856 732 1069 794 Hammeurode
1091 735 1145 794 sub

106 822 201 896 speeie
223 820 318 896 angeli
341 819 464 880 daemon
479 817 497 898 ¹)
521 819 636 886 cuidam
657 820 799 880 monaeho
822 821 917 879 minus
939 821 1147 897 circumspecto

103 925 157 983 per
176 906 287 983 aliquot
316 907 377 966 dies
398 909 428 965 ib
449 924 550 968 mensa
570 908 693 967 formam
715 906 824 965 dimidii
845 909 927 982 panis
950 907 1090 982 ostendit,
1103 933 1107 938 ·
1119 917 1148 968 et

103 1011 140 1054 ne
160 993 334 1070 plussimul
354 999 479 1052 sumeret
500 993 633 1053 dissuasit
644 991 675 1072 ²).
726 992 862 1053 Obedivit
881 992 930 1052 ille
952 992 1094 1069 daemoni,
1117 1002 1148 1054 et

103 1087 169 1156 post
190 1082 280 1140 breve
302 1086 416 1156 ternpus
437 1085 549 1140 tantam
571 1080 749 1154 debilitatem
772 1082 898 1155 torpens
914 1082 1043 1156 incurrit,
1064 1088 1097 1140 ut
1117 1085 1148 1140 iu

102 1185 190 1227 sensu
212 1167 349 1226 deficeret
368 1173 401 1228 et
418 1169 531 1243 periret.
560 1166 765 1228 NOVISIUS:
796 1167 901 1225 Dixisti
924 1169 1063 1243 superius,
1091 1186 1148 1246 gu·

101 1254 160 1315 lam
181 1256 371 1330 prostravisse
398 1253 472 1312 filios
493 1253 585 1313 lsrael
610 1256 640 1312 in
669 1252 790 1313 deserto.
834 1252 919 1328 Quod
946 1271 1015 1331 ergo
1042 1256 1148 1315 incita·

104 1347 235 1400 mentum
266 1340 352 1417 gulae
375 1341 488 1400 videtur
515 1342 569 1399 tibi
600 1343 724 1400 maxime
756 1341 844 1399 fiisse
867 1358 955 1400 eausa
985 1339 1060 1400 illius
1081 1342 1147 1418 pla-

103 1426 179 1504 gae?
222 1426 458 1487 MONACHUS:
486 1427 669 1487 Desiderium
697 1429 833 1486 earnium.
877 1427 951 1486 Cum
978 1429 1054 1496 euim
1080 1429 1146 1488 Do-

103 1517 201 1583 minus
216 1514 344 1573 dedisset
366 1517 406 1573 eis
420 1532 534 1589 manua,
554 1531 661 1591 panem
682 1513 858 1590 angelorum,
880 1531 964 1574 omne
985 1515 1096 1575 hebens
1118 1519 1146 1575 in

103 1619 135 1661 se
170 1600 413 1660 delectamentum
426 1598 462 1680 ³),
495 1603 599 1678 ingrati
629 1608 710 1660 tanto
743 1601 899 1676 beneficio,
930 1604 1147 1676 murmurabant

98 1694 206 1748 eontra
226 1687 352 1764 Moysen
374 1688 515 1747 dieentes:
546 1689 619 1765 Quia
645 1686 727 1746 dabit
754 1687 839 1746 nobis
867 1688 910 1746 ad
937 1689 1147 1750 emaedeneium

103 1775 233 1835 tornea?
251 1775 609 1854 Recordemurpiaeium,
632 1776 706 1850 quoa
724 1774 946 1834 comedebamus
967 1779 1000 1834 iii
1011 1777 1146 1854 Aepppto

104 1865 217 1938 pratia
253 1862 294 1920 In
321 1868 448 1920 mentem
475 1861 560 1920 nobie
590 1865 715 1920 veniunt
735 1879 902 1920 cucumeres
924 1868 952 1920 et
970 1879 1097 1936 pepones
1119 1871 1146 1922 et
1261 1933 1263 1938 ,

104 1967 175 2025 cepe
196 1955 225 2008 et
252 1949 339 2007 aileu.
376 1949 488 2006 Animo
515 1955 621 2006 nostro
645 1949 734 2007 arida
756 1955 806 2006 eat
849 1949 931 2007 Nihil
946 1949 1032 2007 uliud
1052 1955 1145 2025 ratpi-

103 2040 189 2095 ciunt
216 2036 295 2094 oeuli
321 2037 416 2094 nostri
443 2037 501 2092 nisi
520 2011 679 2112 munna).
722 2034 789 2092 ut
781 2053 810 2092 rn
832 2034 888 2094 alio
910 2035 990 2095 loeo:
1034 2037 1146 2094 Anima

101 2129 211 2182 poetro
240 2127 370 2180 nauseat
389 2138 479 2196 rupee
501 2121 574 2180 cibo
603 2125 659 2180 isto
688 2118 876 2192 leutramni).
919 2121 1009 2180 Vides
1038 2131 1147 2198 quanta

101 2208 289 2286 ingratitudo,
312 2213 341 2266 et
362 2224 429 2266 eum
452 2213 560 2283 quanto
581 2206 695 2285 iurgio?
730 2207 851 2285 Culpam
872 2225 940 2269 mox
958 2225 1052 2284 poena
1073 2209 1145 2274 sub·

102 2292 263 2376 sequensi)
287 2293 424 2354 denudat.
466 2295 584 2368 Adbuc,
604 2297 710 2369 inquit,
733 2302 819 2354 mant
847 2313 950 2354 earnes
978 2299 1010 2356 itt
1038 2313 1089 2355 ore
1118 2305 1146 2356 et

102 2381 241 2442 dentibus
264 2399 376 2455 emam,
398 2399 450 2440 nee
464 2381 790 2458 defeceratbuiusmodi
804 2381 902 2458 eibos,-
924 2390 952 2442 et
974 2400 1035 2442 ecee
1054 2382 1145 2459 furer

100 2471 230 2529 Domini
251 2472 415 2528 concitatus
436 2472 469 2551 ire
488 2469 646 2544 populum,
663 2471 809 2548 perotieeit
831 2487 898 2528 eum
914 2470 1011 2545 pinpo
1031 2489 1146 2546 mappa
1200 2525 1205 2532 ,

100 2560 192 2616 trimis
206 2553 238 2629 ⁷).
283 2555 377 2631 Saepe
400 2555 530 2614 diabolus
546 2554 706 2631 ereligiosos
734 2572 786 2630 per
814 2573 913 2614 earnes
934 2561 1040 2630 tentat,
1068 2575 1144 2617 nune

101 2644 302 2718 dormitantes,
323 2659 399 2702 nune
413 2641 573 2718 vigilantes,
594 2659 670 2701 nune
687 2642 843 2717 visibiliter,
864 2661 940 2702 nune
958 2644 1144 2704 invisibiliter.

100 2730 256 2807 Quosdam
277 2730 374 2804 vineit,
398 2728 610 2804 aquibusdam
632 2731 763 2788 vincitur.
805 2728 1009 2790 NOVICIUS.
1031 2730 1078 2791 De
1099 2731 1144 2790 his

99 2817 204 2878 audire
219 2815 352 2884 delectat
380 2815 520 2890 exempla.
563 2814 800 2876 MONAOHUS.
821 2816 963 2894 Exempla
984 2819 1053 2877 satis
1075 2835 1144 2878 vera

100 2910 130 2964 et
153 2904 308 2964 manifesta
328 2905 381 2962 tibi
403 2903 505 2962 dicam.

399 3073 633 3134 septumum
655 3073 853 3158 nxxxue)
912 3147 915 3156 ¹

108 3184 113 3194 ’
139 3199 190 3258 De
212 3197 349 3256 Ammido
370 3198 523 3270 mondolio,
546 3199 595 3256 eui
614 3201 647 3256 iii
668 3198 757 3256 oboro
780 3197 954 3259 clamitanti
976 3199 1111 3259 dioboles

504 3302 608 3343 earnes
630 3283 745 3344 obtolit.

165 3406 235 3466 Non
257 3412 302 3465 ost
322 3404 379 3480 diu,
391 3406 476 3481 quod
497 3407 656 3466 monachus
678 3405 796 3482 quidam
817 3405 895 3483 apud
916 3424 970 3467 nos
992 3407 1142 3468 defunctus
1217 3411 1221 3415 “

99 3501 153 3570 est,
175 3492 325 3552 Amoldue
346 3496 468 3569 nomine,
493 3492 629 3553 Coloniae
650 3495 680 3551 in
695 3492 817 3554 ecelesia
837 3500 1000 3554 sanctorum
1011 3495 1142 3572 Aposto-

117 3612 149 3680 1)
168 3608 213 3664 BG
238 3608 375 3661 daemon
399 3609 456 3662 sub
480 3612 592 3676 speeie
615 3610 785 3679 angeli
747 3619 749 3622 ·
805 3611 837 3678 2)
859 3610 943 3663 AGDP
967 3615 1141 3679 persuasit.

172 3709 205 3719 -
225 3679 258 3747 3)
276 3679 385 3746 Sapient.
405 3680 447 3744 16,
465 3680 551 3731 20.-
569 3680 609 3748 4)
619 3679 720 3732 Numer.
740 3679 782 3743 11,
798 3680 848 3731 4-
852 3685 919 3735 6.-
938 3681 970 3748 5)
987 3680 1088 3734 Numer.
1099 3683 1142 3745 21,

170 3749 337 3888 {laist
345 3718 635 3890 'eliditis’
652 3717 935 3889 dissiliit
942 3765 1011 3873 'lt‘
1029 3751 1142 3804 ⁵⁰¹³⁸⁰

804 3891 883 3966 11*
