2538 4314
390 279 448 342 DE
471 278 747 344 CONFESSIONE.
1030 283 1089 346 163

74 417 221 462 succensam.
261 401 334 479 Ille,
358 405 438 463 sicut
458 404 592 464 sacerdos
612 407 705 464 iustus
727 421 762 465 ac
783 405 886 466 limana
907 404 1020 480 Deum,
1041 421 1091 466 eor

73 505 138 546 suum
154 491 288 565 signavit,
319 489 401 550 male
430 491 469 550 ad
498 507 530 550 sa
557 509 727 552 conversam
755 492 852 551 verbis
874 493 977 567 quibua
996 493 1091 568 potnit

73 577 160 651 uruit,
179 575 275 635 dicens
287 594 322 636 se
341 577 522 636 monachum
537 596 608 652 esse,
629 596 736 652 senem,
756 595 918 654 pannosum
932 595 968 638 ac
988 576 1090 656 neglc-

73 668 140 720 etunn
175 662 212 721 Et
233 665 309 723 sicut
331 666 399 740 ipse
422 663 493 722 dixit
518 663 632 724 cuidam
652 665 808 740 monacho,
841 667 890 740 qui
917 664 987 724 mibi
1015 665 1090 725 reci·

72 750 138 822 buit,
155 748 257 808 lemine
279 750 390 810 eadem
410 756 472 809 tam
493 751 640 826 praeclara
657 747 672 830 ¹)
695 752 760 826 buit,
789 757 818 812 et
839 758 899 810 tam
919 758 1036 827 potens,
1056 757 1091 810 ut

70 835 192 911 siessem,
211 837 316 914 inquit,
338 840 371 895 in
393 837 518 912 saeculo,
541 840 615 898 sicut
635 837 790 912 aliquando
811 837 860 912 iuri,
881 855 1029 914 numquam
1049 836 1091 896 illi

70 919 156 980 detali
174 940 204 983 re
223 941 280 982 nec
302 927 335 982 in
357 925 478 982 minimo
507 925 596 984 verbo
623 925 719 984 iacere
750 923 887 984 auderem
907 926 1090 985 mentionem.

70 1005 162 1084 Cernis,
190 1011 300 1086 meme,
324 1008 475 1086 quomodo
496 1011 580 1070 nobis
600 1013 658 1070 iam
679 1013 801 1080 mortuis
820 1009 936 1072 saeculo
958 1010 1090 1072 diabolus

68 1094 211 1159 insidietur?
254 1097 373 1156 Fuerat
394 1099 471 1155 enim
484 1096 560 1157 idem
573 1096 677 1158 Abbas
697 1104 764 1157 ante
779 1099 997 1158 conversionem
1008 1096 1090 1156 mdes

67 1181 180 1242 hermis
200 1189 350 1260 strennus,
371 1183 500 1260 pulcher,
522 1186 649 1260 satisque
661 1187 841 1262 nominatum
863 1190 893 1244 et
913 1185 939 1242 si
951 1186 995 1243 vis
1010 1185 1090 1258 scire,

67 1269 197 1342 iusserat
224 1270 366 1330 dominus
395 1269 520 1330 Karalus
546 1269 649 1330 Abbas
669 1270 845 1330 Vilariensis.
887 1268 1089 1331 NOVICIUS:

67 1353 164 1416 Vtinam
182 1355 329 1417 haberent
352 1373 462 1416 omnes·
476 1357 651 1418 consessores
672 1359 803 1417 timorem
824 1358 955 1432 Domini,
987 1363 1020 1416 ut
1045 1358 1090 1416 vir

66 1442 114 1500 iste.
159 1441 404 1504 MONACHUS:
436 1443 502 1502 Non
529 1443 622 1502 solum
650 1446 828 1504 necessarius
861 1450 906 1504 est
937 1445 978 1504 eis
1005 1444 1091 1503 timor

65 1525 176 1604 Domini,
203 1547 264 1606 qno
287 1547 322 1590 se
345 1548 365 1589 a
385 1537 505 1605 peccato
528 1529 706 1604 custodiant,
734 1531 787 1590 sed
815 1532 902 1590 etiam
922 1529 1089 1607 prudentia,

66 1630 105 1689 per
122 1633 204 1691 quam
225 1619 304 1676 inter
325 1623 449 1692 peccata
470 1617 645 1692 discernant,
678 1623 711 1676 ut
739 1634 806 1676 cum
836 1616 918 1677 clave
943 1618 1090 1693 potentiae

65 1701 88 1758 in
109 1718 158 1760 usu
176 1702 312 1764 habeant
333 1703 447 1763 clavem
468 1706 617 1779 scientiae,
643 1710 676 1762 ut
696 1705 789 1764 sciant
810 1704 996 1763 differentiam
1016 1706 1091 1764 inter

66 1787 173 1849 scabiem
194 1795 225 1850 et
245 1790 372 1866 lepram,
392 1789 424 1848 id
444 1797 495 1866 est,
515 1793 590 1849 inter
602 1787 713 1850 veniale
735 1796 764 1850 et
776 1789 912 1866 mortale3
933 1792 1003 1850 item
1015 1792 1090 1850 inter

66 1871 156 1949 lepram
177 1883 206 1937 et
217 1873 239 1957 ²)
263 1875 393 1955 lepram,
421 1873 451 1935 id
473 1883 531 1953 est,
552 1879 625 1937 inter
645 1869 766 1936 mortale
793 1883 822 1938 et
843 1874 1001 1952 criminale,
1022 1879 1090 1952 qnia

66 1968 166 2035 names
184 1967 319 2040 peccatis
342 1966 562 2040 suntgrauiora,
584 1967 645 2024 slve
666 1963 791 2023 venialia
810 1966 876 2039 sint,
897 1965 959 2023 aive
979 1969 1090 2022 merta-

65 2045 106 2123 l'e3
125 2056 153 2110 et
171 2050 338 2111 secundum
360 2050 417 2111 hoc
437 2051 594 2112 mannetis
624 2050 712 2112 debet
733 2050 863 2127 mendi,
882 2055 914 2112 et
935 2049 971 2109 de
992 2050 1090 2110 scabie

65 2135 113 2195 siue
130 2135 208 2214 lepra
227 2137 362 2199 indicari.

385 2326 619 2389 CAPITULUM
646 2327 757 2389 XLIV.

96 2448 138 2507 De
157 2437 318 2510 mdbcrcto
340 2450 499 2524 rosscelon,
522 2453 574 2526 qccc'
595 2449 650 2508 eibi
671 2447 872 2526 confitentibus
892 2453 1046 2526 iaicayere

276 2537 353 2596 solet
368 2541 585 2612 poenitentiam
607 2539 680 2595 eant
695 2539 860 2612 praeteriti.

115 2673 237 2750 Quidam
258 2672 395 2735 sacerdos
418 2680 447 2734 et
466 2673 609 2750 plebanus
630 2677 659 2734 in
676 2678 824 2752 provincia
845 2681 943 2736 nostra
965 2682 1016 2752 est,
1039 2677 1089 2750 qui

63 2759 86 2816 hr
115 2759 343 2839 Quadragesima
378 2762 561 2821 uenientibus
596 2762 650 2820 sibi
684 2762 722 2821 ad
759 2763 967 2822 consessionem
993 2761 1088 2822 dicere

64 2851 214 2907 consuevit:
258 2849 358 2925 Qualis
372 2850 549 2924 poenitentia
569 2850 695 2909 irduncta
715 2849 769 2908 init
789 2851 873 2909 vobis
894 2850 932 2910 ab
955 2855 1088 2909 anteces-

64 2947 116 2992 sore
133 2952 214 3011 meo,
243 2935 332 2996 talem
351 2936 436 2995 uubis
457 2934 545 2994 modo
573 2937 699 3011 iniungo.
741 2934 814 2995 Aliis
837 2935 969 2995 dicebatr
1003 2934 1088 3011 Quod

64 3019 133 3078 vobis
152 3023 263 3080 iniunxi
283 3038 360 3082 anno
381 3024 544 3098 praeterito,
564 3021 620 3082 hoc
642 3028 671 3081 et
691 3023 746 3081 isto
769 3040 845 3082 anno
867 3024 1002 3096 servatis,
1029 3037 1088 3080 nou

64 3106 199 3167 attendens
228 3108 297 3184 quid
317 3114 419 3185 postea
439 3111 638 3184 peccaverint,
670 3108 718 3168 vel
740 3109 861 3184 qualiter
881 3126 934 3185 pro
956 3114 1086 3185 praeter-

64 3190 101 3249 itis
125 3195 320 3255 satisfecen'nt
368 3192 468 3275 Hcc³)
495 3196 580 3254 nubis
606 3197 737 3257 recitavit
764 3213 840 3256 nnus
869 3194 904 3256 de
933 3194 1087 3271 parochia-

65 3277 101 3335 nis
119 3278 220 3362 eiust).

80 3426 107 3496 2)
121 3429 178 3483 BGP
195 3431 290 3484 clara.
309 3462 341 3470 —
360 3432 392 3500 2)
410 3431 455 3484 AD
473 3440 505 3483 et
523 3447 596 3483 non.
631 3432 721 3484 llomil.
739 3432 780 3483 lll.
798 3448 824 3500 p.
842 3432 889 3484 91:
913 3429 999 3498 „lepra
1016 3446 1086 3482 mor-

122 3499 170 3551 tale
188 3511 316 3568 peccatnm
334 3509 382 3553 est.
417 3501 537 3554 Diversae
555 3503 652 3567 species
673 3503 700 3554 in
717 3502 827 3555 levitico
844 3501 1031 3570 distinguuntur
1046 3499 1087 3551 le-

123 3584 191 3637 prae,
208 3586 252 3637 per
269 3587 330 3640 quaa
348 3573 417 3624 veria
434 3580 540 3639 peccata
559 3572 655 3622 animae
673 3571 820 3640 ligurantur.
856 3571 935 3637 Lepre
953 3579 992 3621 esc
1003 3568 1086 3620 idola·

124 3641 180 3702 isia,
196 3639 243 3691 alia
260 3641 356 3708 species
373 3642 518 3708 periurium,
536 3643 611 3691 tertia
628 3640 803 3705 homicidium,
820 3649 910 3708 quarta
927 3637 1086 3702 adulterium,

126 3715 151 3758 et
167 3711 202 3760 sic
218 3709 250 3761 da
267 3712 365 3762 cetaria.
400 3711 528 3775 Quantum
546 3713 613 3762 enim
631 3710 707 3762 distat
723 3712 789 3762 inter
807 3709 916 3761 scabiem
934 3715 960 3760 et
976 3707 1086 3774 lepram,

126 3778 396 3916 mssnfflffm·inoer
407 3787 542 3850 peccatum
559 3780 658 3832 veniale
676 3789 703 3832 et
715 3777 845 3832 mortale.“
858 3807 888 3819 ·-
908 3778 940 3846 3)
957 3777 977 3830 Ρ
994 3777 1084 3828 haec.

129 3875 157 3886 -
280 3865 357 3902 suus.
