2622 4322
192 303 253 360 soe
495 297 723 360 orsuruouro
746 297 911 376 conaus

189 439 248 482 non
269 427 302 480 ut
322 422 394 479 visio
422 420 545 480 ostendit
567 421 657 480 cultro
678 419 826 496 materiali,
847 421 939 498 gratia
959 427 1057 481 tamm
1077 422 1221 498 spirituali.

189 509 277 568 Mane
297 510 415 567 veniens
435 507 473 566 ad
493 508 630 583 Priorem,
651 507 766 575 dicebat
787 526 818 568 se
839 508 991 570 liberatum
1012 527 1031 568 a
1052 512 1221 584 tentatione,

188 597 328 655 visionem
339 594 380 652 illi
397 612 448 671 per
464 595 591 662 ordinem
613 612 766 670 exponens.
808 595 847 653 Et
867 595 1036 671 glorificavit
1055 596 1137 656 Prior
1157 597 1221 656 Do-

56 663 64 694 ”
127 735 134 740 ,
188 685 310 757 minum,
342 684 392 757 qui
412 689 471 741 tam
493 681 658 742 mirabiliter
680 688 708 740 et
728 689 788 741 tam
810 681 942 753 celeriter,
956 683 1087 742 liberavit
1107 701 1221 743 sermm

173 787 273 828 ‘suum
293 768 481 828 Bernardum.
523 768 630 828 Adhuc
647 769 749 828 dicitur
767 786 851 828 carne
873 785 936 829 esse
957 771 1037 846 virgo
1052 765 1077 847 ¹).
1119 771 1158 828 Et
1179 777 1223 830 est

107 930 115 938 .
187 857 261 916 haec
292 856 409 916 historia
438 857 507 914 satis
536 856 654 915 celebris
682 857 710 914 in
741 856 839 915 ordine
866 862 983 935 uostr0.=
1021 855 1220 916 NOVICIUS:

188 943 219 1003 Si
240 945 333 1002 sancti
352 945 405 1002 viri
426 945 467 1002 sie
488 945 606 1018 turpiter
627 949 790 1017 tentantur„
802 959 859 1002 non
881 943 985 1003 amodo
1006 943 1223 1004 verecundabor

188 1027 343 1110 tantum2),
371 1037 404 1089 ut
424 1029 579 1104 haetenus,
607 1029 733 1088 confiteri
759 1047 844 1088 meas
859 1029 1021 1088 immundas
1043 1033 1221 1090 tentationes

187 1117 297 1177 Timui
313 1134 350 1177 ne
388 1116 564 1176 confessores
602 1133 648 1174 me
689 1115 866 1190 despicerent
908 1108 1009 1192 turpia‘
1033 1116 1221 1176 confitentem

147 1275 158 1279 =
186 1201 422 1264 MONACHUS:
444 1203 475 1263 Si
497 1209 564 1262 sunt
585 1201 761 1263 confessores
784 1203 906 1276 discreti,
926 1220 984 1262 non
1006 1203 1112 1263 debent
1134 1221 1221 1263 accu-

187 1296 283 1350 santes
304 1307 335 1350 se
358 1306 499 1366 spernere,
520 1289 571 1348 scd
594 1290 748 1363 consolari,
770 1307 807 1348 ne
828 1290 949 1348 similem
969 1293 1156 1350 tentationem
1176 1292 1221 1348 in-

152 1370 154 1379 ’
188 1384 309 1437 comant
352 1377 418 1438 Hoc
435 1375 548 1435 cuidam
570 1375 710 1436 sacerdoti
731 1384 830 1436 sancto
853 1384 882 1436 et
903 1376 1047 1452 decrepito
1069 1379 1221 1455 contigisse

188 1482 318 1541 cognom.

508 1653 740 1716 CAPITULUM
761 1654 902 1715 XCVIII.

313 1779 381 1837 Va'tu
402 1767 513 1838 domini
540 1775 708 1837 Euechordt
727 1775 849 1853 plebani
870 1779 965 1835 soced
984 1774 1101 1834 Jacobi.

252 1915 387 1975 Coloniae
397 1916 562 1992 parochiam
573 1917 663 1994 sancti
673 1914 777 1975 Jacobi
787 1910 946 1994 Apostoli³)
961 1912 1096 1973 sacerdos
1108 1911 1221 1989 quidam
1293 1971 1294 1988 ,

186 2009 301 2062 sanctus
314 2009 343 2062 et
359 2003 507 2080 religiosus
522 2004 649 2080 regebat,
671 2020 757 2078 quem
772 2001 905 2077 splendor
919 2002 1072 2059 multarum
1085 2003 1221 2062 virtutum

185 2089 323 2150 illustrem
336 2090 470 2150 fecerat..
492 2090 563 2148 Erat
575 2086 698 2169 autem⁴)
720 2089 856 2163 literatus,
876 2087 1000 2161 humilis,
1022 2093 1128 2162 castus,
1150 2087 1220 2146 affa-

186 2177 258 2252 bilis,
278 2193 437 2253 pauperum
451 2183 541 2251 pater,
561 2176 756 2253 religiosorum
770 2181 926 2250 susceptor,
943 2175 1029 2233 totius
1045 2173 1220 2233 Christianae

185 2263 328 2340 religionis
349 2269 474 2338 amator,
499 2262 563 2322 Deo
587 2281 678 2337 carus,
700 2265 752 2321 toti
773 2264 880 2320 civitati
902 2267 1046 2336 acceptus.
1089 2260 1157 2337 Ipse
1179 2267 1221 2320 est
1293 2271 1294 2338 g

185 2350 316 2410 dominus
337 2349 520 2409 Everhardus
548 2349 710 2425 praedictae
733 2349 870 2408 ecelesiae
899 2347 1057 2423 plebanus,
1078 2350 1129 2423 qui
1150 2363 1219 2408 con·

185 2439 346 2498 versionem
367 2435 491 2496 Abbatis
517 2438 605 2495 nostri
628 2435 753 2495 Gevardi
773 2435 925 2511 praevidit,
952 2436 1027 2494 sicut
1048 2433 1220 2493 dictumest

184 2525 319 2600 inprims
333 2523 511 2607 distinctione
526 2523 650 2599 capitulo
673 2525 815 2598 septimos
844 2522 888 2581 Ea
911 2538 985 2598 quae
1007 2520 1043 2581 de
1064 2537 1096 2580 se
1119 2521 1218 2580 beatus

184 2611 243 2671 Job
267 2617 413 2671 enumerat
429 2611 515 2685 bona,
536 2609 603 2669 huic
624 2613 698 2668 iusto
722 2611 836 2685 copiose
858 2611 927 2668 satis
948 2611 1041 2684 gratia
1062 2607 1219 2669 contulerat

185 2698 290 2757 divina.
338 2697 479 2773 Tempore
510 2697 748 2776 quadragesimali
782 2713 847 2756 oum
877 2697 982 2754 civium
1010 2694 1074 2769 tilii,
1102 2697 1217 2754 iuvenes
1293 2745 1294 2754 ,

185 2786 287 2844 divites
312 2801 347 2844 ac
370 2783 498 2858 delicati,
525 2783 725 2844 confiterentur
746 2789 866 2859 peccata
887 2800 953 2857 sua,
978 2784 1105 2841 'maxime
1128 2782 1234 2842 carnis

183 2873 342 2946 incentiva,
363 2889 438 2946 quae
465 2871 621 2930 fomentare
649 2871 742 2931 solent
769 2870 890 2929 multum
898 2865 918 2949 ⁵)
946 2869 1053 2929 cibaria
1081 2868 1217 2943 delicata;

185 2962 253 3035 quia
273 2959 345 3018 tales
366 2961 459 3018 minus
482 2960 512 3016 in
526 2975 557 3016 se
572 2958 769 3035 experiebatur
789 2957 946 3032 passiones,
968 2955 1064 3014 durius
1086 2953 1217 3031 quando·
1293 2992 1294 3006 η

184 3063 241 3122 que
274 3045 337 3105 illos
374 3063 460 3121 quam
488 3045 633 3121 expediret
666 3046 767 3120 arguit,
797 3043 907 3102 dicens:
929 3043 1025 3118 Turpe
1052 3048 1112 3118 est,
1141 3038 1217 3117 quod

183 3132 313 3193 homines
328 3131 479 3191 Christiani
492 3133 688 3207 motibustam
709 3131 1004 3212 turpibusagitantur.
1035 3129 1073 3187 Et
1094 3127 1216 3188 scanda-

182 3220 280 3280 liaavit
310 3220 441 3296 pusillos,
474 3217 600 3295 aliquam
632 3218 686 3276 illis
717 3221 848 3293 ingerens
875 3217 1110 3291 desperationem.
1160 3212 1216 3274 Sed
1283 3220 1286 3232 '

97 3297 100 3304 ’
182 3310 275 3368 iustus
304 3314 333 3367 et
362 3309 520 3366 misericors
540 3305 637 3382 Deus,
670 3307 719 3380 qui
741 3305 859 3363 Petrum
880 3299 948 3382 ob⁶)
970 3305 1063 3379 gregis
1095 3300 1216 3360 salutem

184 3393 287 3455 eadere
322 3396 462 3471 permisit,
496 3410 611 3452 servum
644 3393 698 3451 sibi
734 3390 867 3450 dilectum
901 3390 1015 3466 flagello
1054 3389 1216 3448 tentationis
1293 3425 1294 3430 κ

184 3481 314 3556 erudivit,
335 3488 372 3556 et,
393 3487 426 3541 ut
446 3479 566 3540 subditis
584 3481 669 3539 sciret
682 3479 815 3554 compati,
835 3479 968 3553 passione
990 3477 1125 3552 corripuit
1146 3491 1215 3535 con-

202 3668 233 3738 1)
250 3667 273 3720 t)
291 3665 396 3720 adhuc
422 3665 546 3718 dicitur
572 3680 646 3718 esse
668 3666 762 3731 virgo
789 3678 900 3727 earne,
918 3661 980 3714 ACP
997 3659 1102 3713 adhuc
1124 3661 1215 3727 virgo

252 3737 371 3790 dicitur
388 3751 459 3788 esse
477 3751 582 3787 carne.
602 3765 633 3774 -
653 3735 684 3802 2)
703 3733 744 3791 BC
761 3742 885 3785 tanturn
903 3729 1164 3784 verecundabor.
1182 3757 1213 3766 -
1236 3749 1238 3756 ¹

251 3805 562 3944 ffinAtpf-Sttglillog‘dP·
582 3834 613 3845 -
636 3804 668 3872 t)
687 3804 707 3856 B
725 3805 817 3856 euim.
836 3835 866 3843 -
886 3803 919 3892 5.)
936 3801 1149 3892 ΑΒΡὶιηιιΙιιιιη
1167 3813 1215 3850 so·
