2628 4310
193 279 257 340 aar
507 190 735 360 nrsnmcno
760 274 917 336 numm

192 397 256 458 US:
289 396 366 458 Satis
389 396 516 459 delector
543 399 574 456 in
603 398 767 457 huiusmodi
795 399 953 474 miraculis,
980 413 1056 474 quae
1084 404 1153 459 sunt
1180 396 1228 456 de·

192 486 330 544 struoiiva
344 487 445 544 erroris
460 492 546 560 atque
568 485 709 562 vitiorum,
732 492 761 544 ot
774 486 917 561 quaedam
932 486 1077 545 incentiva
1097 484 1166 544 fidei
1187 490 1228 542 at·

193 588 249 648 que
270 574 416 633 virtutum.
458 571 694 632 MONACHUSr
716 572 837 633 Noveris
860 575 948 634 etiam
968 571 1082 632 vermes
1104 588 1229 634 venene·

193 666 246 733 tos,
268 657 379 734 aliquas
399 656 507 719 habere
529 661 649 718 virtntm
671 658 825 720 naturales.

330 885 335 898 ·
440 900 443 904 .
533 847 767 911 CAPITULUM
794 849 893 910 LXX.

286 970 334 1030 De
354 977 486 1046 serpente
508 973 561 1046 qui
581 971 691 1032 omnus
713 971 845 1029 eeteidiir
866 973 949 1029 ausit
970 976 999 1028 et
1019 974 1149 1030 amnuit.
1271 919 1272 984 l

257 1108 366 1169 Retulit
384 1109 469 1168 nobis
490 1107 632 1169 Henricus
654 1106 689 1167 de
709 1107 840 1185 Forento,
861 1107 943 1167 miles
964 1107 1104 1168 honestus
1126 1116 1158 1168 et
1177 1125 1230 1166 ve·

193 1213 254 1270 sax,
275 1213 336 1254 rem
358 1195 394 1254 de
416 1202 546 1271 serpente
568 1197 637 1254 satis
659 1195 826 1254 mirabilem.
869 1193 991 1256 Satelles
1003 1197 1096 1270 inquit
1117 1194 1232 1283 quidam

193 1284 273 1341 iuxta
286 1299 339 1341 nos
352 1300 427 1342 anno
442 1285 593 1357 praeterito
608 1281 774 1341 vulneratus
796 1284 825 1339 in
846 1281 935 1341 latere
959 1289 987 1341 et
1008 1281 1084 1341 male
1107 1289 1232 1356 sanaim,

194 1375 360 1445 erumpente
381 1371 460 1427 sanie
478 1368 599 1444 amplius
622 1369 817 1444 torquebatur.
860 1368 917 1428 Die
939 1366 1066 1443 quadam
1089 1386 1158 1428 eum
1181 1386 1232 1426 nn·

194 1453 262 1516 dato
283 1456 373 1515 latere
395 1472 481 1532 super
502 1462 633 1514 truncum
654 1457 781 1514 succisae
804 1456 914 1514 arboris
935 1473 967 1514 se
989 1454 1176 1532 reclinasset,
1204 1461 1232 1514 nt

194 1546 288 1602 sanies
310 1543 446 1616 efflueret,
467 1542 647 1601 obdormivit.
690 1541 807 1600 Interim
828 1558 945 1618 serpens
968 1540 1094 1616 advenit,
1117 1549 1148 1601 et
1170 1542 1233 1600 vul-

194 1647 248 1688 nus
270 1631 355 1688 suxit.
397 1629 622 1705 Expergcsactus
644 1628 705 1704 ille,
732 1635 894 1704 serpentem
916 1631 1049 1690 excussit
1100 1628 1141 1687 iit
1171 1628 1235 1689 lieet

194 1718 308 1775 territus
319 1716 418 1775 suisset
430 1723 546 1792 propter
560 1732 713 1790 venenum,
735 1732 871 1791 magnum
883 1724 980 1775 tamen
993 1732 1061 1775 mox
1074 1717 1169 1775 sensit
1189 1733 1234 1776 re-

194 1803 328 1866 meffimn.
371 1803 496 1862 Suasum
514 1809 558 1861 est
572 1803 598 1861 ei
619 1807 652 1860 ut
673 1800 767 1861 denuo
795 1805 825 1859 in
848 1801 950 1861 eodem
977 1800 1056 1876 loco,
1084 1802 1234 1878 praedicto
1274 1843 1275 1848 κ

194 1890 280 1949 modo
302 1887 419 1949 colubro
442 1891 554 1965 copiam
576 1888 696 1965 sugendi
718 1888 815 1962 daret3
840 1888 912 1947 sorte
933 1891 1086 1948 sanitatem
1116 1891 1233 1949 omnino

195 1979 341 2052 reciperet
384 1975 471 2052 Quod
492 1978 533 2034 ita
552 1975 660 2034 iactum
682 1981 734 2033 est.
767 1974 941 2034 Sanissimus
962 1992 1031 2034 vero
1055 1975 1235 2052 silentumin

194 2071 336 2123 tantuma
351 2069 482 2138 serpente
505 2064 598 2136 coepit
620 2061 706 2138 diligi,
727 2067 759 2120 ut
781 2064 829 2121 vix
850 2064 879 2121 in
901 2061 997 2138 aliquo
1018 2062 1084 2121 loco
1108 2061 1234 2124 dormire

193 2155 300 2226 posset,
321 2153 389 2225 quin
410 2149 448 2208 ad
471 2151 531 2207 eius
552 2147 658 2208 lectum
679 2151 797 2208 veniret.
840 2147 929 2208 Cuius
950 2150 1124 2210 consortium
1148 2150 1235 2210 homo

194 2237 360 2309 abhorrens,
380 2238 556 2312 provinciam
572 2238 708 2310 mutarit3
729 2236 898 2311 interimque
913 2252 965 2312 per
977 2236 1170 2297 annumiere
1192 2237 1237 2295 di-

194 2323 313 2382 midium
338 2322 418 2381 illum
449 2339 508 2381 non
530 2321 609 2382 vidit
652 2323 812 2382 Reversum
835 2321 929 2382 denuo
950 2339 1068 2399 serpens
1089 2327 1236 2400 sequitur,

195 2416 224 2470 et
256 2428 322 2470 eum
354 2426 413 2469 non
446 2416 545 2486 posset
578 2411 682 2468 intrare
716 2409 765 2468 ubi
792 2408 840 2467 ille
870 2410 1011 2484 cubabat,
1050 2426 1139 2470 mane
1169 2418 1236 2470 ante

195 2498 300 2556 ostium
311 2502 439 2571 repertus
449 2503 502 2555 est.
523 2495 646 2555 Suasum
665 2502 709 2554 est
730 2496 756 2554 ei
777 2502 809 2553 ut
820 2501 980 2556 monstrum
1000 2496 1156 2556 occideret.
1178 2497 1237 2558 Re·

194 2582 353 2659 spondente
374 2583 432 2658 illo,
454 2590 612 2642 curatorem
635 2600 730 2641 meum
751 2599 809 2640 non
826 2581 964 2658 occidam,
984 2581 1103 2642 tandem
1123 2585 1236 2660 impor-

195 2672 315 2729 tunitate
337 2671 475 2746 serpentis
490 2677 683 2746 exasperatus,
704 2668 808 2728 occidit
820 2669 908 2728 illum.
937 2669 1042 2745 Sicque
1058 2671 1096 2729 ab
1114 2687 1153 2730 eo
1164 2670 1236 2731 libc-

194 2762 274 2817 ratus
297 2762 348 2816 est
379 2755 581 2816 NOVICIUS:
602 2755 707 2815 Melior
727 2761 788 2816 erat
815 2773 932 2833 serpens
951 2758 1006 2816 iste
1030 2755 1079 2816 illo
1102 2765 1238 2834 serpente

195 2841 232 2904 de
254 2841 310 2920 qud
334 2843 441 2903 dictum
464 2845 557 2902 estin
579 2841 759 2904 distinctione
780 2849 862 2904 serta
881 2843 1006 2921 capitulo
1026 2845 1170 2904 vicesimo
1191 2861 1238 2904 se·

195 2931 299 2990 eundo.
340 2929 575 2990 MONAGHUS:
604 2929 657 2989 Ille
685 2936 837 3007 peccatum
863 2933 1020 2990 maximum
1040 2932 1172 3008 punivit3
1203 2929 1238 2990 ad

195 3017 251 3078 hoc
273 3019 348 3077 enim
370 3023 483 3077 creatus
504 3018 605 3076 iuerat.
648 3016 795 3093 Quantum
815 3025 962 3094 serpentes
981 3015 1151 3079 hominibus
1171 3036 1239 3096 par·

196 3111 271 3180 cant,
294 3103 407 3164 duobus
428 3104 481 3163 tibi
501 3103 628 3181 pandam
649 3103 801 3164 miraculis.

526 3311 761 3374 CAPITULUM
792 3312 907 3374 LXXI.

228 3435 275 3494 De
296 3441 438 3495 matrona
459 3435 650 3494 blandriaco·
671 3453 749 3512 quoe
770 3441 931 3511 aerpmtem
952 3437 984 3494 ia
1005 3433 1104 3494 orbito
1127 3435 1210 3510 bibit,

477 3529 505 3581 et
525 3525 558 3581 ia
575 3523 673 3599 portu
697 3523 822 3582 amdem
844 3521 956 3600 effudit.

261 3659 395 3721 Matrona
418 3660 560 3736 quaedam
581 3661 611 3719 in
632 3660 783 3734 andria,
804 3663 880 3720 sieut
899 3677 990 3736 nuper
1011 3659 1110 3722 audivi
1133 3679 1154 3723 a
1174 3661 1240 3722 Wi-

197 3762 266 3822 gero
288 3746 430 3814 monacho
451 3747 614 3822 Vilsriensi,
634 3766 700 3808 cnm
721 3747 858 3808 iniantem
879 3749 1045 3825 peperisset,
1065 3750 1145 3810 eirca
1165 3747 1241 3808 illins

198 3834 530 3910 corpusculumserpens
543 3836 685 3894 maximum
707 3851 738 3895 ss
750 3834 979 3912 complicaverat
1023 3833 1070 3895 De
1092 3851 1153 3914 qno
1175 3853 1241 3898 curn
