2654 4308
391 241 446 302 DE
467 242 651 306 DIVERSIS
672 242 908 306 VISIONIBUS.
1111 250 1170 308 103

129 379 225 438 usqne
239 361 326 424 hodie
341 362 469 424 uhnstus
487 367 515 424 in
536 367 596 425 suis
616 365 751 425 membris
766 365 938 442 crucifigitur
950 361 976 447 ¹),
996 383 1071 427 nunc
1084 384 1102 427 a
1113 367 1172 429 Ju-

130 448 220 527 daeis,
242 467 320 511 nune
336 451 539 527 aSarraoenis,
561 467 637 511 nuno
659 469 678 511 a
698 451 775 512 falsis
798 452 973 513 Christianis.
1015 452 1100 515 Unde
1120 471 1172 532 per

128 535 308 598 Malachiam
330 540 511 614 conqueritur
533 538 643 600 dicens:
665 539 699 598 st
720 541 808 598 bomo
830 541 947 616 eouptpit
967 540 1077 614 Deum,
1099 547 1171 618 quta

128 641 182 683 uos
193 644 242 684 me
252 626 403 701 emtflpitis.
423 625 506 684 Item':
517 625 558 685 Et
567 643 620 685 voe
629 643 677 684 me
686 626 828 702 confinita
839 644 909 702 perra
924 625 1027 697 tota2).
1050 627 1171 688 Christi·

127 730 201 775 anos
223 714 327 771 nostris
349 712 527 788 temporibus
549 729 567 771 a
587 710 709 772 Judaeis
732 729 796 773 esse
818 712 967 772 crucifixos
989 710 1130 795 audim³);
1152 733 1171 775 a

128 800 298 861 Christianis
315 797 441 874 aliquem
462 797 500 859 ad
521 798 644 858 litteram
665 815 729 858 esso
751 799 916 858 crucifixum
937 799 1066 860 noudum
1086 801 1171 862 audi-

127 891 172 964 νίς
195 885 339 963 quosdam
361 901 380 945 a
401 883 565 946 Sarracenis
585 901 678 962 nuper
697 885 784 945 fuisse
807 883 956 946 crucifixos
976 887 1110 947 intellexi.

452 1109 686 1174 CAPITULUM
705 1111 854 1172 XXVIII.

182 1233 260 1294 item
280 1233 317 1292 de
337 1231 505 1293 omuibus
534 1250 608 1308 quos
630 1233 847 1309 sumpserunt,
868 1249 936 1292 enm
958 1233 1117 1310 eoafupere
1185 1195 1190 1208 ’
1223 1239 1226 1268 ³

409 1353 411 1356 -
458 1321 565 1379 velinat
587 1320 629 1378 ad
650 1319 840 1379 Christianos.

134 1509 135 1514 ἵ
193 1439 366 1518 supradicta
395 1437 533 1500 Damieta
562 1458 628 1501 oum
656 1458 708 1518 per
737 1440 914 1502 obsidionem
942 1440 1064 1502 multum
1094 1449 1170 1501 esset

125 1534 236 1604 artata,
261 1527 379 1604 quidam
401 1543 436 1586 ex
457 1529 577 1605 paganis
599 1527 710 1588 oooulte
733 1533 869 1588 exeuntes
891 1526 927 1587 de
949 1531 1078 1604 civitate,
1107 1535 1169 1588 tum

125 1621 160 1676 ut
189 1615 342 1675 Christiani
369 1613 484 1691 fierent,
512 1621 573 1674 tum
590 1621 634 1678 ¹ut
659 1622 781 1675 mortem
803 1614 1035 1692 evanuerunt
1056 1621 1169 1675 nostros

126 1701 281 1779 confugere
303 1707 466 1777 coeperunt.
510 1699 591 1778 Quos
612 1699 761 1761 Sanaoeui
782 1703 964 1777 insequentes
982 1708 1015 1780 et
1036 1718 1168 1778 eompre-

125 1788 287 1848 hendentes
299 1787 482 1863 reduxerunt,
504 1787 679 1864 singulisque
696 1788 828 1848 erunibus
850 1788 980 1865 singulos
1000 1788 1168 1865 appenden-

124 1881 186 1950 tes,
216 1874 254 1935 ad
283 1874 478 1936 oonfirsionem
500 1874 724 1934 Christianorum
753 1891 840 1950 supra
860 1891 958 1934 muros
980 1891 1079 1935 omnes
1101 1891 1167 1935 sus-

123 1961 295 2040 penderunt.
337 1959 541 2022 NOVIGIUS:
565 1960 641 2036 Quid
662 1959 843 2020 sentiendum
864 1966 907 2020 est
929 1960 965 2020 de
985 1960 1068 2020 istis?
1089 1960 1167 2021 ΜΟ-

123 2047 302 2108 NACHUS:
331 2047 363 2108 Si
391 2047 478 2107 fidem
505 2048 655 2128 sitiebant,
683 2053 711 2107 et
740 2049 770 2106 in
798 2046 856 2106 fide
883 2050 984 2108 timore
1009 2049 1166 2124 poenarum

123 2153 184 2196 non
205 2136 363 2211 nutabant,
387 2134 466 2194 haud
488 2134 607 2194 dubium
630 2136 698 2210 quin
718 2140 858 2211 martyres
879 2137 944 2194 sint
986 2135 1052 2194 Non
1072 2133 1167 2194 solum

123 2223 164 2282 ab
186 2221 349 2281 infidelibus
371 2219 500 2280 Christus
521 2222 730 2300 martyrizatur,
757 2221 808 2282 sed
830 2224 917 2282 etiam
938 2221 1060 2282 amalis
1083 2221 1166 2280 Obri-

123 2310 225 2370 stianis
238 2325 291 2386 per
311 2325 472 2385 pauperum
493 2310 609 2369 iniurias
631 2308 756 2385 quotidie
779 2307 928 2386 configitur
949 2313 979 2369 et
998 2307 1166 2386 flagellatur.

386 2577 388 2582 .
461 2531 694 2596 CAPITULUM
711 2533 832 2595 ΧΧΙΧ.

180 2656 229 2716 De
251 2653 367 2717 Obriato
389 2659 441 2734 qui
461 2659 494 2716 in
509 2675 645 2732 paupere
666 2663 841 2733 conquestus
862 2663 903 2717 eat
925 2674 1065 2718 oenomao
1086 2675 1116 2716 aa
1207 2671 1212 2688 ·

497 2743 590 2820 suinae
604 2761 788 2820 paenorum.

192 2863 257 2924 Non
285 2868 330 2924 est
358 2862 407 2922 diu
436 2863 515 2939 quod
537 2863 654 2940 quidam
675 2881 785 2940 pauper
806 2865 902 2924 neseio
925 2881 983 2940 qua
1003 2862 1165 2939 impellente

122 2953 297 3010 necessitate
325 2949 404 3026 loqui
430 2950 532 3010 volens
557 2951 684 3029 Henrieo
712 2951 789 3010 Duoi
809 2951 970 3025 Lovaniae,
999 2953 1048 3025 qui
1069 2949 1165 3009 adhue

122 3044 269 3113 superest,
304 3040 496 3112 praesentiam
530 3038 604 3097 illius
640 3034 718 3097 adire
753 3040 882 3097 tentarit.
926 3036 980 3096 Cui
1004 3053 1070 3096 oum
1090 3053 1165 3094 uuus

124 3127 347 3186 camerariorum
374 3123 554 3200 indignatus,
582 3124 707 3201 scapulis
735 3141 801 3184 eum
828 3123 987 3200 impelleret
1008 3129 1037 3183 et
1056 3125 1164 3199 passim

122 3210 230 3271 baculo
260 3210 393 3271 caederet
420 3212 482 3270 sine
504 3211 712 3285 misericordia,
734 3227 889 3270 conversus
918 3209 1034 3286 quidam
1059 3209 1164 3270 ordinis

123 3299 218 3357 nostri
246 3298 302 3358 hoo
331 3297 403 3358 vidit
431 3303 460 3356 et
480 3299 633 3374 ingemuit,
659 3313 825 3373 eompassus
847 3296 887 3355 illi
907 3300 993 3357 etiem
1012 3313 1105 3372 usque
1126 3297 1164 3356 ad

113 3385 267 3448 lacrimas.
310 3383 504 3459 subsequenti
526 3391 610 3444 noete
635 3384 769 3445 Salvator
790 3386 817 3443 ei
835 3387 865 3442 in
887 3387 994 3444 somnis
1023 3401 1164 3460 apparens

123 3488 213 3548 super
241 3471 330 3532 altars
351 3473 380 3529 in
406 3470 499 3548 gloria
525 3489 646 3550 magna,
674 3472 733 3530 ait:
762 3469 876 3530 Gratias
896 3467 975 3552 qbp)
1004 3471 1083 3547 quod
1103 3471 1164 3530 heri

123 3563 240 3619 tantum
272 3557 342 3616 mihi
374 3574 541 3633 eompassus
563 3574 610 3630 es,
643 3556 759 3633 quando
787 3559 959 3618 camerarius
985 3557 1079 3618 Duois
1103 3564 1162 3617 tam

144 3743 178 3812 1)
195 3740 214 3794 Ρ
232 3741 463 3864 oruoiilqatur.
483 3770 514 3782 -
534 3743 566 3812 2)
584 3741 688 3798 urben.
706 3743 733 3808 3,
750 3742 774 3796 8.
786 3743 811 3795 9.
831 3772 861 3783 -
881 3743 913 3812 3)
932 3742 951 3798 B
969 3743 1161 3796 audivimus.
1190 3749 1191 3753 ’

198 3841 229 3852 -
248 3811 281 3880 4)
297 3811 317 3865 Β
336 3814 359 3864 ιι
388 3813 397 3864 i
414 3825 483 3882 ago.
