2594 4302
362 279 416 342 ou
438 279 622 344 urrunsrs
637 274 879 355 ¹vrorouusus.
1077 278 1137 342 roe
1211 227 1215 239 “

102 404 209 466 tionem
239 403 325 462 etiam
352 403 455 463 habuit
481 402 588 464 domini
616 402 763 464 Eustachii
789 401 914 465 Abbatis
941 400 1079 477 Claustrl,
1111 407 1141 462 ct

104 489 218 570 domini
245 489 364 566 Henrlei
401 488 526 549 Abbatis
558 493 662 565 nostri,
699 491 727 548 in
761 489 810 548 illo
842 489 939 566 aliquo
971 491 1141 566 corripiens,

104 582 133 636 et
160 578 188 634 iu
217 579 273 635 isto
300 577 386 652 plura
413 576 625 650 commendans.
673 575 711 634 Et
738 571 869 636 recitavit
890 579 915 635 ei
944 577 1040 636 omnia
1061 591 1141 635 more

103 662 213 722 Helisel
255 680 330 739 quae
369 664 399 720 in
442 663 572 722 conclavi
612 679 677 722 cum
716 663 816 730 Priore
858 665 919 723 sive
950 662 1013 723 allis
1048 663 1143 734 fueret

101 749 226 826 loeutus.
268 749 375 824 Postea
398 751 463 809 'cum
483 749 560 808 idem
580 765 735 808 conversus
757 748 802 808 dle
817 750 941 824 quedam
963 749 1037 808 dicto
1060 765 1143 809 eom·

103 835 225 912 pletorlo
248 835 356 911 aliquid
378 835 505 896 obtinere
526 839 663 896 niteretur
683 853 702 894 a
723 835 797 910 Deo,
818 833 937 915 venlis1)
957 842 988 895 ’01
1007 831 1142 909 lacrimis,

104 929 134 983 ot
153 939 211 982 non
233 923 407 998 profecisset,
427 921 474 996 ille
497 925 575 982 curia
596 922 702 996 clause,
725 925 854 998 ostioque
867 923 980 990 firmato
994 921 1143 1000 diligenter

104 1011 234 1084 oratorii,
262 1009 300 1068 ud
322 1025 387 1069 eum
407 1011 538 1084 intravit,
566 1012 716 1086 increpans
738 1026 804 1068 eum
826 1016 855 1068 et
876 1009 987 1070 diceus:
1019 1008 1142 1084 Stollde,

103 1103 190 1173 putas
223 1095 301 1171 quod
332 1098 362 1154 vi
388 1097 481 1172 possis
509 1096 615 1172 aliquid
645 1099 814 1171 extorquere
842 1113 861 1156 a
888 1095 976 1158 Deo?
1025 1095 1057 1156 Si
1084 1111 1143 1162 non

105 1189 182 1244 esset
217 1182 271 1242 tibi
313 1182 400 1242 modo
423 1185 583 1258 <parcitum
622 1189 739 1259 propter
769 1183 899 1242 Priorem
926 1189 1029 1257 tuum,
1071 1182 1143 1243 forto

100 1272 259 1329 amentiam
282 1272 457 1329 incurrisses.
489 1267 581 1329 Nocte
605 1269 729 1344 quadarn
751 1270 914 1330 cumidem
935 1269 1077 1330 Henricus
1090 1269 1143 1328 dess
1182 1270 1185 1275 ’

104 1355 203 1416 functo
232 1356 327 1432 aliquo
356 1357 385 1414 in
415 1355 565 1417 ecclesiam
587 1356 736 1431 deportato
758 1356 879 1417 sedisset
900 1363 966 1417 ante
988 1356 1082 1422 ultore,
1096 1359 1144 1414 in·

104 1441 266 1524 firmorum,
294 1438 387 1501 viator
416 1441 451 1502 de
481 1460 537 1519 quo
567 1442 661 1502 dicere
690 1459 748 1501 non
769 1459 886 1519 possum
908 1452 1003 1503 utrum
1025 1443 1145 1520 angelus

103 1530 190 1589 fuerit
210 1527 277 1609 an2)
299 1529 401 1604 homo,
423 1532 448 1588 ei
470 1547 624 1606 apparens,
646 1531 770 1606 sig'nevit
790 1531 840 1589 ubl
860 1529 942 1589 Prior
964 1536 1047 1590 esset.
1091 1529 1145 1590 (lui

102 1631 174 1676 oum
194 1616 253 1676 ille
261 1619 442 1692 resignasset,
462 1617 492 1674 in
513 1615 690 1675 infirmitorio
713 1621 771 1691 est,
794 1620 875 1693 signo
898 1614 1056 1696 respondit.
1079 1615 1144 1694 Ego

104 1705 176 1780 novi
203 1703 273 1778 hoc,
304 1703 379 1762 bene
408 1709 452 1762 est
479 1703 527 1762 lbi.
570 1703 772 1778 Inclinansque
805 1720 903 1763 coram
925 1698 1026 1764 eodem
1042 1703 1145 1779 altari,
1192 1769 1193 1776 ,

106 1773 258 1864 recedens,
282 1795 311 1849 et'
331 1796 397 1849 ante
417 1789 467 1849 ille
487 1793 542 1848 tria
564 1789 664 1848 altaria
687 1806 761 1865 quae
783 1793 877 1850 sunt
870 1809 898 1848 ιιι
920 1791 1029 1866 abside,
1054 1789 1146 1860 similo

105 1877 224 1955 faciens,
242 1876 361 1936 chorum
374 1875 580 1950 monachorum
593 1878 717 1950 intravit,
739 1883 768 1936 et
779 1893 836 1935 non
852 1869 1019 1952 comparuit.
1051 1877 1145 1954 Saepe

105 1963 190 2027 illum
200 1964 374 2023 testabatur
382 1963 562 2023 sevidisse
554 1981 583 2021 m
598 1963 694 2022 choro
702 1962 913 2024 circueuntem
906 1982 935 2022 m
948 1964 1040 2024 multa
1059 1963 1146 2024 011111-

106 2057 191 2111 tatu
221 2049 361 2110 Sulcum
383 2067 423 2110 ex⁴
439 2056 522 2126 parte
541 2049 649 2110 Priorls
669 2067 826 2112 ,convorsus
848 2052 975 2110 tunicam
996 2050 1147 2111 obtulisset
1210 2087 1212 2092 -

48 2137 50 2141 ’
107 2143 139 2200 et
160 2137 314 2214 cingulum,
335 2139 461 2197 tunicam
475 2138 625 2212 recusavit,
648 2137 762 2215 cingulo
779 2144 923 2214 suscepto.
954 2139 1027 2216 Ego,
1048 2140 1148 2214 iuquit,

110 2240 177 2284 eum
209 2224 284 2284 dubo
314 2225 391 2284 bono
419 2223 533 2290 cuidam
555 2223 697 2282 monacho
717 2223 925 2299 Eberbeoensl,
958 2231 987 2284 et
1007 2226 1099 2301 magis
1121 2226 1148 2285 ei

108 2309 248 2390 proderit,
275 2329 362 2388 quam
390 2313 415 2372 sl
442 2328 495 2390 ego
516 2317 620 2374 uterer
647 2310 705 2370 1110.
747 2311 873 2374 Remisit
898 2314 922 2370 el
952 2317 981 2371 et
1002 2311 1147 2388 cingulum

107 2397 231 2474 laneum,
251 2399 342 2476 pretio
365 2397 486 2474 quidem
502 2383 679 2474 vilissimum,
700 2395 752 2456 red
773 2399 877 2466 virtute
895 2400 1060 2474 pretiosum.
1089 2394 1148 2458 Per

60 2545 63 2558 ,
107 2481 244 2564 quem&
255 2491 287 2544 et
305 2487 455 2545 sanitates
481 2481 540 2544 fact
528 2491 576 2544 tue
596 2489 682 2559 sunt,
711 2489 750 2542 ct
767 2483 920 2560 plurimum
949 2485 1027 2544 valet
1047 2491 1148 2545 contra

107 2571 254 2632 stimulum
288 2574 389 2631 carnis.
440 2563 534 2648 Quem
567 2588 632 2632 oum
665 2573 751 2631 etiarn
783 2578 898 2648 rogaret
928 2579 961 2631 ut
992 2589 1024 2632 se
1056 2573 1147 2632 Priori

108 2658 258 2719 ostendere
280 2657 460 2737 dignaretur,
472 2657 631 2738 respondit:
658 2657 799 2717 Dominus
821 2665 918 2718 noster
938 2676 991 2718 nos
1012 2659 1147 2734 trequen-

108 2753 151 2806 ter
171 2747 284 2806 mittit·
277 2763 306 2803 ιιι
327 2743 491 2806 Jerusalem
514 2752 542 2804 et
562 2743 628 2803 clla¹
641 2759 733 2820 oeque
753 2751 864 2804 remota
884 2744 962 2820 locu,
989 2753 1018 2806 et
1047 2748 1072 2806 si
1099 2747 1147 2806 vi

78 2875 83 2883 ,
108 2833 194 2903 deret
214 2847 262 2892 me
283 2831 396 2906 Prior,
409 2837 522 2907 posset
534 2848 586 2908 per
615 2833 676 2890 eius
697 2834 933 2908 interrogationes
953 2832 1059 2936 legatio
1081 2849 1148 2892 mea

107 2917 247 3004 impediri
287 2917 326 2976 Et
353 2917 471 2976 adiecit.
504 2917 560 2978 Dic
581 2918 673 2976 Priori
700 2923 733 2976 ut
754 2918 891 2978 sollicitus
913 2922 950 2978 sit
971 2922 1047 2990 circa
1068 2921 1147 2986 cxci.-

103 2995 213 3064 'tandos
235 3003 352 3076 fratres,
373 3021 410 3061 ne
433 3003 578 3061 dormiant
596 3002 663 3074 dum
685 3021 737 3080 pro
760 2995 898 3064 defunctis
921 3011 1052 3080 cuntant,
1079 3007 1147 3082 quia

106 3093 182 3152 siout
203 3087 308 3148 milites
329 3085 553 3165 congregentur
549 3081 609 3147 ad
617 3091 842 3166 tornamentunr,
870 3095 911 3151 110
941 3095 1053 3156 animae
1075 3109 1146 3153 con-

105 3180 201 3239 fluunt
217 3175 261 3235 ed
281 3175 375 3235 officia
389 3174 595 3234 detunctorum
626 3170 828 3237 NOVICIUS:
838 3178 925 3238 Puto
948 3179 1025 3255 quod
1042 3182 1147 3239 mortui

103 3267 182 3338 ⁴uicis
206 3264 239 3328 ⁴in
268 3263 325 3325 hoc
354 3261 447 3322 olfioio
477 3262 619 3336 sollicitis,
649 3262 717 3322 dum
737 3264 878 3340 indigent,
906 3267 999 3326 vicem
1021 3268 1146 3328 cudtutis

101 3345 304 3436 ‚rependendi
347 3346 583 3416 MON'ACHUS:
602 3349 670 3412 Hoc
691 3351 742 3410 tibi
763 3369 830 3431 uuo,
843 3353 992 3429 ostendam
1006 3353 1146 3432 exemplo.

124 3743 156 3860 1)
166 3745 329 3841 {essentis
350 3732 622 3859 letio'uffart-ior'rilsuc's.
643 3795 677 3826 -·'
695 3737 730 3856 v2]
748 3783 767 3840 B
800 3775 862 3841 ιιΙ.Ι
879 3792 909 3827 ³
935 3785 966 3855 3)
985 3785 1028 3840 ΟΡ
1045 3783 1144 3855 quod,

161 3857 380 3926 ’‘ffl‘quass‘-
400 3857 433 3928 4)
450 3845 495 3910 BG
512 3855 708 3926 impendunt.
734 3883 760 3906 ·.
901 3869 904 3884 ²
925 3865 950 3879 ”
1003 3879 1019 3888 ·-
1044 3862 1047 3870 ’
