2622 4322
382 293 495 354 on
517 291 781 355 monarcus.
878 325 881 333 Δ
1071 253 1133 356 aar

96 413 222 492 aliquam
243 413 333 475 luisse
354 431 506 490 personam
527 415 701 494 angelicam,
729 433 782 493 per
803 433 891 493 quam
911 414 1055 476 Dominus
1075 418 1136 493 pri·

96 519 172 564 mam
198 503 323 562 fratrum
343 502 455 562 illorum
475 520 610 564 revocare
631 503 722 564 voluit
744 497 940 582 caritatem¹)..
973 501 1135 579 Portarius,

97 607 160 650 cum
182 595 264 650 esset
282 588 388 664 laicus,
412 592 528 650 nomina
549 589 650 650 eadem
670 592 800 667 retinuit,
821 589 932 650 Abbati
953 595 982 648 et
1001 590 1136 650 nauibus

95 676 193 736 audita
214 678 358 736 recitavit
398 677 539 736 Resumta
560 684 604 736 est
623 676 816 753 hospitalitas,
839 683 868 736 et
888 679 985 752 coepit
1004 679 1045 736 eis
1068 693 1136 736 mox

94 763 239 823 Dominus
256 762 428 823 benedicere
449 768 482 821 ut
501 765 589 840 prius.
631 762 836 824 NOVIOIUS:
859 761 936 839 Quid
956 764 1137 824 sentiendum

7 909 15 918 ,
95 857 139 910 est
159 848 197 910 de
211 849 276 924 iilis,
298 852 347 924 qui
357 849 484 926 hospites
499 849 634 928 coliigrmt
648 857 676 910 et
694 850 890 927 eleemosynas
901 855 1014 909 tantum
1029 849 1137 910 faciunt

94 943 215 1014 propter
249 934 370 1013 gloriam
404 936 538 996 manem?
576 935 810 997 MONACHUS:
840 936 926 996 Tales
959 936 1053 996 dando
1082 953 1137 998 suu

94 1030 234 1100 peccant,
261 1028 291 1082 et
311 1023 380 1082 nilrii
401 1023 479 1083 aliud
500 1025 654 1100 recipiunt,
675 1025 730 1083 nisi
752 1023 830 1100 quod
852 1029 1007 1099 quaerunt,
1028 1019 1136 1084 scilieet

94 1111 211 1170 laudem
223 1110 391 1170 humanam.
432 1110 492 1170 Alii
506 1128 559 1170 sua
574 1109 685 1170 Christo
699 1110 768 1171 dant
784 1117 896 1170 tanturm
909 1117 1026 1186 propter
1046 1112 1137 1170 vitam

95 1203 254 1272 aeternam,
276 1197 378 1256 ethos
399 1196 541 1259 Dominus
562 1215 620 1258 non
643 1196 749 1257 deserit
768 1199 797 1256 in
818 1199 969 1274 praesenti.
1013 1195 1137 1272 Quidam

93 1301 165 1345 vero
187 1289 307 1360 propter
323 1281 484 1359 utrumque,
503 1284 637 1344 videlicet
657 1291 690 1343 ut
710 1287 739 1344 in
760 1286 903 1360 praesenti
925 1283 1039 1348 ditiores
1056 1283 1136 1359 fiant,

95 1378 126 1431 et
156 1373 187 1429 in
223 1370 320 1429 futtuo
357 1371 483 1430 habeant
514 1373 603 1430 vitam
635 1378 789 1431 aeternam
831 1371 870 1430 Et
896 1373 966 1430 istos
994 1370 1137 1430 Dominus

94 1475 184 1534 saepe
212 1456 321 1534 duplici
348 1457 480 1517 mercede
508 1462 686 1533 remunerat,
714 1458 761 1517 hic
782 1475 834 1533 per
855 1459 933 1518 bona
953 1455 1137 1534 temporalia,

94 1547 125 1604 in
146 1545 243 1604 futuro
270 1560 323 1619 per
350 1543 429 1603 bona
457 1549 601 1604 aeterna.
624 1544 760 1605 Nonnulli
781 1562 850 1604 vero
872 1552 951 1620 sunt,
981 1547 1030 1621 qui
1051 1546 1138 1606 ctiam

94 1648 256 1708 pauperes,
284 1647 338 1690 sua
367 1629 478 1691 Christo
499 1632 671 1709 largiuntur,
705 1639 734 1692 ct
755 1631 824 1691 dum
848 1625 993 1708 coeperint
1014 1633 1052 1692 ab
1073 1633 1136 1708 ipso

96 1719 194 1792 ditem
216 1724 287 1776 tune
316 1735 352 1777 ex
381 1717 522 1779 diabolica
549 1721 705 1779 tentatione
732 1718 854 1794 amplius
876 1720 992 1794 tentati,
1019 1730 1142 1780 manum¹

95 1823 180 1865 snam
208 1803 369 1880 retrahunt,
401 1812 558 1883 egestatem
586 1808 727 1866 umentes.
774 1803 975 1866 NOVICIUS:
1006 1805 1052 1865 De
1081 1805 1138 1866 hoc

96 1891 177 1954 dicas
199 1891 373 1967 exemplum.
928 1931 931 1940 .

399 2001 401 2004 ⁵
434 2047 668 2110 unumunurn
692 2049 806 2109 exus.

96 2169 147 2228 Dc
157 2167 283 2245 faniau,
306 2187 384 2244 quac
404 2153 634 2246 hospitalitatem
645 2169 808 2230 Abbatthas
820 2169 1013 2230 Diomedontis
1027 2169 1138 2229 ordinis

168 2254 309 2329 cohibuit,
331 2262 360 2315 et
381 2257 478 2317 ditata
500 2264 549 2332 cat,
573 2263 601 2317 et
622 2259 724 2318 cadem
747 2252 874 2331 exclusa,
891 2262 1074 2350 pauperata.

162 2392 401 2455 MONAGHUS:
423 2396 488 2456 Non
512 2404 556 2456 est
576 2397 634 2472 diu,
656 2395 734 2472 quod
749 2397 854 2456 femina
871 2395 1022 2472 quaedam,
1043 2395 1139 2455 adhuc

96 2483 171 2543 torte
192 2483 311 2556 tineus,
339 2489 368 2542 et
389 2485 418 2540 in
441 2482 566 2559 quadam
588 2487 705 2544 civitate
726 2500 858 2558 manens,
879 2485 908 2541 in
930 2501 988 2560 qua
1009 2481 1140 2542 Abbatcs

97 2571 321 2643 nostri„euntes
343 2569 382 2628 ad
402 2569 536 2650 generale
558 2570 737 2647 Capitulum,
763 2569 901 2647 hospitari
922 2569 1023 2644 solent,
1044 2570 1139 2646 plures

95 2673 136 2716 ex
158 2657 200 2715 eis
220 2655 293 2715 lueri
321 2659 366 2714 sui
388 2674 477 2716 causa
504 2655 627 2734 hospitio
657 2660 791 2733 suscepit.
834 2656 965 2717 Sentiens
986 2657 1046 2716 sibi*
1060 2653 1139 2735 ilia²)

97 2742 137 2802 ad
158 2744 321 2819 ingressum
335 2742 448 2804 illomm
465 2744 605 2819 benedici,
625 2745 723 2804 lenum
743 2744 798 2802 iilis
819 2747 907 2821 gratis
930 2742 1015 2818 dedit,
1037 2742 1140 2802 deinde
1169 2749 1179 2764 ⁸

97 2824 280 2909 pabulum2).
325 2829 439 2905 Quanto
462 2831 527 2907 plus
549 2830 653 2906 dabat,
675 2837 755 2891 tanto
777 2830 842 2906 plus
863 2831 972 2904 habuit.
1014 2831 1141 2889 Etcum

98 2916 247 2994 hospitum
279 2933 398 2976 suorum
423 2920 530 2978 meritis
557 2925 585 2979 et
613 2921 741 2978 oratione
770 2920 828 2977 iam
849 2918 930 2977 dives
950 2917 1028 2978 iacta
1049 2922 1140 2991 esset,

97 3004 242 3079 bonisque
255 3004 389 3063 omnibus
403 3005 572 3081 abundaret,
593 3008 688 3082 coepit
702 3005 844 3065 deiectum
865 3007 973 3080 tmere,
995 3009 1024 3064 et
1046 3003 1140 3064 dicere
1168 3055 1174 3074 ,

98 3091 176 3150 intra
196 3106 246 3148 se:
279 3089 346 3148 Non
369 3097 464 3166 *potes
499 3092 547 3152 diu
575 3095 713 3152 susdnere
740 3097 835 3151 tantas
863 3108 1018 3167 expensas,
1053 3089 1140 3150 modo

99 3175 239 3238 contrahe
247 3168 269 3256 ⁴)
291 3194 418 3253 manum,
442 3179 570 3238 nescite
590 3185 789 3255 paupertatem
809 3181 946 3263 incurras.
989 3166 1065 3237 Mira
1085 3194 1141 3236 res.

98 3263 173 3323 Mox
194 3269 227 3322 ut
239 3262 399 3339 hospitibus
421 3266 562 3342 stipendia
584 3273 722 3326 consueta
741 3267 866 3342 negavit,
888 3270 917 3324 et
937 3265 1079 3324 Dominus
1100 3263 1141 3322 iili

99 3367 221 3410 manum
253 3351 405 3410 subtraxit
445 3352 512 3412 Non
543 3355 619 3412 enim
651 3355 680 3412 in
709 3352 794 3412 domo
826 3352 876 3412 illa
902 3352 990 3412 irater
1016 3351 1142 3411 Dabitur

99 3436 234 3496 habitare
254 3444 382 3513 poterat,
412 3438 447 3498 de
470 3457 528 3516 qua
548 3457 701 3517 germanus
730 3442 791 3499 elus
812 3439 890 3498 Date
912 3438 1048 3514 expulsus
1070 3444 1139 3498 erat.
1200 3502 1206 3511 ¹

101 3522 234 3583 rlandem
248 3522 287 3583 ad
301 3541 333 3583 se
347 3541 471 3601 reversa,
493 3544 559 3586 cum
574 3545 606 3587 se
619 3544 702 3604 egere
725 3529 909 3602 conspiceret,
932 3525 968 3584 de
990 3527 1142 3585 omissione

101 3611 308 3686 poenitentiam
323 3613 389 3688 egit,
411 3619 439 3672 et
450 3616 545 3690 priora
557 3631 705 3675 resumens
720 3631 815 3690 opera,
825 3615 926 3689 itcmm
942 3611 1026 3672 ditari
1040 3615 1142 3687 coepit.

122 3726 158 3795 1)
174 3727 250 3780 verba
273 3729 356 3782 Puto
375 3760 406 3771 -
425 3733 598 3785 caritatem
622 3732 736 3785 inlibris
763 3731 837 3784 editis
860 3730 991 3784 novicio
1015 3725 1149 3798 assignem

176 3807 239 3849 sunt.
250 3829 278 3839 -
297 3799 330 3866 2)
344 3799 386 3852 cii
404 3801 460 3855 illa
478 3801 551 3855 sibi.
571 3832 602 3843 -
622 3804 654 3873 3)
672 3801 763 3868 idest,
782 3801 927 3870 hospitium,
945 3801 1096 3853 convivium.
1109 3827 1140 3839 -

176 3866 208 3935 t)
224 3868 244 3922 o
261 3869 404 3923 retrahe.
