2642 4330
465 315 520 376 DE
541 311 811 376 DAEMONIBUS.
1092 315 1153 376 285

115 442 147 498 in
169 437 267 497 formis
287 439 480 497 minutissimis
502 437 667 513 discurrere,
688 439 803 514 saepius
823 439 853 496 in
868 436 985 498 diversis
1002 436 1072 497 locis
1087 453 1155 498 eos·

116 525 189 584 dem
217 525 423 601 contemplatus
445 532 489 584 est
515 525 675 584 terribiliter
705 519 865 585 scintillare.
907 524 1039 585 Senticns
1067 541 1155 601 aspe-

116 619 201 673 ctum
231 611 342 670 illorum
374 611 464 670 oculis
497 628 560 671 sssc
581 614 730 688 nocivum,
762 627 815 670 nec
835 613 971 688 ignorans
998 613 1156 686 nequitiam

116 699 242 774 illorum,
271 698 317 758 die
347 698 487 784 quadam,
515 701 603 758 missa
624 699 700 758 dicta
729 699 765 759 de
791 697 899 774 Spiritu
919 703 1035 773 sancto,
1063 701 1156 758 oravit

116 787 224 861 Deum,
243 792 278 844 ut
297 803 329 846 sc
351 786 388 845 ab
411 785 573 845 huiusmodi
594 787 750 846 visionibus
769 785 910 846 liberaret
952 785 1056 846 Statim
1077 785 1157 845 affuit

115 875 248 932 inimicus
269 873 298 930 in
320 873 411 932 lorma
423 872 589 932 lucidissimi
605 872 689 948 oculi,
710 873 842 932 habentis
858 875 1047 948 quantitatem
1059 874 1157 949 pugni,

116 964 146 1018 in
169 977 227 1036 quo
249 959 385 1038 quicquid
415 965 475 1018 erat
495 960 592 1019 vivere
608 960 773 1035 putabatur.
815 956 861 1018 Ac
877 962 902 1018 si
924 959 1044 1019 decret:
1066 958 1156 1019 Modo

117 1047 269 1124 diligenter
301 1045 450 1106 considera
480 1062 542 1121 me,
574 1048 641 1122 quia
673 1045 710 1106 de
742 1053 836 1106 cetero
869 1063 927 1106 non
958 1045 1070 1106 videbis
1101 1063 1157 1106 me.

117 1135 225 1194 Postea
245 1141 344 1193 tamen
365 1150 432 1194 eum
453 1133 538 1208 vidit,
566 1132 618 1192 sed
646 1151 704 1192 non
733 1139 794 1192 tam
821 1133 985 1207 manifeste,
1014 1137 1043 1192 et
1058 1129 1075 1211 ¹)
1096 1139 1156 1193 tam

117 1238 214 1296 saepe,
235 1227 269 1280 ut
289 1223 378 1296 prius.
419 1220 527 1279 Factus
540 1217 643 1280 Abbas
664 1222 694 1279 in
714 1220 794 1282 Loco
816 1226 933 1280 sanctae
949 1218 1069 1294 Mariae,
1090 1237 1157 1280 cum

116 1309 221 1368 nobilis
234 1309 349 1381 femina,
361 1305 471 1367 Aleidis
484 1309 607 1380 nomine,
622 1307 774 1367 comitissa
788 1305 1005 1381 deFroinbreth,
1019 1312 1158 1383 tanquam

115 1396 173 1456 loei
193 1394 339 1454 fundatrix
359 1395 399 1452 ibi
420 1392 587 1469 sepeliretur
598 1390 635 1472 ²),
665 1402 694 1454 et
721 1394 816 1454 adhuc
845 1410 949 1470 eorpus
970 1396 1032 1457 eius
1052 1398 1159 1456 iaceret

116 1486 148 1542 in
167 1483 288 1556 feretro,
320 1480 391 1538 vidit
419 1481 588 1540 daemonem
608 1482 702 1557 ipsum
723 1482 857 1540 leretmm
885 1470 1159 1558 circumgyrantcm,

116 1576 156 1644 et,
178 1571 262 1644 quasi
282 1565 392 1641 aliquid
412 1569 457 1628 sui
477 1569 546 1626 iuris
567 1568 744 1642 perdidisset,
764 1570 806 1628 ita
827 1585 926 1639 omnes
948 1570 1009 1628 eius
1037 1568 1159 1645 angulos

116 1656 269 1717 oculorum
294 1652 428 1730 indagine
439 1650 460 1732 ³)
488 1654 627 1714 lustravit
674 1655 810 1715 Nondum
832 1661 876 1714 est
903 1650 1038 1734 annual),
1067 1656 1159 1731 quod,

114 1744 201 1803 Prior
220 1748 320 1802 noster
348 1740 418 1799 dum
443 1747 510 1816 post
537 1741 714 1816 sepulturam
742 1742 892 1802 cuiusdam
920 1744 1049 1802 conversi
1069 1746 1160 1803 nostri

116 1829 158 1890 ad
176 1829 280 1889 horam
302 1829 469 1887 canonicam
491 1828 610 1887 chorum
630 1831 755 1904 intraret
777 1835 807 1888 et
826 1830 923 1888 nescio
945 1828 1014 1904 quid
1035 1828 1070 1888 de
1092 1847 1160 1890 sae·

119 1916 267 1976 sularibus
289 1915 356 1973 loris
369 1920 528 1990 tractasset,
550 1915 703 1991 diabolum,
723 1922 862 1992 tanquam
874 1915 977 1974 ducem
997 1917 1072 1990 viae,
1093 1923 1160 1977 ante

117 2003 202 2062 illum
220 2001 333 2078 ingredi
354 2003 509 2076 conspexit.
551 2002 622 2062 Erat
651 2009 748 2062 autem
774 2004 866 2062 forma
894 2004 1015 2062 assumti
1035 2006 1161 2079 corporis

119 2090 280 2150 admodum
302 2087 428 2162 subtilis,
449 2087 487 2146 ad
508 2091 596 2148 instar
618 2090 711 2148 nubis.
753 2089 882 2164 Deinde,
905 2089 1007 2149 diebus
1027 2087 1160 2170 paucist)

120 2177 244 2253 elapsis,
265 2181 351 2235 noete
373 2175 511 2250 quadarn,
532 2176 604 2234 infra
625 2178 787 2251 matutinas,
808 2179 838 2234 in
859 2176 944 2235 simili
964 2175 1045 2234 illurn
1066 2179 1162 2252 specie

121 2281 221 2324 coram
243 2266 302 2324 iam
324 2261 399 2320 dicto
421 2262 518 2321 Priore
546 2268 622 2322 stare
651 2266 807 2339 conspexit.
850 2261 1053 2324 NOVICIUS:
1087 2263 1163 2339 Quid

121 2349 270 2426 estquod
298 2365 451 2425 personam
479 2348 564 2408 huius
585 2350 740 2409 venerandi
761 2349 901 2425 Abbatis,
930 2367 995 2408 curn
1024 2351 1163 2412 scriberes

122 2437 159 2498 de
179 2437 306 2496 Infantia
318 2434 476 2494 Salvatoris
489 2435 637 2496 Homelias
654 2435 789 2512 Monalos,
811 2444 840 2496 et
860 2454 934 2514 pene
955 2453 1055 2496 omnes
1075 2456 1162 2514 prae-

122 2524 215 2584 dictas
245 2526 370 2583 visiones
395 2523 436 2581 ibi
456 2539 592 2598 poneres,
624 2525 664 2582 ita
685 2541 837 2600 personam
867 2519 961 2604 siusv)
984 2523 1077 2583 celare
1099 2532 1163 2586 stu·

123 2609 230 2670 duisti?
280 2607 517 2669 MONACHUS:
549 2609 616 2685 Ipse
645 2627 681 2670 cx
708 2611 798 2670 multa
827 2613 944 2672 caritate
972 2617 1084 2672 secreta
1110 2631 1163 2673 sua

123 2698 193 2756 mihi
213 2696 361 2770 revelans,
393 2702 462 2756 tunc
490 2699 625 2772 temporis
653 2714 690 2756 ne
724 2715 790 2758 cum
820 2698 971 2774 proderem
1002 2699 1163 2775 prohibuit,

124 2783 203 2860 quod
234 2789 343 2859 postea,
369 2787 485 2857 minen,
519 2785 733 2859 importunitate
764 2802 830 2846 mea
861 2787 976 2860 victru,
1016 2789 1163 2845 concessit

124 2869 260 2931 Sciebam
282 2871 358 2930 enim
378 2886 518 2944 personae
549 2869 624 2929 illius
644 2874 815 2947 gravitatem
836 2889 922 2956 posse
943 2888 1000 2930 non
1021 2873 1164 2934 modicam

125 2957 283 3017 scribendis
294 2956 432 3032 praebere
446 2959 651 3017 sustentatam.
684 2957 841 3020 Cuiusdam
857 2957 1029 3019 venerabilis
1041 2977 1163 3036 magna-

125 3061 245 3118 rumque
267 3045 406 3102 vntunun
426 3046 494 3119 viri,
522 3047 603 3104 cuius
624 3051 684 3104 tam
704 3052 774 3105 nota
801 3046 854 3104 luit
876 3047 1026 3120 sanctitas,
1055 3053 1084 3106 et
1105 3053 1164 3105 tarn

124 3131 248 3208 probata
277 3131 448 3204 auctoritas,
475 3137 508 3189 ut
535 3148 619 3212 nemo
650 3132 685 3191 de
713 3131 787 3192 illius
809 3131 891 3193 dicis
912 3133 1012 3191 merito
1035 3131 1165 3194 dubitare

126 3217 239 3293 debeat,
253 3233 331 3276 nunc
340 3216 490 3276 recordor:
513 3235 634 3294 quorum
647 3220 771 3278 visiones
784 3225 844 3279 mm
856 3219 1055 3295 praesentibus
1078 3241 1165 3298 qnam

124 3304 227 3365 futuris
248 3309 384 3380 poterunt
405 3301 499 3385 cssc⁷)
522 3303 684 3382 exemplum
705 3307 826 3368 terroris.

147 3680 179 3746 1)
196 3679 216 3733 0
232 3696 342 3732 nea-
361 3681 394 3748 2)
406 3680 447 3733 ΒΟ
464 3682 508 3735 ibi
527 3684 725 3751 sepeliretur
742 3693 889 3754 tanquam
907 3687 972 3739 loci
989 3687 1166 3740 fundatrix.

200 3779 231 3788 -
249 3751 281 3818 3)
300 3749 343 3802 Bc
359 3752 407 3801 its
425 3751 592 3805 oculorum
615 3754 775 3822 indagine
799 3771 907 3808 omnes
930 3758 1000 3808 eius
1018 3757 1167 3826 angulos.
1207 3803 1213 3816 ,

201 3847 230 3858 -
248 3821 281 3889 4)
300 3821 321 3872 Ι)
340 3835 445 3871 annus
471 3821 610 3889 elapsus.
630 3853 661 3864 —
685 3826 716 3892 5)
735 3825 905 3893 BCpaucis
931 3826 1054 3878 diebus.
1074 3853 1106 3864 ο
1134 3828 1166 3893 6)

199 3903 371 3954 personam
389 3890 460 3942 eius
477 3905 518 3942 om
535 3891 586 3945 Dli.
605 3923 637 3933 -
657 3894 688 3962 7)
706 3893 748 3948 BC
765 3909 837 3947 esse
863 3902 1029 3963 poterunt.
