2642 4330
127 279 234 340 *aaa
394 364 401 378 ι
492 276 720 355 nmnmcmo
743 277 894 356 Qunam

81 469 86 476 ¹
170 395 372 460 NOVIOIUS:
393 397 469 458 Puto
492 398 570 474 quod
589 399 675 460 fuerit
695 387 809 476 spiritus
830 389 1033 458 iomicationia
1074 397 1211 460 MONA-

172 485 291 550 OHUSt
313 484 398 546 Justc
411 488 545 546 moveris.
587 486 681 562 Saepe
694 489 770 547 enim
781 493 933 562 peccatum
945 491 1065 561 peccato
1083 489 1211 562 punitiu,

172 578 201 632 et
222 590 274 649 per
300 571 413 647 lapsum
438 575 531 632 carnis
551 575 687 648 superbia
707 576 811 634 mentis
832 576 862 632 in
883 572 979 632 mullis
991 569 1007 654 ¹)
1035 573 1209 642 humiliatur.

128 699 131 708 ,
171 659 243 718 Inde
269 658 360 718 habes
389 659 521 735 exempla
547 660 670 735 plurima
697 662 727 718 in
755 661 962 736 Vitaspatrum.
1005 659 1210 720 NOVIGIUS:

171 746 273 806 Potest
293 746 423 824 diabolus
444 745 558 806 laedere
580 744 733 829 aliquem2)
762 753 848 825 prout
868 745 952 806 vult?
973 731 1210 806 MONACHUS:

171 832 363 908 Nequaquam
385 835 445 892 sine
457 833 514 892 Dei
527 836 721 909 permissione,
744 840 772 894 et
786 834 842 894 hoo
858 836 1030 910 incorpore,
1052 836 1127 893 sicut
1140 833 1211 894 Job.

171 919 326 996 Nunquam
346 936 415 980 vero
436 921 466 978 in
487 923 583 980 anima
604 920 749 980 hominem
777 920 891 982 laedere
912 927 1015 995 potest,
1037 919 1066 978 id
1087 926 1145 994 est,
1178 928 1215 988 ut
1310 991 1311 994 Ἴ

173 1023 239 1066 eum
260 1013 381 1082 peccare
404 1013 500 1084 cogat,
520 1009 581 1065 nisi
596 1013 692 1067 mente
714 1010 882 1068 consentiat.

413 1199 417 1224 ¹
529 1213 764 1275 clemonem
782 1215 848 1274 nu

260 1353 349 1432 Quod
369 1351 505 1413 diabolos
526 1355 626 1413 nmilia
647 1357 685 1414 sit
707 1355 784 1448 leoni
814 1355 856 1414 ad
875 1358 1002 1431 capitem
1024 1356 1123 1431 lipoto.
1146 1429 1150 1438 .

164 1536 169 1558 ¹
195 1545 200 1556 ¹
236 1527 380 1588 Diabolus
401 1527 500 1588 similis
529 1534 573 1588 est
599 1545 668 1589 urso
697 1531 757 1588 sive
786 1527 862 1589 leoni
891 1528 929 1589 ad
958 1531 1082 1606 stipitem
1108 1527 1213 1608 ligato,
1310 1577 1311 1590 ,

173 1617 223 1692 qui
243 1615 310 1675 licet
330 1617 360 1674 in
382 1622 484 1675 catena
505 1633 559 1676 sua
579 1619 673 1693 rugiat
695 1618 841 1691 circuiens,
865 1618 1009 1676 neminem
1029 1623 1126 1676 tamen
1147 1617 1214 1677 lae-

174 1701 223 1777 dit,
244 1704 298 1762 nisi
320 1719 407 1780 quem
426 1703 501 1762 inira
522 1721 607 1762 suum
628 1703 765 1763 circulum
786 1705 920 1779 rapuen't.
951 1703 1069 1763 Diaboli
1082 1709 1215 1780 poteslas

173 1795 276 1849 catena
297 1789 410 1849 divinae
432 1789 612 1849 cohibitionis
634 1789 790 1850 siccitate
812 1796 869 1864 est,
891 1797 923 1849 ut
944 1793 1086 1850 neminem
1108 1808 1214 1867 cogere
1310 1811 1311 1814 ¹

173 1878 265 1952 possit
284 1875 323 1936 ad
344 1876 535 1954 peccandum,
567 1879 623 1936 nisi
654 1876 692 1936 ad
721 1894 788 1936 eum
815 1878 990 1954 inpediatur
1017 1892 1069 1954 per
1098 1880 1214 1955 peccati

173 1980 353 2023 consensum.
397 1963 562 2023 Secundum
583 1963 757 2039 Apostolum
776 1963 911 2040 Petrum,
931 1970 1071 2041 tanquam
1090 1964 1135 2024 leo
1157 1982 1212 2024 ru-

171 2052 253 2127 giens
275 2052 374 2138 circuit
393 2052 424 2110 iu
445 2067 499 2109 sua
521 2057 631 2126 catena,
654 2047 793 2125 quaerens
815 2068 901 2126 quem
924 2051 1041 2112 devoret
1052 2048 1083 2132 ³).
1114 2051 1212 2128 Saepe
1310 2089 1311 2106 t

172 2142 287 2198 sanctos
308 2139 386 2196 viros
406 2143 493 2197 terret
515 2143 544 2197 et
563 2136 690 2215 impedit,
712 2138 764 2198 sed
785 2154 889 2198 nocere
909 2155 968 2198 non
989 2143 1092 2214 potest
1189 2147 1193 2157 '

526 2344 760 2406 CAPITULUM
781 2346 862 2406 LIII.

369 2485 418 2544 De
438 2481 580 2544 canonico
601 2485 755 2545 Bonnense·
776 2485 815 2544 ab
837 2503 871 2545 co
893 2493 1013 2547 tentato.

236 2620 271 2679 In
291 2620 438 2682 Bonnensi
460 2622 594 2698 ecclesia,
626 2625 700 2684 sicut
726 2623 824 2683 audivi
850 2625 888 2683 ab
911 2625 972 2684 eius
995 2625 1212 2698 concanonicis,
1310 2661 1311 2666 κ

171 2709 215 2765 vir
237 2707 354 2782 quidam
376 2711 482 2769 exstitit
504 2716 600 2770 castus
620 2711 799 2786 multumque
821 2711 985 2787 religiosus,
1008 2712 1054 2771 cui
1075 2709 1211 2771 diabolus
1310 2695 1311 2772 ἶ

171 2796 212 2853 ita
235 2799 297 2854 erat
316 2795 444 2872 infestus,
465 2803 498 2856 ut
518 2814 605 2872 saepe
626 2799 760 2858 noctibus
774 2815 840 2857 eum
866 2797 992 2857 lecturus
1010 2803 1085 2856 esset
1103 2796 1210 2857 lectio-
1310 2843 1311 2856 ,

170 2896 238 2940 nem
267 2880 305 2939 ad
333 2886 501 2959 matutinas,
533 2884 645 2943 literam
673 2890 782 2961 tegeret
807 2884 855 2946 vel
883 2885 981 2944 lolium
1009 2865 1145 2958 venelet,
1179 2893 1213 2945 et
1310 2867 1311 2950 Ῐ

170 2965 344 3044 quandoque
365 2969 463 3030 lumen
484 2971 655 3035 exsufflaret
697 2971 763 3032 Hoc
782 2971 848 3031 ideo
871 2974 943 3048 egit,
970 2977 1002 3030 ut
1022 2973 1114 3030 virum
1136 2987 1210 3030 san-
1310 2957 1311 2994 ³

131 3079 134 3086 ·
171 3060 249 3113 cmm
271 3071 367 3116 coram
388 3056 521 3117 inanibus
544 3057 742 3133 confunderet,
775 3065 804 3116 et
832 3057 1031 3118 confundendo
1053 3057 1090 3118 ad
1110 3059 1210 3133 impa-

165 3142 306 3201 tientiam·
319 3151 498 3217 provocaret.
542 3144 629 3205 Cuius
650 3147 778 3222 nequitia
799 3151 879 3204 tanta
901 3151 959 3220 est,
987 3151 1020 3204 ut
1051 3161 1116 3204 cum
1137 3144 1210 3204 reli-

170 3229 268 3304 giosos
288 3230 397 3289 usitare
418 3231 467 3291 vel
486 3232 623 3309 impedire
643 3251 702 3294 non
723 3229 847 3312 valeti),
879 3231 981 3292 saltem
1010 3235 1060 3290 eos
1090 3231 1211 3292 irrideat

156 3311 229 3394 ἀΰ)
251 3316 416 3376 subsannet.
1041 3337 1042 3342 ¹

188 3710 219 3779 1)
237 3709 258 3764 B
275 3713 307 3764 in
324 3711 400 3766 illis.
418 3743 450 3752 -
472 3715 504 3784 2)
521 3714 563 3769 BG
580 3715 720 3784 aliquem
737 3713 880 3768 laedere.
900 3745 931 3753 -
955 3714 987 3783 3)
1002 3713 1071 3774 l'etr.
1089 3713 1113 3777 i,
1131 3715 1164 3777 5,
1180 3717 1208 3768 8.

239 3810 272 3820 -
289 3781 322 3850 4)
338 3782 359 3835 Β
383 3782 502 3838 valeat.
521 3815 552 3826 ·-
578 3787 610 3855 5)
628 3784 769 3838 irrideat
786 3794 818 3837 et
836 3801 876 3839 om
894 3784 929 3850 D;
948 3785 1026 3836 ceteri
1042 3783 1100 3836 libri
1117 3799 1209 3836 omnes
1310 3817 1311 3830 η

166 3856 168 3860 ’
238 3849 333 3904 habent
349 3851 506 3932 impediat
523 3864 563 3907 et.
