2594 4302
489 228 718 297 obtinuero
743 226 901 296 naonis

529 424 762 488 CAPITULUM
787 427 873 489 XIV.

228 529 276 604 De
304 561 444 606 convoco
464 551 548 608 cutus
570 551 704 608 oratione
726 550 787 610 cllo
808 547 965 626 confracto
981 549 1162 610 mambae

535 636 589 694 illa
602 631 624 708 ¹)
645 643 790 714 reparata
810 643 862 696 cst.

242 769 311 830 Fuit
330 775 359 832 in
371 772 584 834 Hemmeurods
605 791 760 836 convensus
782 774 899 852 quidam
919 776 1014 836 bouus
1034 775 1217 840 Evarbudus

178 859 310 933 nomine,
338 868 434 920 custos
458 861 571 922 mediae
598 869 709 938 portes.
751 861 781 921 Is
808 861 963 940 aliquando
990 881 1125 940 egressm
1149 881 1218 928 curo

178 945 313 1006 iratribus
333 951 518 1024 parpontariis
538 952 668 1026 tempom
689 949 802 1026 hyemis
823 951 852 1008 iu
874 949 985 1024 silvam,
1009 967 1110 1010 eorum
1131 958 1219 1010 utari·

176 1033 243 1093 silia
269 1033 463 1110 custodiebat,
488 1041 520 1094 et
544 1036 654 1096 cibaria
679 1037 879 1112 praeparabat.
921 1035 988 1098 Una
1015 1035 1125 1098 dioran
1150 1055 1220 1098 eum

180 1121 264 1180 solito
286 1121 394 1181 tardius
416 1125 585 1182 surrexisset
602 1122 643 1180 ad
665 1121 791 1198 vigilias,
810 1125 936 1199 egressis
955 1123 1089 1184 tratribus
1111 1124 1152 1184 ad
1172 1123 1220 1184 la-

178 1207 293 1283 berem,
321 1211 384 1284 ipse
411 1211 554 1270 orationes
582 1227 650 1268 ruas
678 1209 871 1285 accelerabat,
899 1216 932 1268 ut
950 1210 1007 1270 illis
1025 1211 1222 1286 ptdmeutaria

179 1294 376 1371 tempestivius
403 1311 574 1372 praeparare
602 1293 781 1375 potuisset'b
823 1295 902 1356 Irutcr
918 1297 1061 1358 orandum
1080 1301 1222 1375 apposuit

179 1381 266 1440 ollam
294 1397 408 1442 aeream
435 1383 520 1458 loco,
542 1382 599 1442 scd
626 1400 733 1458 squam
755 1382 861 1444 oblittrs
879 1389 927 1443 est
946 1384 1102 1446 mlusdoee.
1147 1385 1223 1452 Post

178 1467 280 1528 horam
302 1469 380 1530 oleru
400 1472 593 1545 impositurus,
612 1472 720 1528 invenit
740 1469 827 1528 ellam
849 1470 1032 1547 ωιιιοιιιιιιις
1058 1473 1222 1548 subitoque

179 1557 311 1616 turbatus
340 1563 369 1615 et
396 1557 488 1616 iactus
514 1558 576 1616 sinc
604 1556 738 1632 consilio,
765 1564 799 1615 ut
827 1558 993 1617 subveniret
1013 1558 1088 1618 ollae
1109 1577 1221 1635 aquam

178 1641 309 1720 frigidam
343 1643 453 1702 infudit.
506 1643 547 1702 At
574 1643 623 1701 iila
651 1649 684 1701 at
705 1660 780 1702 suae
805 1647 927 1702 naturae
957 1650 1015 1720 cst,
1051 1644 1221 1706 dissiliendo

69 1779 70 1786 ,
176 1733 274 1790 sotim
283 1727 303 1810 ³)
333 1731 477 1790 contracta
501 1736 558 1790 est
599 1729 697 1788 Aliam
723 1746 792 1790 vero
814 1730 901 1790 ollam
921 1733 951 1788 in
973 1749 1031 1806 qua
1050 1731 1222 1796 laborantes

177 1823 344 1894 procuraret
370 1835 428 1876 non
456 1816 582 1892 habens,
610 1834 706 1894 genua
733 1817 771 1877 ad
793 1818 956 1876 orationem
977 1818 1069 1895 flexit,
1098 1826 1220 1880 etcum

179 1904 301 1964 lacrimis
316 1903 413 1963 Deum
428 1904 591 1981 suppliciter
606 1902 777 1979 imploravit,
798 1909 830 1961 ut
849 1905 1071 1964 miscricordiam
1093 1913 1125 1965 et
1149 1925 1222 1967 con·
1266 1961 1267 1966 ,

179 1991 273 2051 silium
294 1993 347 2051 sibi
368 1990 456 2066 daret,
478 1997 619 2066 quatenus
639 2007 692 2066 pro
714 1993 829 2050 nomine
849 2008 903 2051 suo
921 1990 1088 2052 laborantes
1113 2010 1223 2071 exspe-

181 2085 257 2139 ctato
291 2095 348 2138 non
382 2080 560 2155 privarentur
588 2075 691 2137 edulio.
750 2077 819 2136 Pius
851 2077 994 2137 Dominus
1025 2078 1222 2141 humilitatem

179 2168 325 2226 ministerii
339 2169 400 2225 eius
414 2164 573 2239 attendens,
595 2166 752 2222 orationem
769 2166 829 2225 eius
842 2163 997 2224 exaudivit.
1027 2165 1083 2241 Qui
1095 2185 1221 2245 surgens

179 2254 217 2315 ab
233 2256 368 2328 oratione,
387 2251 472 2311 ollam
495 2251 615 2312 eandem
628 2253 708 2310 iuxta
721 2267 753 2310 se
768 2252 907 2328 integrum
920 2259 1221 2332 stantemconspexit.

181 2340 295 2401 Gratias
316 2342 401 2417 igitur
423 2356 512 2416 agens
530 2335 605 2413 Deo,
627 2337 861 2414 cllamaarripuit,
882 2355 989 2412 aquam
1005 2339 1122 2415 inludit,
1139 2344 1221 2419 igni-

178 2429 233 2489 bus
255 2427 392 2501 admovit,
414 2426 492 2486 olere
504 2427 640 2502 imposuit
652 2430 687 2484 et
704 2441 739 2486 ea
760 2443 846 2500 quam
866 2425 994 2484 velocius
1014 2429 1110 2501 potuit
1131 2433 1221 2489 coxit

178 2515 291 2593 Quibus
303 2513 475 2573 sufficienter
489 2512 624 2586 decoctis,
644 2510 744 2571 horam
757 2513 870 2571 tertiam
884 2509 1096 2592 significavit⁴);
1114 2521 1145 2574 et
1154 2517 1220 2576 ira·

132 2641 136 2651 ·
176 2611 234 2663 tres
269 2604 396 2660 oratione
432 2598 575 2675 completa
610 2599 647 2658 ad
682 2596 867 2658 reficiendum
895 2598 1093 2659 consederunt.
1145 2602 1220 2663 Post
1264 2615 1265 2649 t

176 2691 359 2749 reiectionem
388 2693 484 2746 autem
498 2685 624 2763 professi
646 2692 727 2759 suut,
756 2686 824 2759 quia
844 2691 911 2744 toto
932 2685 980 2743 illo
1002 2692 1135 2762 tempore
1159 2707 1218 2766 quo

175 2778 215 2837 ibi
237 2777 376 2836 demorati
396 2775 520 2848 fuerant,
541 2779 600 2831 tam
621 2773 699 2831 bona
721 2771 799 2831 olera
819 2789 877 2832 non
900 2772 1107 2851 comedissent,
1130 2777 1218 2837 simul

176 2874 205 2925 et
233 2860 325 2924 mirati
353 2867 434 2936 sunt,
466 2859 544 2936 quod
566 2860 648 2918 citius
670 2858 753 2917 solito
774 2861 888 2918 tertiam
905 2859 1114 2938 significasset,
1148 2881 1217 2924 cum
1263 2827 1264 2911 l

173 2951 220 3012 illc
243 2969 278 3012 ex
300 2950 434 3011 diverso
425 2964 504 3024 ipsos
515 2947 700 3024 indignantes
709 2941 729 3026 ⁵)
744 2952 889 3022 putasset,
913 2945 990 3021 quod
1004 2946 1115 3007 tardius
1129 2951 1216 3012 solito

174 3049 238 3099 eam
252 3036 403 3114 pulsasset
425 3035 589 3094 Nimirum
581 3051 610 3090 ιιι
633 3032 799 3092 decoctione
820 3024 902 3112 illut)
920 3032 1021 3093 horam
1042 3034 1098 3092 sibi
1120 3036 1263 3112 pluri-

172 3134 250 3186 tuam
263 3124 440 3200 praeterisse
453 3119 620 3194 crediderat,
641 3120 709 3196 quia
729 3119 842 3179 divinae
863 3122 1070 3196 cooperationis
1090 3123 1216 3184 inaesti·

170 3211 305 3272 mabilem
334 3209 576 3284 dispensationem
599 3223 657 3266 non
679 3204 763 3282 plene
784 3207 934 3266 sentiebat
972 3205 1023 3266 De
1044 3208 1215 3272 obedientia

169 3315 238 3360 vcro
259 3299 432 3374 subiungam
453 3292 660 3368 miraculum,
652 3309 710 3353 ram
732 3289 837 3374 dicto)
860 3293 1052 3354 excellentius.

186 3529 468 3608 l)illuaddrllr'..-·-
437 3531 836 3602 -aJ-s-ssprsapnrarat
803 3531 1211 3600 MSJBCPstatirnrlissi-
1260 3565 1261 3572 ι

235 3605 407 3728 ιιοιιιιιὲ-
427 3604 677 3674 lJDsignevit,
669 3602 1012 3724 ,etotridento:ligunduissnoatt
1039 3601 1157 3725 ani.
1132 3606 1199 3671 V,
1157 3625 1208 3727 ,ἴ

179 3675 737 3880 olasslttercrrffrssnaiiguessffgggnlesritltt
754 3688 937 3862 ligurinum,
935 3689 983 3794 gll
1001 3689 1157 3811 tgmpsur
1143 3674 1208 3798 sibl
1259 3811 1260 3826 χ

231 3831 461 3885 puriorum-
570 3825 847 3863 mracuururso
