2664 4308
470 295 529 356 ΒΕ
547 293 705 356 ΒᾹΝΟΤΑ
720 294 863 358 udum.
888 364 892 372 ⁴
1146 302 1187 360 35

147 435 242 495 moue
258 417 415 494 post-solis
436 435 572 478 oceasum
593 419 648 494 ipsi
664 417 826 480 voventes?
868 415 1072 480 NOVIOIUS:
1094 419 1188 482 Video

146 513 177 565 et
195 504 329 566 adarim
370 503 607 566 MONAOHUS:
641 504 798 565 Considera
824 523 948 582 ysenam
977 509 1040 566 eius
1067 509 1097 565 in
1118 507 1189 568 Sar-

145 592 241 669 dsaay
257 589 288 674 ¹),
319 607 394 668 qnae
415 595 444 651 in
467 609 581 652 earnem
602 608 688 651 versa
709 592 805 652 oleum
825 595 887 652 sine
909 595 1069 654 cessatione
1091 594 1190 656 stillet.

141 678 238 739 Huius
258 681 300 740 rei
329 683 418 738 testas
438 677 658 739 innumerabiles
680 685 764 754 sunt,
791 681 841 756 qui
869 679 905 740 de
936 679 1037 739 eodem
1066 680 1131 742 loeo
1158 683 1188 743 iu

140 767 258 826 instanti
285 767 448 841 venientes,
477 766 572 826 oleum
601 765 679 842 quod
706 768 736 825 in
766 765 858 826 oeulis
878 768 1006 842 ipsorum
1028 766 1064 827 de
1086 768 1189 832 eadem

141 869 225 914 saera
245 853 371 929 imagine
391 859 539 928 reeepurm
561 859 612 927 est,
630 849 815 932 tamnobis²)
828 870 915 930 quam
930 855 1030 913 ceteris
1050 854 1189 932 religiosis

140 939 353 1000 distribuerunt
387 938 424 997 Iu
438 939 611 1015 quibusdam
632 956 703 999 vero
717 939 850 1016 ampullis
871 945 984 1003 loteste
1004 940 1189 1004 idemoleum

139 1028 238 1102 incipit
253 1028 403 1108 inestuans
430 1025 518 1102 Quod
538 1028 630 1088 virtus
649 1026 772 1086 nominis
788 1026 900 1092 Mariae
923 1027 1078 1094 daemones
1100 1028 1188 1106 fuget,

141 1119 256 1190 praesto
278 1119 347 1172 sunt
368 1113 508 1189 exempla.

485 1285 719 1348 CAPITULUM
743 1286 849 1352 XXV«

241 1409 289 1470 De
310 1424 459 1481 oenomao,
483 1413 535 1490 qui
551 1427 609 1486 per
630 1411 694 1473 Ave
715 1408 820 1468 Mario
842 1407 880 1470 ob
903 1407 1093 1486 infestatione

490 1495 601 1556 diaboli
625 1495 768 1556 liberatus
791 1503 843 1560 esi..

206 1617 317 1678 Retulit
336 1615 407 1679 nihi
427 1616 574 1678 Wolterus
596 1615 633 1678 de
653 1616 778 1678 Birbeeh
799 1617 959 1677 monachus
981 1615 1017 1678 de
1039 1615 1187 1693 causeo,

143 1703 291 1764 daonium
309 1703 433 1766 auidam
460 1720 599 1768 converso
626 1703 732 1768 ordinis
758 1706 849 1764 nostri
868 1705 909 1765 ita
929 1703 1016 1764 fuisse
1038 1704 1187 1779 infestum,

142 1801 176 1852 ut
201 1808 261 1852 uon
288 1807 340 1866 per
368 1792 574 1868 signationem,
599 1807 658 1852 non
677 1807 729 1866 per
750 1789 876 1867 aliquam
899 1792 1056 1851 orationem
1077 1791 1115 1852 ab
1137 1791 1186 1851 illo

140 1884 242 1955 posset
269 1877 396 1942 liberari.
435 1877 592 1938 visibiliter
619 1876 659 1936 illi
687 1894 844 1958 apparens,
874 1877 971 1938 multis
1000 1877 1093 1938 modis
1120 1894 1187 1940 eum

141 1967 250 2026 terruit.
292 1963 419 2028 Suasum
442 1971 486 2024 est
507 1966 534 2024 ei
554 1963 715 2040 aquodam
736 1967 797 2023 viro
811 1963 952 2040 religioso,
973 1971 1006 2024 ut
1027 1964 1186 2042 angelicam

141 2051 344 2113 montionem
362 2057 462 2116 eontra
475 2057 672 2116 occurrentem
689 2051 838 2128 proferret
882 2049 968 2125 Quod
983 2067 1050 2110 eum
1065 2052 1186 2125 iecisset,

140 2139 284 2216 malignus
310 2141 425 2214 spiritus
452 2140 535 2215 quasi
555 2139 669 2202 turbiue
696 2137 837 2214 impulsus
865 2137 1014 2197 clamavit:
1043 2137 1186 2198 Diabolus

141 2225 242 2290 dentes
256 2227 283 2286 ei
297 2227 430 2302 excutiat,
446 2227 496 2306 qui
508 2231 537 2288 te
550 2225 607 2289 hoe
622 2224 728 2286 docuit
761 2224 867 2304 Sieque
880 2225 1017 2286 liberatus
1034 2232 1077 2286 est
1090 2225 1128 2284 ab
1143 2241 1189 2290 eo,

470 2413 705 2480 CAPITULUM
737 2414 855 2477 XXVI.

245 2537 322 2600 lem
344 2537 624 2614 estasiasmeno
646 2537 747 2597 eodem
768 2535 903 2616 benefic-io
927 2537 1079 2605 illusiones

519 2624 679 2684 diabolicos
705 2627 806 2684 masis.

203 2745 323 2808 Inclusa
344 2745 501 2822 quaedam,
533 2748 607 2805 ment
627 2745 698 2806 mihi
719 2745 815 2806 retulit
836 2744 975 2822 subprior
996 2751 1108 2820 noster,
1137 2747 1186 2820 qui

137 2833 217 2894 illam
246 2835 343 2907 novit,
380 2832 428 2893 diu
457 2832 636 2894 adeemoue
664 2833 720 2892 snb
747 2834 845 2909 speeie
880 2832 975 2909 augeli
1004 2831 1188 2897 illudebatur,

137 2919 204 2982 Nou
223 2923 250 2979 ei
264 2920 333 2980 data
345 2919 438 2982 meret
460 2919 592 2980 &aretio
615 2921 772 3000 spirituum.
814 2918 956 2979 Diabolus
978 2921 1093 2995 saepius
1113 2918 1186 2982 salsa

138 3006 268 3083 quadam
295 3006 481 3066 sneunmsus
519 3005 709 3074 eladtateilli
730 3008 878 3083 apparuit,
907 3013 937 3067 st
956 3006 1092 3073 feminam
1113 3008 1184 3064 sim-

137 3094 244 3170 plicem
264 3093 431 3172 tomitanos
453 3093 621 3170 alloquens,
644 3091 690 3154 die
712 3092 839 3169 quadem
859 3095 889 3156 iu
909 3093 1073 3156 huiusmodi
1096 3093 1185 3154 verbe

136 3181 282 3258 prorupit:
308 3179 393 3244 Nune
415 3183 499 3242 renio
528 3195 710 3244 remunerare
732 3186 772 3242 te.
812 3180 962 3255 Requisita
984 3177 1086 3246 eodem
1108 3185 1184 3239 tem·

136 3284 208 3346 pore
230 3267 432 3327 aeouiessore
453 3283 506 3326 suo
538 3266 682 3348 quomodo
704 3266 832 3341 haberet,
855 3283 921 3330 euro
943 3269 969 3328 ei
989 3265 1184 3343 responderet,

137 3357 274 3432 optime3⁴
292 3354 427 3417 sacerdos
448 3356 523 3415 sieut
548 3357 595 3415 uir
610 3352 737 3436 prudens
758 3353 893 3416 fidueinn
910 3355 1102 3431 responsionis
1123 3356 1185 3413 eius

137 3440 334 3518 considerans,
363 3458 481 3504 eausam
502 3441 657 3516 inquisivit.
721 3439 775 3499 Cui
797 3457 863 3505 eum
885 3439 1079 3515 eonfiteretur,
1106 3440 1184 3517 quod

136 3529 174 3588 ab
207 3527 313 3605 angelo
340 3527 459 3591 Domini
491 3528 618 3588 erebrius
650 3528 829 3603 visitaretur,
860 3530 953 3587 seieus
985 3527 1032 3588 ille
1062 3528 1183 3588 docente

136 3614 280 3692 Apostolo
312 3614 448 3694 angeium
480 3615 663 3680 tenebrarum
695 3630 729 3678 se
759 3613 959 3692 transfigurare
991 3616 1021 3676 iu
1049 3612 1184 3690 angelum

155 3801 187 3870 1)
205 3799 337 3868 &danae
361 3799 463 3856 videtur
487 3816 544 3852 esse
573 3798 674 3852 abbatia
699 3799 732 3852 de
759 3799 871 3922 Sarnap,
893 3799 989 3852 ordinis
1010 3799 1185 3856 Cirlereiensis

207 3872 233 3924 iu
252 3869 341 3924 Gallia.
361 3899 391 3916 v
411 3871 443 3943 2]
461 3869 481 3923 (l
497 3869 693 3939 Episcopia3
714 3869 923 3935 conr.vl1‚84.
