2628 4310
214 239 275 300 268
501 233 727 299 DISTINO'HO
752 235 964 298 UNDECIMA

579 426 813 488 CAPITULUM
848 427 888 488 11.

368 548 415 607 De
436 555 531 608 mcctc
551 548 685 626 Mcyucri
706 549 865 609 sacedottr
888 548 924 608 de
946 547 1095 608 diademo.

277 670 320 730 Eo
353 675 480 745 tempore
502 687 559 745 quo
581 671 761 730 beatissimus
780 669 879 730 David
900 667 1060 728 monachus
1082 666 1247 728 Claustren·

213 759 253 816 eis
273 757 311 816 ab
333 755 388 816 hac
409 757 473 816 luce
494 758 634 833 migravit,
655 757 733 818 sacta
754 758 847 817 estin
862 756 965 816 eadem
986 755 1072 814 domo
1095 771 1175 832 quae
1196 755 1246 814 alio

212 844 325 904 nomine
346 843 558 902 Hemmenrode
580 850 708 918 vocatur,
730 843 888 903 mortalitas
909 859 1022 920 magna,
1043 841 1176 901 Domino
1201 841 1248 902 eli-

210 936 296 1016 geute
318 930 372 988 sibi
394 946 443 988 eos
465 945 538 1004 quos
559 931 618 990 vita
641 929 861 990 commendabat
881 931 1014 1004 sanctior,
1034 927 1072 988 ad
1086 928 1248 988 similitudi·

211 1032 278 1078 nem
300 1015 450 1076 columbae
473 1032 547 1090 quae
565 1016 729 1076 melioribus
750 1019 847 1093 granis
868 1018 1004 1092 pascitur.
1045 1013 1119 1074 Erat
1141 1015 1184 1074 ibi
1205 1033 1248 1074 sa-

204 1102 312 1164 cardos
333 1101 450 1176 quidam
470 1104 585 1161 nomine
605 1101 776 1179 Meynerus,
802 1102 975 1179 quandoque
997 1101 1139 1161 ecclesiae
1162 1103 1249 1161 sancti

210 1188 391 1266 Symeonis
382 1207 412 1246 ιιι
430 1187 547 1248 Treveri
566 1192 731 1264 canonicus,
754 1196 782 1248 et
804 1189 922 1248 salutari
943 1188 1138 1248 admonitione
1161 1191 1249 1249 sancti

204 1274 349 1336 Bernardi
369 1273 494 1334 Abbatis
516 1275 554 1334 ad
575 1275 704 1335 ordinem
725 1292 889 1336 conversus.
931 1274 1064 1352 Amplius
1087 1292 1181 1350 quam
1202 1278 1249 1334 tri-

210 1364 291 1439 ginta
304 1378 394 1422 annos
407 1364 436 1418 in
451 1362 549 1421 ordine
562 1361 677 1435 iecerat,
692 1367 720 1420 et
733 1361 934 1438 perplurimos
948 1361 1061 1422 labores
1073 1361 1114 1420 ad
1128 1361 1249 1422 sublim

210 1450 368 1510 sanctitatis
397 1446 509 1508 culmen
539 1450 716 1524 pervenerat.
760 1447 889 1523 Cumque
917 1451 948 1508 in
977 1446 1078 1508 eadem
1102 1447 1194 1508 domo
1216 1451 1248 1508 ob

203 1552 293 1596 suam
321 1536 493 1611 probitatem
522 1534 560 1594 ad
582 1534 695 1594 diversa
717 1534 825 1594 electus
845 1535 946 1614 suisset
966 1534 1072 1608 officia,
1101 1533 1249 1595 Prioratus

210 1621 333 1696 scilicet,
355 1620 531 1695 cellerariae,
551 1622 738 1698 grangiariae,
760 1623 915 1698 magisterii
927 1617 944 1700 ¹)
965 1623 1163 1696 noviciorum,
1185 1639 1249 1698 gra·

210 1707 299 1768 datim
320 1713 425 1782 tamen,
446 1708 579 1767 omnibus
592 1706 873 1783 irreprehensibiliter
889 1707 1102 1782 administratis,
1123 1710 1249 1785 graviter

209 1794 377 1868 infirmatus,
398 1800 518 1854 mortem
525 1790 546 1873 ²)
569 1793 670 1854 adesse
694 1793 774 1854 dolor
794 1794 950 1854 vehemens
971 1793 1120 1854 indicavit.
1164 1794 1248 1856 Cuius

209 1881 323 1942 labores
344 1879 447 1940 Abbas
469 1880 697 1955 considerans,'
689 1899 719 1939 ur
741 1881 858 1941 domum
879 1883 1060 1941 secretiorem
1083 1898 1156 1940 eum
1184 1883 1248 1958 poni

194 1969 284 2042 lecit,
306 1974 428 2044 quatuor
447 1966 485 2028 ad
506 1969 694 2026 ministerium
715 1970 776 2028 eius
800 1963 981 2046 deputatis³.)
1016 1966 1068 2026 Ille
1091 1983 1166 2027 vero
1189 1968 1279 2042 licet
1278 1973 1279 1976 ’

210 2054 349 2132 gauderet
381 2053 416 2113 de
449 2053 617 2129 solitudine,
648 2055 815 2114 tristabatur
846 2060 942 2114 tamen
972 2053 1007 2113 de
1037 2052 1169 2114 exhibito
1198 2055 1249 2114 ho-
1278 2045 1279 2115 l

210 2158 295 2217 nore,
332 2140 429 2202 dicens
464 2140 588 2200 Abbati.
627 2140 742 2201 Fratres
777 2143 824 2202 isti
858 2139 1003 2219 vigilando
1039 2145 1130 2216 atque
1168 2141 1249 2201 labo·

211 2227 300 2288 rando
329 2234 396 2287 eunt
426 2226 510 2302 lassi,
542 2244 636 2302 neque
669 2227 739 2286 mihi
771 2234 838 2288 sunt
868 2228 1029 2288 necessarii.
1080 2226 1177 2288 Grata
1211 2235 1250 2288 est

210 2314 280 2376 mihi
300 2313 432 2389 solitudo,
453 2331 547 2390 neque
568 2315 662 2374 minus
684 2314 762 2374 solus
785 2331 842 2388 ero,
863 2331 929 2374 eum
950 2313 1028 2374 solus
1052 2310 1144 2393 ero⁴).
1187 2314 1249 2374 Non

204 2403 286 2463 ‚enim
307 2398 386 2460 solus
408 2406 452 2460 est
473 2403 519 2460 cui
532 2400 647 2477 praesul
668 2407 697 2460 et
719 2407 815 2466 custos
831 2400 973 2460 Dominus
995 2399 1086 2459 adest.
1117 2399 1153 2461 Si
1168 2417 1249 2460 careo

209 2489 357 2548 hominum
372 2488 518 2562 obsequio,
541 2486 626 2548 credo
641 2486 718 2562 quod
739 2504 797 2546 non
811 2487 900 2547 deerit
918 2486 1091 2564 praesidium
1107 2485 1148 2547 de
1163 2487 1250 2548 coelo.

209 2574 326 2636 Abbate
348 2572 506 2648 recedente,
528 2581 556 2633 et
577 2573 615 2634 ad
636 2591 781 2634 sermones
802 2577 862 2634 eius
884 2576 977 2632 minus
990 2572 1171 2650 attendente,
1192 2577 1249 2650 ipse

189 2662 308 2742 ,trahes
329 2660 408 2720 abire
430 2659 581 2736 compulit,
602 2660 805 2736 lucernamque
827 2663 1001 2737 extinguere.
1042 2658 1147 2720 Media
1167 2669 1249 2720 nocte

208 2747 307 2807 Priore
339 2747 454 2807 iubente
483 2748 512 2804 in
541 2746 663 2806 eandem
684 2746 801 2807 domum
822 2747 860 2806 ad
882 2746 1016 2806 dicendas
1038 2745 1126 2807 horas
1149 2749 1250 2806 minuti

209 2836 397 2908 conveniunt,
419 2841 448 2893 et
468 2834 541 2909 igpis
562 2850 701 2894 accensus
723 2839 781 2908 est,
810 2835 877 2908 qnia
897 2832 1019 2910 hyemps
1041 2838 1111 2894 erat
1157 2833 1249 2894 Dictis

208 2923 355 2982 matutinis
375 2921 502 2979 visitavit
523 2936 590 2980 eum
610 2919 705 2996 Prior,
736 2920 869 2980 iratribus
896 2919 1004 2980 lectum
1032 2921 1094 2980 eius
1124 2921 1248 2982 circum·

207 3008 360 3068 stantibus.
402 3005 514 3082 Quibus
541 3008 596 3066 ait:
629 3007 705 3068 Tota
731 3012 816 3067 nocte
838 3006 1079 3067 sollemnizabam.
1124 3005 1159 3066 Si
1182 3025 1249 3068 cen·

207 3100 269 3156 tum
290 3093 402 3170 linguas
423 3093 575 3168 haberem,
595 3094 723 3170 intemae
744 3093 926 3154 iocunditatis
945 3091 1082 3170 gaudium
1105 3093 1250 3170 explicare

207 3197 264 3254 pon
275 3197 400 3257 possem.
431 3179 499 3240 Vidi
514 3178 646 3240 deificum
659 3180 764 3253 lumen,
785 3181 882 3241 audivi
894 3179 1047 3242 coelestem
1059 3178 1250 3253 harmoniam

206 3267 320 3328 interfui
342 3267 434 3328 choris
448 3265 631 3343 psallentium
651 3269 681 3326 in
696 3266 785 3328 coelo
818 3265 884 3329 Ach
898 3285 985 3344 quarn
999 3266 1140 3342 ordinate,
1162 3285 1250 3343 quam

207 3353 354 3429 distincte,
381 3372 469 3431 quam
496 3360 658 3414 reverenter
685 3353 856 3430 psallebant.
898 3355 995 3416 Voces
1024 3351 1144 3430 quidem
1168 3361 1251 3414 crant

206 3440 314 3502 multae
342 3447 372 3500 et
399 3441 544 3516 diversae3
573 3441 626 3500 sed
654 3440 923 3526 quemadmodum
915 3460 944 3500 ιιι
972 3441 1094 3517 cythara
1122 3445 1250 3500 varietas

207 3527 357 3588 cordarum
377 3527 547 3586 uniformem
568 3527 698 3587 reddit
682 3534 860 3602 concentum,
880 3530 921 3586 ita
942 3543 1059 3587 concors
1079 3525 1131 3587 illa
1152 3527 1250 3586 ffiver·

206 3615 305 3674 sitas
297 3631 326 3671 m
347 3631 434 3673 unam
456 3615 645 3692 conveniebat
663 3614 823 3688 melodiam,
845 3631 931 3688 supra
951 3612 1109 3672 humanum
1131 3631 1250 3673 sensum

223 3731 268 3798 1)
273 3729 373 3782 codices
397 3731 662 3798 magisterio.-
687 3731 719 3800 2)
737 3729 780 3784 ui*
806 3729 991 3782 infirmatus
1012 3738 1069 3782 est
1103 3729 1248 3784 hiertam.

277 3829 308 3840 -
327 3800 358 3867 3)
376 3799 398 3853 lt
416 3799 488 3852 eius
510 3799 686 3867 deputans,
709 3799 779 3852 Boi
796 3797 976 3866 deputans.
1001 3829 1033 3842 ·-
1052 3800 1086 3868 4]
1103 3799 1126 3853 l)
1144 3799 1247 3853 luero.
