2628 4310
192 242 255 302 320
462 239 689 303 DISTINOE'IO
713 239 954 304 DUODEUIMA

194 364 284 423 humo
304 363 424 424 iacendo
446 366 627 442 grunnientes
656 381 714 424 non
736 366 868 428 sinebant
883 367 1012 442 *propius
1033 381 1088 427 nos
1098 361 1117 445 ¹)
1136 379 1217 424 ecee

194 450 271 511 dere.
312 451 431 510 Habent
450 457 599 528 praeterea
627 449 743 511 domum
772 451 917 528 quandam
945 455 1077 527 sarsurril,
1104 451 1218 527 Capitu-
1288 485 1289 490 κ

194 536 255 598 lum
274 545 386 612 notans,
405 540 506 613 inqua
526 540 623 598 omnia
634 539 717 598 nobis
739 556 813 614 quae
834 538 1001 615 delinquunt
1012 538 1220 598 subtrabuntur.

189 623 234 682 ut
255 623 325 683 dixit
345 625 439 684 miles:
468 624 621 701 Quomodo
649 625 814 686 stultissime
842 643 930 686 ausus
955 626 1032 686 tristi
1056 625 1094 684 ad
1115 626 1220 685 obitum

195 712 249 772 tiri
269 717 329 770 tam
355 714 421 771 iusti
441 712 560 772 veniret
596 710 713 771 Ausus?
735 715 834 787 inquit.
875 713 937 789 Ego
958 729 1094 788 praesens
1113 712 1153 770 tui
1173 711 1221 770 ubi
1289 754 1290 776 ,

196 796 254 857 Dei
273 796 348 857 filius
370 801 531 875 exspiravit,
550 798 653 859 sedens
674 817 760 876 super
781 799 929 860 brachium
943 801 1043 859 mucis
1073 799 1140 858 Hoc
1157 815 1222 857 ver·
1289 793 1290 804 ’

197 885 267 945 bum
287 902 306 944 a
328 885 467 945 daemom
487 886 630 961 prolatum
651 891 680 945 et
701 904 720 945 a
739 885 813 947 laico
833 889 991 960 mutatum,
1011 888 1135 946 maxime
1155 883 1224 944 mihi

195 971 282 1030 tidem
302 972 369 1032 fecit
389 972 538 1047 dictorum,
559 989 594 1032 eo
616 973 694 1048 quod
714 975 743 1030 in
764 973 861 1049 glossa
881 970 1018 1052 legatur²)
1039 990 1127 1048 super
1143 971 1223 1030 Tiro·

195 1059 292 1136 byem.
335 1058 456 1119 Dicente
482 1059 627 1135 Waltero‚
659 1076 733 1134 quae
760 1060 813 1118 fuit
840 1062 933 1135 portio
954 1065 1051 1118 vestra
1071 1062 1101 1118 io
1123 1058 1232 1138 Christi¹

196 1144 308 1205 morte?
335 1145 495 1221 respondit:
523 1145 617 1204 Nulla.
667 1146 747 1206 Malo
774 1153 873 1206 nostro
899 1145 955 1205 illic
983 1148 1130 1221 venimus,
1159 1147 1224 1220 quia

195 1235 300 1293 virtute
320 1235 465 1292 morientis
484 1233 591 1290 turbati
613 1238 642 1291 et
669 1235 818 1309 annau,
839 1233 946 1292 detrusi
966 1249 1065 1292 sumus
1085 1234 1116 1290 in
1137 1233 1224 1291 inler-

194 1337 273 1379 num.
314 1318 409 1378 Multa
429 1319 486 1378 alia
507 1336 573 1378 eum
594 1319 734 1379 daemone
762 1321 893 1395 quotiens
915 1319 993 1378 solus
1014 1325 1078 1378 erat
1097 1319 1225 1379 conare

195 1407 260 1480 bat,
289 1422 363 1482 quae
391 1412 544 1481 postquam
575 1406 733 1481 convaluit,
761 1405 858 1466 multis
887 1408 1025 1466 recitavit
1067 1406 1122 1465 Vis
1150 1421 1225 1465 nunc

194 1493 293 1554 audire
314 1492 406 1568 qualis
426 1491 565 1568 praedicti
586 1491 703 1552 Comitis
724 1493 787 1552 linis
807 1493 890 1552 tuerit
902 1499 941 1568 ,ct
960 1490 1077 1569 poena?
1110 1491 1225 1552 NOVJ-

194 1579 297 1640 clue:
321 1578 427 1638 Etiam.
467 1577 702 1639 MONAGHUS:
729 1579 893 1639 Infirmatus
915 1581 1032 1639 veroin
1056 1585 1151 1638 castro
1175 1594 1226 1638 suo

192 1663 401 1746 Niethieoke³)‚
428 1682 480 1742 pro
509 1665 634 1741 quadam
663 1665 834 1726 contumelia
862 1667 917 1725 sibi
936 1666 1016 1726 illata
1036 1667 1117 1725 venit
1138 1665 1227 1725 Colo-

192 1755 279 1812 niam.
322 1752 464 1829 Quicum
486 1753 605 1827 rediret,
632 1755 662 1812 in
690 1755 738 1812 via
760 1753 902 1812 delectum
924 1751 1017 1812 cordis
1036 1754 1171 1827 incurrit,
1200 1757 1227 1812 et

193 1843 244 1900 ait:
269 1836 332 1899 ch
353 1856 499 1915 nunquam
521 1839 557 1898 dc
579 1845 673 1900 cetero
694 1840 799 1900 videbo
815 1839 971 1900 Coloniam.
1011 1835 1093 1918 Cup)
1115 1841 1146 1896 in
1168 1845 1227 1898 ter-

192 1943 255 1986 ram
282 1926 425 2002 deposito,
455 1944 521 1985 cum
548 1927 677 1986 medicus
705 1927 811 1986 diceret
841 1932 963 1985 mortem
984 1927 1097 1986 esseio
1118 1927 1227 1999 ianuis,

192 2015 325 2074 subiecit:
348 2012 472 2073 Consule
494 2013 545 2072 tibi
566 2019 599 2072 ut
619 2031 737 2072 uxorem
759 2020 840 2072 mam
860 2015 990 2088 recipias.
1021 2012 1227 2088 Respondente

190 2100 256 2176 illo,
276 2117 334 2160 non
354 2100 472 2176 faeiam3
494 2100 666 2176 supplicavit
686 2103 713 2160 ei
733 2117 784 2175 pro
810 2099 936 2175 quodam
957 2099 1045 2159 milite
1066 2117 1156 2175 quem
1179 2099 1226 2158 diu
1293 2163 1294 2166 ,

190 2189 424 2248 incarceraverat
472 2186 677 2262 Nequaquam,
703 2189 809 2262 inquit,
825 2186 997 2263 egredictur
1024 2203 1072 2245 me
1100 2188 1226 2246 vivente
1293 2191 1294 2238 i

190 2274 273 2334 Tunc
293 2273 436 2333 medicus:
467 2273 544 2350 Ergo
566 2279 633 2334 ante
655 2273 730 2332 diem
752 2275 905 2334 crastinum
926 2273 1094 2350 egredietur.
1139 2272 1227 2349 Quod

188 2363 230 2421 ita
250 2362 357 2421 facturn
379 2367 432 2420 est
475 2359 548 2419 Cum
570 2377 639 2420 vero
660 2363 813 2420 moriturus
834 2366 918 2434 esset,
937 2362 968 2418 in
986 2363 1052 2420 sinu
1074 2359 1226 2420 cuiusdam
1293 2407 1294 2412 1

189 2447 335 2508 adulterae
347 2445 368 2527 ⁵)
391 2463 478 2523 quam
499 2450 561 2507 viro
582 2450 696 2523 proprio
718 2447 830 2521 tulerat,
850 2448 972 2506 iacebat.
1016 2445 1070 2506 Cui
1091 2463 1161 2506 oum
1178 2445 1226 2506 illa

190 2533 311 2609 diceret,
343 2533 456 2593 domine
485 2534 677 2609 quidlaciam
698 2540 904 2609 postmortem
926 2531 1072 2592 vestram?
1102 2549 1227 2609 respou-

190 2620 243 2680 dit:
264 2620 372 2681 Juveni
392 2623 500 2680 nubere
514 2620 602 2681 debes
623 2621 713 2680 militi.
754 2620 837 2680 Haec
858 2622 884 2678 ei
906 2620 995 2680 verba
1011 2619 1115 2680 ultinm
1135 2620 1226 2680 tuere

188 2707 299 2768 Eadem
319 2714 419 2783 nocta,
440 2710 514 2766 sicut
534 2707 604 2766 mihi
625 2707 721 2768 retulit
741 2705 845 2766 Abbes
866 2706 982 2782 quidam
1000 2707 1107 2766 ordinis
1126 2710 1225 2781 nostri,

187 2794 409 2855 sanctimonialis
430 2794 572 2870 quaedam
600 2797 691 2853 sancti
712 2793 838 2852 Mauritii
858 2795 888 2852 in
911 2792 1044 2868 Colonia,
1076 2795 1107 2852 in
1127 2788 1225 2872 loca‘)

187 2897 344 2956 poenarum
371 2884 543 2956 transposita
564 2887 621 2956 est,
649 2881 805 2956 inquibus
826 2886 944 2954 puteum
965 2882 1062 2956 magni
1082 2879 1225 2953 horroris,

186 2969 272 3045 igneo
299 2975 407 3028 tectum
435 2968 585 3043 operculo,
612 2971 686 3027 inter
710 2967 842 3026 flamme
862 2966 934 3024 vidit
953 2967 1133 3043 sulphureas.
1178 2967 1224 3026 De

187 3072 245 3132 quo
278 3073 343 3114 eum
371 3072 455 3113 suum
484 3055 632 3114 ductorem
664 3050 954 3132 adinterrogasset²)‚
985 3053 1133 3129 respondit
1160 3054 1224 3113 ille:

186 3141 272 3202 Duae
293 3148 404 3200 tantum
426 3143 537 3202 animae
557 3144 586 3200 in
606 3141 655 3199 illo
678 3137 790 3219 sunt⁸),
813 3142 909 3199 anima
930 3138 1063 3199 videlicet
1082 3139 1224 3200 Maxentii

186 3227 385 3306 Imperatoris,
415 3233 443 3287 et
471 3231 566 3288 anima
594 3227 741 3288 Wilhelmi
763 3227 881 3286 Comitis
908 3225 1090 3286 Juliacensis.
1132 3225 1223 3286 Mane

184 3317 278 3375 risum
305 3317 442 3389 recitans,
470 3331 536 3374 cum
565 3314 666 3374 cadem
694 3315 740 3374 die
768 3331 865 3373 rumor
891 3315 1063 3374 insonuisset
1084 3312 1223 3374 Coloniae

99 3468 103 3476 ,
185 3402 221 3463 de
249 3409 341 3462 morte
370 3401 497 3464 ciusdem
519 3401 652 3478 Comitis,
680 3404 820 3461 nemnem
845 3401 933 3460 luisse
953 3417 1055 3460 veram
1073 3399 1223 3460 intellexit

203 3606 233 3676 1)
251 3605 338 3660 BCEF
354 3597 411 3658 n'or
429 3608 573 3674 propius.
586 3636 616 3647 —
629 3607 660 3673 2)
675 3605 696 3659 u
714 3605 848 3727 lepitur.
862 3635 892 3646 -
905 3605 937 3672 3)
951 3603 994 3658 llll
1011 3603 1221 3672 liydeokc‚ll

252 3676 377 3728 lliteke.
397 3706 427 3716 -
448 3678 480 3744 4)
498 3677 517 3729 B
540 3691 610 3746 quo.
630 3705 661 3716 -
681 3676 712 3744 5)
731 3675 751 3728 C
774 3675 814 3728 ΕΡ
832 3683 858 3726 et
876 3690 932 3727 corr
950 3674 972 3727 A
989 3683 1169 3727 matronae.
1189 3705 1219 3716 -

249 3745 514 3869 g)ttcuffiu¹v?co'
532 3747 553 3799 l)
571 3743 844 3814 locum-'0801l
861 3747 1114 3816 interrogasset.
1134 3773 1168 3788 ·-
1188 3745 1220 3812 8)
