2642 4330
453 293 507 354 DE
529 293 819 356 SIMPLIOITATE.
1088 298 1149 358 345

110 435 220 495 scopus
243 416 508 492 temporequcdam
521 417 617 495 plures
639 435 675 477 ex
696 421 802 479 sanetis
822 419 953 494 patribus
968 415 985 499 ¹)
1007 418 1044 478 ad
1065 436 1154 494 pran-

111 507 193 566 dium
213 507 374 579 invitasset,
396 506 492 580 eisque
514 521 613 564 earnes
628 523 663 564 ex
677 508 780 566 aribus
802 508 990 582 apposuisset,
1013 507 1156 581 putebant

112 611 145 653 se
168 609 273 652 omnes
296 591 373 650 olera
393 589 556 666 comedere,
584 592 675 652 donec
703 594 741 651 ab
763 595 826 668 ipso
847 593 990 668 proditum
1013 592 1155 668 estquod

112 682 282 756 appositum
303 677 402 736 fueret.
444 678 510 736 Non
533 680 607 737 enim
630 684 691 738 erat
710 679 765 738 illis
785 682 864 742 visus
887 697 953 738 omn
973 687 1060 756 gustu
1071 681 1155 740 abla-

112 774 169 842 tus,
192 766 246 824 sed
267 772 384 840 propter
412 767 559 824 caritatem
585 767 784 839 ministrantis,
817 766 951 825 divinitus
979 769 1155 827 immutatus.

111 853 214 913 Simile
237 869 313 927 pene
336 855 394 928 egit
406 851 537 911 dominus
550 852 697 912 Eustridus
707 850 727 933 ²)
749 853 885 912 Decauus
908 856 999 912 saneti
1020 853 1155 913 Andreae

110 940 293 1015 temporibus
320 942 400 998 meis.
449 939 515 998 Hoc
537 942 623 999 etiam
644 942 771 1014 noveris,
802 939 880 1014 quod
902 957 938 998 er
960 940 1155 1000 dissuetudine

111 1022 263 1105 scientia³)
288 1025 464 1084 discernendi
485 1029 558 1084 inter
580 1027 659 1085 cibos
680 1029 776 1102 gustui
797 1029 949 1085 minuatur.
991 1025 1057 1085 Non
1080 1029 1155 1086 enim
1192 1049 1194 1056 ·

24 1113 30 1124 '
110 1115 217 1172 mirum
229 1115 253 1170 si
265 1112 395 1171 dominus
406 1112 591 1172 Theobaldus
602 1112 704 1172 Abbas
717 1113 935 1188 Eberbacensis,
957 1115 1005 1188 qui
1026 1116 1056 1171 in
1071 1117 1177 1188 quin-1

112 1203 253 1276 quaginta
281 1217 332 1257 sex
352 1202 448 1274 aunis,
478 1201 581 1274 quibus
603 1202 632 1256 in
664 1198 762 1258 ordine
783 1200 850 1275 luit,
878 1217 1026 1275 nunquam
1054 1217 1155 1260 carnes

112 1287 249 1361 comedit,
271 1286 325 1344 sub
334 1292 402 1361 typo
413 1288 533 1361 piscium
542 1285 604 1344 illas
613 1286 798 1362 comedendo,
819 1286 877 1346 falli
894 1287 1042 1362 potuisset
1063 1287 1156 1348 Prae·

112 1373 207 1432 dictus
220 1375 297 1432 enim
307 1372 456 1430 Enslridus
466 1391 517 1447 pro
528 1374 630 1431 rumbo
645 1373 793 1432 monachis
805 1391 904 1433 cemes
916 1376 1056 1448 apposuit,
1076 1380 1105 1433 et
1115 1373 1155 1432 illi

9 1487 11 1494 v
112 1460 312 1520 comederunt.
355 1458 557 1519 NOVIOIUS:
581 1458 687 1518 Casum
709 1460 786 1519 huuc
806 1461 918 1535 plenius
941 1478 1025 1520 nosse
1042 1461 1155 1520 vellem.

111 1545 353 1606 MONACHUS:
377 1545 438 1604 Viri
461 1546 544 1605 huius
565 1546 736 1606 venerabilis
758 1549 818 1606 vita
838 1550 924 1605 tantis
946 1547 1156 1608 misericordiae

113 1634 262 1714 operibus
275 1634 381 1704 exstitit
403 1639 510 1708 oruata,
531 1640 564 1690 ut
584 1632 670 1708 digna
691 1635 727 1692 sit
747 1636 814 1708 poni
837 1651 922 1710 super
944 1634 1156 1694 candelabrum.

113 1721 223 1779 Casum
247 1717 283 1778 de
307 1721 363 1794 'quo
386 1723 508 1794 quaetio,
531 1719 690 1794 etreliqua
719 1723 780 1778 eius
803 1737 905 1796 opera,
928 1737 1002 1795 quae
1025 1739 1060 1779 ex
1073 1728 1154 1796 parte
1189 1763 1192 1768 -

112 1807 189 1881 vidi,
223 1813 253 1865 et
283 1822 319 1863 ex
347 1812 428 1881 parto
457 1807 519 1864 aliis
540 1806 725 1866 referentibus
748 1806 848 1880 didici,
877 1806 936 1864 fida
958 1808 1008 1865 tibi
1029 1807 1155 1883 pandam

113 1894 264 1954 relatione.
307 1891 342 1950 In
372 1893 472 1951 eadem
502 1896 576 1951 enirn
606 1893 742 1968 ecclesia,
773 1896 802 1952 in
836 1911 893 1968 qua
919 1892 1055 1952 Decanus
1087 1894 1156 1967 luit,

111 1981 211 2040 literas
244 1978 345 2053 didici,
378 1985 407 2038 et
432 1984 559 2056 poenitet
586 1997 633 2038 me
654 1998 731 2040 nunc
764 1980 883 2061 deeius
912 1981 1064 2038 virtutibus
1094 1987 1155 2039 iam

111 2085 211 2144 pauca
227 2068 423 2142 investigasse.
435 2137 441 2151 ·

380 2315 386 2322 .
488 2255 722 2316 CAPITULUM
751 2257 788 2317 V.

144 2379 218 2438 Vita
240 2378 353 2437 dernier·
373 2377 508 2454 Enefrtdi
519 2380 644 2460 ’Decurre'
665 2382 760 2438 eoacti
781 2379 919 2438 Andreae
941 2383 973 2438 iro
996 2377 1128 2448 Colonia.
1210 2375 1213 2384 '

181 2501 275 2578 Igitur
302 2500 450 2559 Ensfridus
473 2500 508 2558 dc
528 2500 704 2575 Episcopatu
732 2499 893 2560 Coloniensi
923 2501 1057 2560 oriundus
1086 2502 1150 2577 suit,
1250 2560 1253 2568 ,

115 2591 161 2648 vir
181 2588 303 2664 simplex
326 2594 354 2646 et
375 2594 468 2646 rectus
492 2593 520 2645 et
540 2589 569 2644 in
592 2586 799 2646 misericordiae
821 2588 954 2663 operIbus
975 2591 1155 2664 praecipuus.

116 2675 219 2751 Qualis
242 2677 304 2734 eius
325 2677 385 2733 vita
406 2681 472 2733 ante
495 2673 685 2734 sacerdotium
707 2671 807 2749 diarii,
837 2675 885 2734 vel
906 2675 974 2750 quid
1003 2679 1032 2733 in
1053 2676 1154 2735 adole-

114 2764 226 2822 scentia
237 2763 334 2838 egerit,
355 2764 460 2821 nescio.
504 2759 589 2836 Quod
605 2767 781 2819 autemeam
802 2761 851 2820 illo
863 2765 981 2820 creverit
1005 2768 1155 2822 etcouva-
1224 2773 1230 2789 '

115 2849 201 2908 luerit
209 2845 231 2928 ι)
254 2849 406 2922 miseratio,
429 2866 464 2906 ex
485 2844 624 2927 actibus⁵)
650 2850 710 2906 eius
729 2850 913 2922 sequentibus
926 2849 1037 2926 colligo.
1070 2848 1155 2925 Quod

117 2933 216 2995 docilis
238 2936 323 2994 fuerit
349 2937 476 3010 ingenio,
501 2934 636 2992 sollicitus
657 2937 685 2992 in
709 2933 858 3010 discendo,
881 2935 998 2994 effectus
1021 2952 1155 3011 compro-

116 3024 205 3081 bavit
249 3021 334 3081 Adeo
364 3024 439 3080 euim
466 3023 495 3080 in
510 3020 677 3096 puerilibus
705 3020 840 3080 fundatus
862 3029 937 3097 erat,
959 3029 999 3097 ut,
1021 3025 1095 3081 sieut
1116 3024 1154 3082 ab
1235 3055 1262 3078 ·.

118 3125 153 3168 eo
176 3107 289 3181 audivi,
317 3110 428 3167 iuvenis
457 3107 569 3166 scholas
597 3113 723 3183 regeret,
757 3115 785 3166 et
811 3109 949 3184 plurimos
977 3115 1038 3168 tam
1065 3111 1154 3170 verbo

117 3213 205 3272 quam
227 3195 374 3278 exemplo,
402 3212 461 3253 non
490 3194 581 3252 solum
610 3193 648 3252 ad
677 3194 857 3270 discendum,
879 3195 946 3270 sed,
967 3196 1044 3271 quod
1066 3197 1156 3272 pluris

119 3279 210 3362 est⁶),
243 3281 282 3341 ad
310 3283 384 3341 bene
414 3280 568 3340 vivendum
597 3281 767 3340 informaret.
819 3281 972 3342 Ordinatus
1005 3283 1155 3358 sacerdos,

119 3368 271 3429 ecclesiam
292 3370 322 3426 in
345 3368 497 3444 Sigeberg,
519 3368 684 3443 parochiam
699 3368 807 3427 scilicet
828 3371 950 3445 bonam,
972 3369 1002 3427 id
1024 3376 1079 3445 est,
1099 3372 1154 3430 ob-

120 3456 274 3514 lationibus
296 3457 446 3530 pinguem,
474 3455 628 3532 regendam
657 3457 798 3530 suscepit,
818 3458 848 3513 in
871 3474 928 3531 qua
950 3459 1097 3515 scientiam
1126 3460 1155 3515 in

118 3548 217 3602 actum
241 3541 382 3618 produxit
424 3541 506 3602 Foris
534 3559 591 3601 non
620 3543 724 3600 mansit
752 3545 934 3620 peregrinus,
968 3547 1072 3602 ostium
1094 3546 1154 3602 eius

139 3727 172 3794 i)
189 3727 209 3778 B
228 3727 384 3780 fratribus
409 3730 543 3779 sanctis.
564 3759 593 3768 -
618 3727 708 3793 2),BG
731 3728 896 3782 liufridus.
914 3761 947 3770 -
966 3730 998 3797 3)
1017 3727 1037 3781 G
1058 3729 1154 3780 etiam

191 3795 231 3847 lit
253 3814 290 3848 ex
318 3796 551 3848 dissuetudine
581 3796 662 3864 quod
689 3800 837 3854 scientia.
858 3829 889 3839 -—
913 3800 947 3866 4)
971 3799 1055 3852 Dl’et
1078 3798 1155 3864 prA

193 3867 364 3919 coaluerit.
383 3895 415 3904 -·
441 3867 472 3935 5)
496 3867 558 3919 Bou
574 3867 670 3931 ¹eretis.
695 3897 726 3908 -
744 3869 776 3938 6)
799 3869 863 3922 Ab?
886 3877 965 3920 erat.

816 3939 895 4016 15*
