2654 4308
395 282 451 344 DE
470 271 656 346 sumnus
672 274 913 346 vislosiuus.
1122 285 1184 349 145

143 401 248 482 cdldlt,
278 417 317 464 ne
343 405 506 480 parientem
535 407 617 482 quasi
636 404 823 481 *attenderem
851 407 961 467 cunctis
988 409 1039 484 qui
1064 407 1187 472 aderent

142 491 320 574 intuentibus
349 491 450 552 tabule
481 507 513 554 sc
545 495 639 552 vertit.
687 491 742 551 Est
769 499 866 553 autern
894 493 1022 555 eiusdem
1051 497 1187 575 imaginis

141 577 230 658 iacies
251 578 385 656 oblonga,
407 585 436 639 et
457 593 552 654 exesa,
573 577 681 638 mulae
701 581 849 656 gravitatis
871 585 905 640 et·
920 583 1105 643 reverentiae.
1146 584 1186 644 In

141 665 235 727 fronte
257 665 396 741 calvities,
415 665 512 742 capilli
532 672 592 726 tam
606 667 706 742 capitis
717 683 804 742 quam
825 667 933 727 barbae
951 667 1091 730 candidae
1102 673 1182 730 eani-

141 755 200 813 tle'c
232 753 332 828 Nuper
352 767 422 812 vero
443 753 591 813 monachis
606 751 772 812 cedentibus
785 749 812 833 ¹),
833 755 1064 816 sanctimoniales
1078 757 1184 819 ordinis

141 841 232 900 nostri
251 855 320 900 ‘cum
341 839 443 900 tabule
462 839 558 900 locum
579 845 756 914 receperunt·
798 839 1002 902 NOVIGIUS:
1030 842 1107 904 Satis
1136 859 1183 906 me

141 926 276 988 aedificat
296 925 441 986 humilitas
462 927 541 986 beati
560 926 645 986 huius
668 925 844 1003 contessoris,
865 930 914 1004 qui
936 945 967 988 se
988 933 1118 1004 superius
1140 933 1183 991 ci·

140 1014 243 1074 batum
279 1013 416 1089 gloriatur
443 1015 473 1071 in
500 1028 576 1089 pane
603 1014 736 1088 pauperis
763 1017 895 1088 pastoris.
947 1014 1180 1080 MONAGHUS=

142 1099 214 1178 Quis
233 1104 327 1162 maior
347 1099 467 1178 Christo,
482 1101 532 1175 qui
559 1101 589 1158 in
609 1099 715 1159 indicio
744 1099 870 1161 dicturus
899 1108 955 1162 est:
989 1103 1125 1177 Etrurine,
1143 1113 1184 1184 ¹ct

141 1187 259 1266 dedistis
279 1187 353 1246 milti
373 1181 615 1257 monducosc²)?
656 1183 768 1246 Nullus.
812 1188 958 1264 Quantum
979 1207 1048 1250 vero
1071 1191 1184 1253 Christo

140 1275 260 1350 eiusque
288 1274 380 1334 beatis
411 1271 623 1332 confessoribus
652 1272 835 1352 eleemosyna
862 1275 991 1351 placeat,
1026 1277 1074 1337 vel
1095 1291 1191 1355 quam*

139 1361 269 1422 valenter
290 1359 335 1420 his
357 1359 406 1436 qui
426 1357 534 1420 iaciunt
554 1358 641 1434 illam,
673 1361 703 1419 in
724 1361 858 1436 periculis
878 1371 1053 1442 succurrant,
1075 1381 1111 1424 ex
1133 1383 1182 1427 se·

140 1449 240 1526 quenti
261 1449 371 1508 visione
394 1445 643 1506 demonstrabitur.

452 1601 687 1662 CAPITULUM
712 1601 896 1664 LXXVlL'

163 1723 212 1783 De
231 1725 374 1800 moqtstro
394 1717 536 1782 antonne
558 1723 606 1784 eut
627 1723 793 1800 infirmanti
811 1731 931 1786 cunctus
951 1727 1104 1791 Martinus
1133 1741 1160 1794 ct

155 1819 159 1828 ·
369 1815 490 1869 sanctus
513 1807 708 1870 Godeltordus
734 1821 953 1873 succurrerunt.

204 1929 344 2007 Magister
356 1929 507 1990 dohannes
525 1929 664 1992 Decsuus
685 1929 830 2007 Aquensis
852 1950 918 1994 cum
938 1935 1076 1998 scholaris
1099 1953 1182 2021 esset,

138 2025 199 2079 tam
220 2020 345 2095 graviter
365 2024 494 2094 tempore
516 2017 642 2094 quodam
662 2017 820 2079 infirmans
843 2027 901 2096 est,
931 2030 963 2082 ut
984 2026 1130 2091 consessus
1152 2039 1181 2094 et

137 2107 287 2180 inunctus,
314 2103 385 2164 nihil
413 2107 439 2166 ei
466 2106 522 2165 nisi
550 2121 628 2164 mors
656 2122 807 2182 superesse
835 2107 988 2170 videretur.
1032 2111 1085 2174 Oui
1114 2133 1180 2180 cum

137 2193 259 2255 materia
285 2197 369 2266 repta
397 2196 473 2252 esset
500 2193 530 2251 in
552 2191 714 2267 cerebrum,
746 2191 825 2252 solus
852 2196 950 2256 iacens
977 2201 1007 2256 in
1029 2217 1178 2266 excessum

137 2282 230 2354 vonit,
262 2278 392 2354 viditque
413 2278 544 2343 homines
566 2280 622 2352 sibi
641 2280 755 2356 ignotos
776 2281 893 2356 intrare,
916 2287 965 2359 qui
985 2285 1082 2348 lances
1105 2309 1177 2367 quas

136 2367 271 2428 manibus
301 2365 469 2441 portabant,
502 2383 568 2426 cnm
598 2365 683 2443 lignis
714 2367 850 2428 brevibus
884 2375 913 2429 et
944 2373 1090 2448 quadratis
1110 2386 1178 2442 ente

134 2455 231 2530 ipsum
251 2453 407 2529 ponebant.
448 2452 597 2514 Stanfibus
620 2455 661 2514 eis
679 2470 719 2526 ,ex
740 2471 799 2514 una
818 2461 900 2530 parte
921 2457 1025 2536 lectuli,
1046 2470 1177 2526 contem.

134 2539 231 2617 platus
262 2546 306 2599 est
325 2540 440 2598 introire
461 2545 518 2600 tres
539 2539 652 2600 inclitos
673 2540 864 2617 consessores,
892 2552 1023 2608 sanctum
1044 2550 1178 2614 videlicet

134 2627 292 2687 Martinnm
302 2623 500 2686 Turonensem
509 2626 693 2704 Episcopum,
707 2634 736 2687 et
746 2634 877 2688 sanctum
889 2629 1094 2696 Godehardum
1103 2639 1176 2715 Epi-

134 2729 256 2789 scopum
273 2711 560 2789 Hildinshemensem,
581 2713 757 2790 beatumque
770 2713 966 2794 Berwardum,
989 2725 1037 2798 qui
1055 2742 1121 2784 eum
1139 2744 1175 2786 ex

133 2799 317 2877 partealterc
339 2801 559 2860 circumstetere.
594 2797 630 2859 In
652 2817 774 2876 quorum
794 2809 914 2879 aspectu
934 2822 1006 2882 pnes
1026 2809 1175 2875 Johannes

134 2887 186 2945 uni
206 2886 360 2962 imponitur
380 2884 464 2961 lanei,
486 2891 515 2944 et
534 2886 613 2963 ligne
633 2886 698 2947 loco
725 2889 860 2964 ponderis
880 2892 1000 2974 alteri³).
1044 2897 1174 2976 Cumque

135 2971 250 3032 elevata
277 2977 385 3032 statera
412 2972 546 3032 inventus
567 2979 643 3033 esset
663 2991 749 3050 aeger
769 2978 863 3036 miuus
883 2977 1008 3057 habens,
1036 2987 1176 3059 praedicti

135 3056 312 3120 confessores
333 3075 454 3134 puerum
475 3059 627 3134 parvulum
649 3066 678 3120 et
705 3061 868 3122 mendicum
893 3068 967 3126 sinui
995 3072 1057 3130 eius
1077 3074 1172 3150 impo-

133 3149 261 3219 suerunt,
282 3145 334 3220 qui
352 3143 436 3204 simul
456 3144 568 3206 lancem
589 3146 741 3208 adversam
762 3165 830 3208 mox
849 3154 1066 3234 suspendentes,
1088 3159 1186 3238 lignis-

132 3233 280 3312 gmviores
299 3237 500 3306 apparuerunt„
532 3232 692 3309 Statimque
705 3233 864 3312 Johsnnes,
885 3243 933 3314 qui
950 3243 1020 3302 mihi
1032 3247 1172 3310 visionem

132 3319 210 3380 hane
222 3317 327 3393 retulit,
346 3319 376 3376 in
389 3318 524 3378 sudorem
538 3337 698 3396 emmpeus,
719 3320 861 3405 chrisiml)
873 3325 947 3403 iecit,
969 3330 1046 3390 etde
1068 3333 1170 3396 codem

131 3405 295 3468 infirmitate
310 3407 393 3466 citius
415 3405 571 3466 convaluit.
598 3405 802 3468 NOVICIUS:
823 3409 899 3486 Quid
915 3415 1052 3478 scholaris
1064 3437 1184 3498 oegro-.

131 3495 220 3554 tantis
240 3493 423 3569 ponderatio,
454 3491 503 3552 vel
531 3493 599 3568 quid
619 3496 700 3570 pueri
721 3499 854 3571 pauperis
874 3502 1013 3577 significet
1033 3506 1170 3584 adiectio,

131 3583 246 3658 penitus
267 3581 377 3656 ignoro.
418 3577 655 3641 MONAOHUS:
680 3577 762 3642 Puer·
777 3582 853 3642 idem
872 3587 958 3648 valde
979 3607 1089 3670 pauper
1110 3603 1171 3656 erat

132 3673 163 3730 et
183 3660 344 3744 despectus,
367 3667 449 3726 cuius
469 3667 498 3725 in
520 3671 634 3752 tanturn
652 3670 785 3734 miserens
806 3677 850 3730 est
869 3669 1018 3736 Joharmes
1040 3686 1072 3740 ut
1093 3681 1119 3742 ei
1141 3689 1171 3742 et

150 3783 183 3852 1]
200 3781 479 3836 llreoedentiltus.
500 3809 531 3822 -
550 3782 583 3852 2)
597 3781 684 3838 llattlr.
703 3784 751 3850 25,
768 3786 811 3839 85.
829 3817 861 3827 —
879 3791 912 3860 3)
930 3790 1019 3847 AODP
1036 3795 1170 3853 alterne.

203 3881 234 3894 -
253 3855 284 3922 4)
302 3851 478 3907 BC'crislnn
886 3935 908 4006 7
