2654 4308
372 305 428 368 Dli
448 303 632 368 DIVERSIS
653 303 887 368 VISIONIBUS.
1104 303 1144 365 99

440 496 673 560 carmanum
695 493 821 578 rixis)

105 619 154 680 Dc
174 619 268 680 milite
295 621 344 680 cai
370 637 446 682 emax
473 622 642 693 inclinavit,
667 623 739 696 qaia
759 622 877 680 inimico
898 633 954 678 suo
974 623 1144 694 pepercemt

481 706 517 766 ob
538 707 617 768 illius
638 724 778 766 amorem

170 825 362 904 Temporibus
375 829 479 888 uostris
495 828 525 886 in
547 829 695 903 provincia
715 834 821 902 nostra,
842 829 916 888 sicut
937 825 1042 902 audivi,
1063 824 1146 886 miles

105 913 227 990 quidam
261 913 378 975 alterius
415 914 563 974 cuiusdam
598 913 693 974 militis
727 920 838 991 patrem
866 913 1019 974 occiderat
1069 911 1147 972 (iesu

105 997 212 1061 accidit
225 1005 258 1059 ut
271 999 445 1062 occisililius
461 1003 617 1061 occisorem
639 1007 762 1076 caperet
805 1000 900 1079 Quem
921 1018 987 1061 cum
1008 1001 1038 1058 in
1059 997 1147 1058 ultio·

105 1104 174 1146 nem
199 1088 289 1163 patris
311 1094 439 1148 extracto
461 1086 565 1165 gladio¹
580 1087 721 1148 trucidare
742 1087 844 1162 vellet,
871 1085 919 1146 ille
940 1085 1062 1163 pedibus
1085 1087 1146 1146 eius

96 1179 266 1250 'prostratus
295 1175 348 1233 ait:
378 1174 462 1250 Rogo
490 1191 544 1234 vos
573 1174 695 1236 domiue.
712 1168 765 1251 por
793 1173 931 1234 honorem
951 1173 1147 1232 sanctissimae

106 1262 201 1320 crucis
231 1261 262 1319 in
295 1277 353 1337 qua
378 1260 460 1321 Deus
488 1260 617 1337 pendens
645 1263 777 1320 misertus
805 1266 849 1320 est
874 1259 997 1335 mundo,
1029 1261 1062 1318 ut
1089 1259 1147 1318 mei

105 1349 307 1407 misereamini
349 1347 462 1423 Quibus
488 1349 583 1407 vorbis
604 1347 652 1408 ills
681 1354 884 1424 compunctus,
914 1365 980 1408 cum
1007 1351 1097 1406 staret
1118 1351 1148 1406 et

106 1433 178 1511 quiri
197 1433 293 1493 lacero
312 1433 404 1516 vellet
421 1433 603 1510 deliberaret,
624 1434 817 1508 invalescente
838 1432 1032 1494 misericordia
1052 1431 1147 1517 homi-

105 1537 175 1580 nem
196 1520 304 1581 levavit
326 1526 355 1580 et
375 1523 430 1581 ait:
451 1521 528 1582 Ecca
549 1526 666 1597 propter
686 1522 826 1581 honorem
846 1527 963 1582 sancho
986 1521 1092 1594 crucis,
1113 1525 1147 1580 ut

106 1607 178 1666 mihi
200 1609 295 1683 quiin
317 1624 353 1666 ea
373 1625 477 1684 passus
499 1615 550 1682 cst,
570 1615 691 1684 peccata
711 1625 778 1668 msa
797 1607 953 1684 indulgeat,
973 1624 1032 1666 non
1053 1606 1147 1666 solum

106 1694 161 1754 tibi
175 1694 289 1770 culpam
303 1696 425 1769 remitto,
447 1694 499 1754 sed
520 1701 550 1754 et
570 1697 680 1756 amicus
702 1712 760 1754 ero.
801 1693 948 1771 Deditque
969 1695 995 1754 ei
1016 1693 1148 1753 osculum

107 1782 197 1858 pacis.
239 1780 305 1840 Non
319 1780 409 1840 multo
428 1787 494 1856 post
506 1781 583 1840 idem
597 1781 677 1841 miles
696 1797 780 1840 cruce
801 1783 930 1858 signatus
951 1797 1030 1840 mars
1051 1786 1147 1848 traus-

107 1869 186 1942 isns,
217 1884 284 1927 cum
306 1867 456 1928 ecclesiam
476 1868 621 1927 Dominici
648 1867 791 1943 sepulchri
820 1867 882 1926 aliis
903 1868 1059 1944 peregrinis
1080 1867 1148 1926 viris

108 1954 237 2014 honestis
265 1953 300 2014 de
325 1971 379 2015 sua
398 1956 547 2030 provincia
568 1956 738 2013 commixtus
758 1955 890 2027 intraret,
919 1958 1035 2012 etanta
1055 1952 1147 2012 altare

107 2043 270 2118 proximum
282 2043 423 2117 transiret,
436 2043 531 2118 imago
546 2041 690 2100 Dominici
711 2043 837 2118 corporis
857 2038 897 2098 illi
916 2037 1057 2114 profunde
1078 2041 1150 2100 satis

107 2127 257 2214 inclinavit
284 2127 320 2188 de
350 2145 442 2188 cruce.
485 2127 551 2188 Hoc
580 2145 647 2188 cum
675 2127 762 2203 aliqui
786 2144 822 2187 ex
844 2128 885 2186 eis
906 2125 1147 2201 considerassent,

106 2229 163 2274 nec
184 2221 281 2292 tamen
303 2215 408 2274 scirent
429 2216 475 2274 cui
495 2221 607 2274 tantum
628 2215 767 2274 honorem
788 2213 971 2288 exhibuisset,
993 2230 1029 2272 ex
1051 2215 1147 2273 consi·

106 2300 146 2360 lio
168 2301 332 2378 singillatim
345 2297 361 2381 ¹)
383 2302 490 2361 reversi
509 2307 585 2376 sunt,
606 2318 661 2362 nac
681 2308 779 2361 tamen
799 2301 884 2360 aliem
906 2317 1005 2360 eorum
1023 2299 1147 2360 inclina-

106 2395 172 2447 tum
199 2394 245 2448 est
271 2390 326 2447 nisi
351 2389 397 2448 cui
417 2391 504 2464 prius.
547 2388 630 2448 Timr
652 2405 770 2448 causam
791 2388 982 2463 sciscitantes,
1010 2405 1078 2448 curn
1098 2386 1146 2448 ille

106 2474 217 2535 diceret
237 2490 268 2534 se
289 2473 437 2551 indignum
459 2492 522 2536 esse
543 2481 623 2535 tanto
645 2476 762 2550 honore,
783 2491 859 2550 quae
880 2491 968 2550 supra
988 2473 1146 2535 dictasunt

105 2563 263 2622 memoriae
285 2567 476 2622 occurrerunt
519 2561 603 2638 Quae
625 2575 691 2622 cum
711 2562 846 2622 iratribus
866 2561 1025 2636 retulisset,
1053 2561 1147 2621 mirati

106 2654 176 2708 sunt
197 2647 234 2708 ds
258 2653 340 2707 tanta
360 2647 417 2708 Dei
444 2648 622 2724 humilitate,
647 2651 770 2710 scientes
790 2651 922 2726 imaginis
943 2650 1005 2709 eius
1025 2648 1146 2708 molina·

105 2738 217 2796 tionem
237 2734 344 2796 iactam
364 2734 451 2796 fuisse
471 2752 524 2813 pro
545 2737 844 2813 gratiarumactione.

450 2924 683 2986 oAPITULUM
706 2925 810 2988 XXII.

183 3050 231 3110 Dc
251 3049 469 3110 commentatt
489 3052 537 3110 oui
557 3049 714 3126 pacificus
735 3047 869 3109 wnebroe
891 3053 1071 3125 imperavit.

168 3188 258 3251 Soror
271 3187 414 3265 quaedem
427 3187 533 3250 ordinis
544 3190 634 3249 nostri
648 3186 787 3265 capellam
802 3189 917 3248 oratorii
928 3189 1064 3266 ingressa,
1079 3205 1145 3249 cum

106 3280 176 3336 ante
202 3275 293 3336 altare
321 3292 419 3336 coram
447 3275 582 3338 crucifixo
609 3275 737 3351 psalmos
762 3273 884 3352 legeret,
907 3281 936 3336 et
955 3277 1013 3334 iam
1021 3272 1042 3356 ²)
1064 3274 1145 3337 tarde

107 3369 194 3438 esset,
215 3368 313 3423 custos
334 3362 412 3422 illam
432 3365 473 3423 ibi
495 3380 557 3422 esse
579 3365 718 3437 nesciens,
741 3364 846 3421 ostium
867 3361 1023 3422 lorinsecus
1045 3362 1147 3424 clausit

107 3455 138 3510 et
165 3451 292 3511 recessit.
339 3449 425 3526 Quod
451 3446 517 3511 cuin
543 3448 593 3509 illa
619 3450 788 3508 intrinsecus
815 3448 941 3524 audiret,
967 3461 1022 3510 nec
1049 3456 1147 3510 temen

106 3535 223 3613 pulsare
251 3541 462 3613 praesumeret,
488 3534 595 3596 ibidem
622 3537 809 3611 pernoctavit.
858 3535 896 3597 Et
923 3537 998 3596 sicut
1024 3537 1062 3596 ab
1085 3536 1146 3596 cius

107 3639 159 3684 ore
177 3622 284 3699 audivi,
304 3621 402 3683 radius
423 3623 540 3699 quidam
561 3622 599 3682 ad
619 3625 711 3682 instar
730 3621 829 3684 stellae
852 3622 888 3683 de
908 3622 1027 3684 brachio
1049 3625 1146 3683 exiens

126 3812 160 3881 *J
177 3809 334 3934 Εοὲιιίιιὲῃῐῐῐ.
352 3827 377 3880 p.
396 3812 437 3864 to.
459 3842 488 3852 -
515 3810 546 3879 l)
564 3810 606 3866 Bc
623 3808 824 3880 singulatim.
844 3841 874 3854 -
893 3811 926 3879 2)
943 3810 1008 3865 ACl)
1026 3818 1149 3878 tamen,
