2594 4302
169 267 231 332 166
466 320 470 330 .
505 265 733 328 DIS'HNCTIO
754 265 867 330 NONA

166 383 373 448 NOVICIUS:
393 384 560 465 Antequam
572 386 589 469 ¹)
611 391 737 450 visiones
760 385 915 463 edisseras,
937 392 1005 466 peto
1027 386 1202 448 utbreviter

167 491 215 534 me
229 472 373 551 expedias,
395 474 463 549 quid
474 477 511 535 sit
531 473 628 555 hoc¹)'
639 482 857 551 sacramentum,
878 492 1014 552 quaeres
1027 475 1204 547 sacramenti,

168 578 243 636 quae
254 578 342 621 causa
352 562 542 636 institutionis,
553 579 628 639 quae
637 563 737 637 forma,
748 562 920 639 quismodus
930 563 1131 636 conversionis,
1142 562 1204 646 quis

167 646 453 723 modussumptiouis.
463 646 748 718 MONACHUS2De
758 656 936 711 sacramento
948 647 1136 708 eucharistiae
1145 655 1206 706 tra-

168 733 305 794 cundum
334 742 378 794 est
406 751 472 794 cum
500 738 600 794 timore
630 753 665 796 ac
692 739 866 810 reverentia,
899 737 967 811 quia
994 737 1085 810 magis
1106 733 1137 793 iu
1157 733 1205 793 illo

168 827 303 897 operatur
322 819 394 880 fides
416 837 503 897 quam
523 825 597 881 ratio
617 823 753 882 bumana.
785 822 863 882 Audi
883 829 981 881 tamur
995 822 1120 881 breviter
1132 837 1207 897 quse

168 910 290 969 maiores
318 910 407 967 nostri
436 907 471 968 de
500 909 549 968 illo
577 916 735 969 scnserrmt.
777 909 846 968 Tria
874 913 941 968 sunt
969 911 999 966 in
1027 913 1207 968 sacramento

168 995 225 1056 boc
238 993 451 1070 consideranda,
473 1014 562 1056 uuum
587 995 664 1072 quod
686 1003 798 1070 tantum
820 1003 863 1058 est
884 1001 1110 1071 sacramentum
1133 995 1209 1054 alte·

168 1099 249 1157 rum,
272 1081 350 1158 quod
372 1089 416 1144 est
436 1090 645 1142 sacramentum
668 1089 697 1142 et
714 1100 774 1159 res;
796 1084 925 1157 tertium,
947 1082 1024 1158 quod
1047 1088 1090 1141 est
1110 1098 1158 1141 res
1179 1086 1210 1141 et

168 1185 227 1231 nou
254 1174 473 1228 sacramentum.
515 1167 719 1230 NOVICIUS:
747 1169 824 1246 Quid
845 1175 889 1229 est
908 1175 1119 1228 sacramentum
1135 1177 1210 1230 ,tan-

168 1253 252 1316 tum?
295 1251 530 1314 MONACHUS:
553 1255 670 1332 Species
691 1256 809 1316 visibilis
831 1257 913 1332 panis
936 1262 965 1330 ci
982 1257 1049 1314 viui.
1091 1253 1210 1314 NOVI-

170 1341 273 1402 CIUS:
307 1339 383 1416 Quid
412 1348 456 1402 est
476 1351 688 1402 sacramentum
709 1348 738 1402 et
759 1341 825 1402 res?
849 1340 1104 1403 ⁴MONACHUS:
1135 1341 1211 1402 Caro

170 1428 275 1489 Christi
295 1430 410 1504 propria
432 1434 460 1488 et
481 1431 607 1505 sanguis.
649 1427 851 1490 NOVICIUS:
874 1427 950 1506 Quid
971 1436 1014 1487 est
1035 1446 1081 1488 res
1102 1435 1133 1488 et
1152 1446 1212 1489 non

169 1513 401 1576 sacramentum?
433 1513 670 1576 MONACHUS:
690 1515 817 1594 Mystico
832 1515 937 1575 Christi
958 1531 1041 1590 earo,
1062 1514 1235 1578 Ecclesiae.

170 1603 279 1664 scilicet
315 1603 419 1661 rmitae.
470 1599 673 1662 NOVICIUS:
708 1603 804 1680 Quare
843 1602 945 1664 dicibu
976 1600 1213 1662 sacramentum?

169 1687 406 1750 MONACHUS:
436 1687 512 1764 Quia
537 1706 637 1750 sacrae
668 1691 710 1749 rei
730 1696 775 1750 est
795 1691 916 1766 siguum.
957 1687 1047 1748 Aliud
1066 1690 1107 1748 ibi
1127 1688 1214 1750 vide-

171 1783 232 1851 tur,
261 1781 291 1834 et
310 1774 389 1834 aliud
409 1776 449 1835 ibi
472 1775 603 1836 creditur.
645 1774 848 1836 NOVICIUS:
879 1776 960 1853 Quae
981 1775 1034 1834 tuit
1055 1793 1145 1834 causa
1165 1777 1214 1834 iu·

170 1859 346 1926 stitutionis?
389 1859 625 1922 MONACHUS:
648 1863 723 1940 Quia
743 1863 901 1937 Dominus,
923 1869 955 1923 ut
977 1863 1045 1922 dicit
1064 1863 1213 1922 Eusebius

171 1947 322 2011 Enuisenus
331 1944 361 2029 ³),
383 1965 486 2024 corpus
499 1956 678 2026 assumptum
692 1949 839 2010 abluturus
858 1955 919 2010 erat
934 1950 972 2008 ab
995 1949 1084 2009 oculs
1098 1952 1214 2023 nostris,

172 2043 203 2097 et
213 2035 342 2096 illaturus
356 2035 505 2110 sideribus,
521 2052 639 2096 neceme
654 2043 715 2096 erat
727 2042 760 2095 ut
773 2039 802 2096 in
815 2036 861 2096 die
872 2035 988 2096 Coenae
1000 2043 1214 2101 sacramentum

172 2124 233 2184 veri
254 2123 433 2199 corporis·et
451 2124 597 2200 sangrdnis
613 2130 800 2199 consecraret,
821 2130 854 2182 ut
876 2123 1015 2183 coleretur
1037 2124 1140 2199 iugiter
1160 2140 1215 2198 per
1291 2113 1293 2180 ἓ

172 2211 355 2286 mysterium,
382 2209 460 2286 quod
481 2210 571 2269 semel
591 2211 764 2290 offerebatur
784 2213 814 2269 iu
835 2213 967 2286 pretium.
1008 2208 1214 2270 NOVlClUS:

174 2295 257 2373 Quae
279 2301 323 2356 est
344 2296 451 2356 utilitas
472 2298 502 2354 in
523 2297 580 2356 hac
599 2296 795 2359 institutione?
839 2295 1075 2357 MONACHUS:
1095 2297 1216 2372 Duplex

175 2385 268 2450 estin
290 2399 324 2442 eo
346 2383 462 2458 atibus,
484 2385 551 2459 quia
572 2386 601 2442 in
622 2384 697 2444 illius
718 2386 900 2461 perceptione
922 2389 1044 2460 augetur
1064 2385 1164 2456 virtus,
1185 2381 1217 2442 id

175 2476 220 2538 est
247 2472 366 2543 caritas,
398 2475 427 2529 et
456 2476 499 2530 esi
527 2471 669 2530 medicina
701 2471 884 2546 quotidianae
905 2470 1087 2529 infirmitatis.
1130 2469 1217 2532 Unde

174 2555 365 2632 Augustinus:
377 2555 501 2616 Iteratur
514 2558 641 2634 quotidie
661 2558 735 2628 haec
756 2558 873 2630 oblatio,
893 2556 961 2618 licet
975 2551 1218 2616 Christus'somel

175 2657 279 2720 passus
300 2645 346 2717 sit,
366 2645 434 2720 quie
449 2643 575 2720 quotidie
593 2662 747 2722 peccamus
764 2646 903 2724 peccatis,
925 2645 986 2703 sine
1008 2645 1114 2719 quibus
1135 2661 1219 2704 mor·

175 2729 241 2792 talis
267 2729 414 2790 infirmitas
441 2733 539 2792 vivere
567 2749 625 2790 uon
653 2737 761 2809 potest3
791 2737 820 2791 et
841 2733 909 2807 quia
931 2730 1057 2807 quotidie
1077 2730 1219 2804 labimur,

176 2815 303 2892 quotidie
325 2815 454 2878 Christus
475 2821 528 2894 pro
550 2819 633 2879 uobis
654 2821 775 2896 mysu‘ce
796 2817 969 2878 immolatur.
1010 2815 1219 2878 NOVlCIUSr

177 2902 260 2980 Quae
293 2909 336 2987 est
366 2903 458 2967 forma
488 2903 574 2966 huius
603 2903 794 2966 sacramenti?
844 2902 1077 2964 MONACHUS:
1110 2903 1221 2964 Forma

177 2989 332 3055 attenditur
344 2991 374 3049 in
385 2992 482 3052 verbis
497 2998 526 3052 et
535 2995 565 3050 in
579 2993 674 3052 rebus.
712 2991 747 3052 In
761 2993 865 3068 verbis,
880 2993 947 3068 quia
962 3007 1028 3052 cum
1041 2991 1115 3050 haec
1128 2992 1223 3051 verbs

177 3078 372 3155 proferuntur,
399 3077 464 3138 Hoc
487 3085 528 3140 est
549 3097 656 3156 empore
677 3097 786 3154 πηοτιυς
808 3085 837 3138 et
856 3084 932 3154 post,
952 3078 1011 3138 Hic
1032 3085 1075 3138 est
1094 3079 1222 3154 sanotae

58 3201 59 3205 =
177 3183 268 3240 meus,
307 3167 454 3227 conversio
483 3165 517 3226 lit
543 3169 625 3242 panis
653 3167 762 3226 etvini
792 3167 822 3224 in
854 3181 958 3242 corpus
992 3170 1021 3224 et
1047 3166 1225 3240 sauguinem

179 3251 292 3310 Christi.
335 3249 418 3312 Unde
439 3251 626 3317 Ambrosius:
648 3251 786 3314 Sermone
803 3252 908 3312 Christi
928 3251 985 3311 hoc
999 3251 1147 3311 conflatur
1169 3267 1225 3310 sa-

178 3346 372 3413 cramentum,
400 3341 467 3414 quia
494 3357 588 3402 sermo
610 3339 715 3399 Christi
743 3346 902 3400 creaturam
922 3344 1029 3414 munt,
1062 3343 1091 3398 et
1118 3339 1163 3398 sic
1186 3354 1226 3397 ex

179 3441 255 3503 pane
275 3424 309 3482 fit
330 3440 433 3501 corpus
455 3425 574 3503 Christi,
601 3432 631 3486 et
651 3429 752 3486 vinum
774 3443 839 3486 cum
860 3443 938 3501 eque
958 3427 987 3485 in
1009 3425 1128 3485 calicem
1147 3426 1227 3483 mis-

179 3527 245 3572 sum
272 3508 305 3568 fit
333 3514 462 3588 sanguis,
492 3515 706 3574 consecratione
733 3513 815 3574 verbi
837 3512 977 3572 coelestis.
1017 3509 1227 3572 NOVICIUS:

181 3597 253 3676 Quis
285 3603 329 3656 est
359 3599 461 3661 modus
496 3600 710 3662 conversionis?
764 3597 1000 3662 MONACHUS:
1037 3597 1142 3660 Modus
1179 3605 1229 3657 est

200 3767 232 3837 1)
248 3765 459 3889 {autequam
478 3768 645 3837 mint-2)
663 3768 684 3824 B
703 3769 779 3838 quid
796 3769 856 3826 hou
873 3737 931 3824 sits
944 3799 973 3810 -
989 3741 1020 3837 3']
1038 3767 1103 3821 not>
1120 3766 1230 3820 Emis-

313 3854 358 3891 us.
