2654 4308
168 255 230 318 136
478 251 706 318 miserrimo
729 251 893 360 chAvn

499 443 733 510 CAPITULUM
753 444 864 510 LXIV.

495 591 498 598 ¹
551 551 601 626 Do
621 567 816 646 Martyribas.

232 685 329 750 Causa
362 705 421 750 uon
454 705 549 768 poena
581 689 650 752 iacit
679 695 828 767 martyras.
875 687 944 751 Duo
973 689 1049 754 euim
1079 689 1206 756 murras

167 773 281 838 Christo
295 775 372 838 affixi
393 782 461 853 sunt
480 776 548 838 hino
562 777 644 853 inde3
665 795 740 838 unus
755 781 864 856 martyr
885 775 1003 840 efferas
1024 781 1069 842 est
1089 783 1207 858 propter

166 864 300 923 virtutem
329 863 526 942 confessionis,
554 863 636 924 alteri
663 881 758 944 poena
786 881 839 924 sua
865 864 979 926 initium
998 863 1053 928 fuit
1071 870 1207 930 aeternae

166 947 365 1011 damnationis.
406 949 551 1026 Martyres
573 952 648 1010 onim
671 949 797 1030 Graece,
824 956 912 1010 testes
934 948 1066 1016 disunbu
1086 949 1207 1032 Latine,

166 1051 201 1096 eo
216 1036 295 1114 quod
307 1054 360 1114 pro
382 1039 543 1096 testimonio
565 1037 631 1098 fidei
654 1039 740 1097 oooisi
761 1043 836 1096 sunt.
868 1036 942 1098 Sunt
963 1044 1061 1098 sutem
1081 1043 1207 1115 quatuor

165 1141 272 1200 genera
303 1126 439 1200 martyrii.
493 1123 616 1199 Quidam
646 1126 732 1186 occisi
760 1130 828 1186 suut
855 1129 972 1202 propter
1000 1121 1092 1184 solam
1119 1127 1207 1186 inno-

165 1213 297 1285 centiam,
319 1217 352 1270 ut
371 1209 463 1287 Abel;
490 1209 536 1269 alii
557 1216 674 1287 propter
693 1211 839 1286 iustitiam,
860 1217 893 1270 ut
913 1210 1076 1286 Ptophetae
1098 1217 1128 1272 et
1148 1211 1206 1293 do-

164 1297 275 1360 hunnos
296 1299 443 1375 sermm
471 1297 519 1360 elli
538 1304 655 1374 propter
675 1298 770 1359 nolum
790 1298 878 1376 legis,
905 1303 938 1360 ut
965 1306 1077 1374 septem
1104 1299 1207 1360 dobes

165 1381 353 1462 Maehsbaai3
375 1384 423 1446 alii
444 1390 560 1461 propter
580 1384 667 1446 fidem
689 1384 808 1460 Christi,
840 1391 873 1446 ut
893 1382 1028 1460 Apostoli
1048 1401 1206 1462 eorumque

164 1488 361 1548 successores,
390 1477 419 1532 et
446 1470 477 1530 hi
505 1471 740 1532 anthonomasiee
769 1472 900 1533 dicuntur
927 1478 1081 1552 martyres,
1109 1472 1141 1535 id
1162 1479 1208 1534 ast

164 1563 268 1635 tostas,
296 1561 364 1635 quia
389 1561 535 1635 sanguinis
556 1561 601 1618 sui
623 1559 759 1622 effusione
780 1551 876 1640 fideii
899 1557 1004 1621 Christi
1023 1560 1206 1638 subscripse-

164 1651 240 1710 runt
282 1643 487 1706 NOVIOIUS:
508 1644 671 1706 Attendrmt
684 1647 776 1708 saneti
789 1663 856 1706 eum
871 1663 890 1708 a
905 1646 990 1710 nobis
1010 1643 1206 1712 venerantur?

165 1729 401 1795 MONAOHUS:
422 1731 527 1792 Etiam.
552 1731 659 1794 Adhuc
673 1735 750 1797 enim
769 1750 822 1810 per
843 1731 970 1796 diversas
990 1734 1116 1798 visiones
1138 1751 1206 1802 sutis

165 1819 347 1884 manifestant
368 1819 535 1884 momalibus
555 1820 705 1902 reliquias,
728 1825 762 1881 nt
782 1821 986 1886 venerantibus
1005 1819 1069 1888 illas
1090 1820 1205 1888 sebiu-
1314 1875 1315 1890 ,

166 1923 212 1972 res
233 1905 312 1968 fiant

506 2095 739 2162 CAPITULUM
767 2097 863 2162 LXV.

421 2218 470 2278 De
489 2220 667 2279 reodotiorre
687 2223 829 2298 martyris
848 2222 952 2280 norim.

230 2337 353 2418 Quando
368 2345 507 2402 renovata
528 2346 572 2404 est
593 2339 714 2404 ecelesia
731 2339 901 2416 Bonnensis,
923 2339 1103 2416 quorundam
1125 2359 1205 2408 mar·

164 2433 260 2506 tyrum
273 2444 393 2504 corpora
405 2444 441 2487 ex
462 2445 546 2491 saera
565 2427 678 2506 legions
700 2427 902 2490 Thebaeorum
922 2426 979 2492 illie
999 2433 1114 2505 reperta
1128 2435 1204 2495 suut

163 2513 209 2574 Ex
238 2514 342 2590 quibus
372 2531 437 2574 eum
464 2531 554 2576 unum
583 2531 686 2592 eorpus
714 2515 871 2592 integrum,
904 2520 933 2576 ot
960 2520 1108 2589 praeterea
1137 2533 1205 2592 pars

162 2599 278 2661 alterius
307 2603 440 2680 martyris
467 2601 551 2664 nobis
573 2600 641 2664 data
664 2601 779 2676 fuisset,
807 2599 922 2664 eudon
943 2597 1119 2665 adolescenti
1138 2601 1205 2668 talis

164 2685 201 2748 da
228 2689 269 2752 eis
295 2688 368 2748 risio
395 2693 512 2748 ostensa
540 2694 593 2748 est
634 2687 797 2750 Videbatur
824 2687 880 2748 sibi
907 2689 937 2747 in
961 2689 1068 2751 somnis
1076 2683 1098 2768 ²)
1127 2693 1204 2754 state

164 2763 244 2836 iuxta
257 2775 392 2834 scrinium
411 2773 566 2837 earundem
586 2773 777 2853 reliquiamm.
821 2773 875 2834 Cui
897 2791 963 2836 eum
985 2773 1101 2856 quidam
1124 2774 1205 2841 dioe-

163 2867 221 2924 ret:
254 2860 338 2924 Nosti
369 2861 438 2938 quid
470 2862 501 2923 in
527 2863 582 2922 isto
611 2863 715 2924 scrinio
749 2859 948 2927 contineatur?
981 2867 1010 2921 et
1041 2863 1203 2928 monachus

77 2953 79 2958 ’
161 2946 363 3026 responderet:
396 2947 507 3023 Etiam,
536 2965 640 3028 eorpus
673 2951 806 3026 martyris
834 2950 938 3026 nostri3
967 2947 1016 3011 ille
1044 2950 1204 3014 subiunxit:

163 3033 292 3110 Falleris,
310 3051 381 3108 ,nam
395 3037 439 3096 vir
451 3053 527 3098 rmus
545 3040 574 3096 et
596 3034 728 3096 dimidius
749 3037 779 3094 in
801 3051 836 3096 so
858 3036 961 3096 iacent.
1005 3033 1092 3114 Quod
1112 3053 1204 3120 usque

163 3120 202 3182 nd
235 3121 306 3181 illud
339 3127 453 3198 tempus
489 3139 588 3182 omnes
623 3139 676 3184 nos
704 3122 796 3182 latuit.
845 3121 959 3186 Tantas
988 3123 1064 3186 enim
1092 3123 1205 3190 virtutis

163 3213 231 3268 sunt
258 3205 520 3288 eademsaoratar)
542 3225 623 3283 ossa,
656 3216 689 3269 ut
709 3226 786 3285 aqua
806 3208 958 3285 superfusa
977 3211 1063 3269 variis
1083 3209 1205 3270 infirmi-

161 3295 269 3356 tatibus
276 3292 299 3378 ⁴)
320 3297 358 3355 sit
383 3295 505 3355 medela.
546 3294 673 3357 Maxime
693 3303 790 3356 tamur
810 3301 894 3357 sanat
915 3301 1041 3356 tumores
1062 3314 1106 3358 aa
1119 3297 1203 3358 infla·

64 3440 68 3445 .
160 3383 261 3443 tiones.
305 3380 390 3460 Quod
403 3399 472 3442 vero
484 3380 618 3444 fidelibus
634 3385 663 3442 in
684 3382 817 3459 perieulis
837 3388 1014 3458 succurrant,
1035 3384 1109 3444 visio
1131 3385 1203 3444 sub·

162 3485 286 3546 sequens
306 3467 435 3534 declarat
446 3465 477 3549 ⁵).

181 3757 212 3828 1)
229 3756 274 3812 ac
292 3757 401 3812 rrnsm.
420 3787 453 3798 -
471 3757 738 3829 assertatores
760 3761 790 3816 er
813 3761 845 3817 ιι
868 3731 988 3818 sonno
1010 3759 1148 3830 sarran.
1169 3790 1199 3802 -

231 3828 263 3897 3)
281 3827 321 3882 GP
338 3843 440 3882 suern.
460 3859 491 3871 -
510 3829 543 3899 4)
559 3829 582 3883 Β
605 3829 835 3900 languoribus.
854 3835 891 3874 -‘
904 3829 977 3902 5)Β
1000 3829 1196 3890 droiensis
