2580 4316
22 3519 23 3528 r

21 3541 23 3559 l

414 273 475 334 DE
503 273 782 336 CONVERSIONE.
1075 275 1115 332 43

103 393 243 469 exemplum,
264 395 402 456 videlicet
414 397 499 472 quod
513 397 650 472 quosdam
672 397 798 456 converti
821 401 907 470 cogat
927 409 985 452 non
1006 409 1117 454 morsus

103 484 268 556 candentiae,
290 483 344 541 sed
367 501 457 543 amor
470 484 678 544 conservandae
694 483 883 557 innocentiae,
905 487 934 540 et
948 480 1117 568 desiderium

101 568 205 626 eoelestis
221 573 341 644 patriae.

404 760 638 820 CAPITULUM
659 759 793 818 XXXV.

143 880 184 938 De
203 886 400 941 conversione
426 881 579 958 Godefridi
600 883 737 940 monaehi
765 882 947 954 lileriensis,
962 889 997 941 et
1018 881 1054 940 de

441 969 667 1028 revelationibus
690 972 760 1028 eius.
814 965 819 978 '

139 1119 170 1177 In
190 1125 369 1184 monasterio
396 1127 490 1183 saneti
510 1125 692 1184 pantaleonis
714 1127 743 1182 in
766 1124 892 1198 Colonia,
915 1121 992 1198 quod
1014 1128 1058 1182 ost
1073 1121 1119 1178 ni-

88 1205 237 1279 griordinis
260 1212 494 1287 monachorum,
521 1215 631 1271 iuvenis
660 1211 778 1287 quidam
808 1212 860 1269 luit
882 1213 996 1270 nomine
1019 1207 1120 1267 Goda-

88 1291 159 1350 iidus
176 1291 200 1373 ¹),
221 1301 362 1372 puritatis
388 1301 518 1373 eximiae,
538 1302 611 1357 inter
630 1300 731 1357 fratres
754 1315 821 1356 suos
843 1302 903 1356 sine
918 1296 1033 1374 querela
1048 1312 1120 1354 con-

87 1387 208 1456 versatus,
229 1385 402 1444 secundum
425 1385 601 1460 disciplinam
623 1386 729 1444 ordinis
740 1385 823 1443 illius.
851 1385 889 1443 Et
904 1387 971 1460 quia
984 1385 1121 1460 scriptum

87 1471 133 1522 est:
151 1467 256 1529 Justus
275 1474 460 1549 iustificetur
474 1473 577 1543 aditae,
601 1481 629 1530 et
638 1479 758 1531 sanetus
769 1473 964 1548 sanctificetur
978 1469 1075 1528 ecutae
1087 1465 1120 1548 ²),

87 1550 208 1615 desiderio
231 1575 383 1633 supernae
407 1561 484 1618 vitae
498 1556 519 1638 8)
541 1576 679 1618 accensus
701 1558 779 1618 idem
800 1557 981 1632 Godelridus,
1004 1562 1032 1616 et
1054 1558 1122 1632 quia

87 1641 227 1700 secundum
249 1647 376 1722 regulae
401 1645 568 1704 mandatum
589 1649 686 1704 vivere
708 1662 765 1703 non
794 1652 892 1721 posset
924 1643 1121 1716 considerans,

87 1727 152 1784 venit
171 1729 208 1786 ad
228 1749 301 1808 nos,
337 1732 486 1792 humiliter
519 1739 547 1791 ct
574 1735 713 1791 instanter
741 1732 918 1818 supplicans,
951 1737 983 1790 ut
1003 1731 1121 1788 fratrum

88 1811 190 1890 collegio
219 1820 304 1896 iungi
333 1825 501 1878 mereretur.
545 1818 661 1877 Timens
683 1818 786 1876 Abbas
815 1816 944 1898 nosterl)
973 1819 1064 1894 magis
1092 1819 1122 1874 in

88 1914 161 1959 causa
181 1919 244 1964 esse
267 1907 439 1979 levitatem,
472 1922 559 1980 quam
581 1905 777 1980 devotionern,
810 1923 877 1963 eum
898 1904 957 1963 heu
978 1907 1122 1977 suscipere

87 2001 134 2042 non
153 1995 308 2065 acquievit.
355 1993 465 2051 Passus
488 1993 609 2051 anobis
631 1993 790 2068 repulsam,
811 1991 952 2050 Vilarinm
974 1992 1069 2062 venit,
1092 1996 1121 2048 et

90 2073 154 2144 quod
172 2081 286 2155 petivit,
312 2082 398 2139 citius
421 2079 551 2137 obtinuit.
595 2079 651 2154 Qui
673 2087 797 2154 quantae
819 2079 902 2136 luerit
923 2078 1122 2154 religiositatis,

90 2168 198 2230 quantae
219 2169 405 2240 sanctitatis,
437 2183 523 2241 quam
551 2162 714 2224 fervensfin
737 2166 850 2238 ordine,
871 2182 923 2241 per
943 2181 1039 2223 sacras
1062 2165 1122 2221 eius

89 2243 207 2322 reliquias
229 2270 330 2328 usque
352 2252 440 2310 hodie
460 2252 601 2310 Dominus
615 2249 635 2331 ⁵)
658 2269 716 2310 non
739 2251 1001 2311 cessatostenderc.
1033 2248 1122 2308 Tem·

90 2347 146 2404 pore
166 2340 299 2412 quodam
322 2339 456 2397 dominus
476 2339 602 2397 Karalus
623 2338 726 2400 Abbas
747 2339 926 2413 Vilariensis,
958 2340 1006 2413 qui
1031 2337 1124 2394 fuerat

91 2415 160 2479 Pn'or
177 2435 297 2500 noster,
325 2429 446 2485 veniens
475 2425 513 2484 ad
540 2443 609 2499 nos,
642 2425 725 2498 duxit
753 2443 852 2485 seeum
879 2425 1002 2484 eundem
1029 2426 1123 2482 vimm

92 2513 276 2574 venerabilem
288 2507 324 2592 6)”;
348 2519 396 2586 et,
418 2514 491 2570 sicut
511 2512 581 2571 mihi
603 2511 733 2571 dixerunt
766 2515 813 2589 qui
835 2513 981 2587 viderunt,
1012 2517 1123 2569 tantam
1172 2501 1175 2509 ’

92 2598 197 2665 uetiam
219 2602 388 2660 devotionis
412 2600 437 2657 ei
458 2598 600 2658 Dominus
621 2601 650 2656 in
672 2601 760 2658 missa
781 2600 909 2672 eontulit,
929 2606 962 2656 ut
982 2597 1123 2657 stillicidia

93 2675 261 2746 herimarum
285 2705 321 2746 ex
344 2677 406 2744 eius
429 2685 516 2744 oculis
539 2703 625 2761 super
646 2686 735 2744 altare
759 2686 804 2745 vel
825 2691 925 2760 pectus
948 2687 1009 2744 eius
1030 2684 1122 2743 stilla-

94 2777 151 2828 rent.
191 2775 290 2852 Quem
314 2790 381 2832 eum
401 2775 589 2848 interrogaret
609 2769 753 2852 nonnus⁷)
776 2773 969 2831 Theodericus
1003 2769 1039 2829 de
1060 2770 1122 2828 Lu·

93 2855 156 2932 rete,
175 2868 246 2920 tunc
269 2861 415 2933 novieipS,
437 2859 583 2934 quondam
606 2861 759 2918 canonicus
779 2859 955 2934 Bonnensis,
978 2856 1122 2932 quomodo

95 2955 161 3004 erare
182 2949 319 3020 deberet,
348 2946 508 3021 respondit:
536 2945 612 3004 Nihil
641 2945 751 3004 debetis
781 2945 874 3005 dicere
895 2948 924 3004 in
947 2940 1122 3025 oratione⁸),

94 3030 135 3088 sed
153 3041 267 3094 tantum
291 3036 417 3109 cogitare
440 3032 475 3091 de
497 3029 685 3111 salvatoris⁹)
708 3035 871 3108 nativitate,
898 3035 1046 3108 passione,
1074 3049 1122 3090 re-

96 3125 256 3182 macedone
275 3117 304 3200 ¹⁰)
329 3119 441 3178 etaliis
464 3135 538 3194 quae
561 3120 642 3178 vobis
663 3126 732 3177 nota
754 3125 827 3177 sunt.
872 3119 956 3194 Quod
982 3121 1043 3196 ipse
1064 3119 1122 3178 ire-

95 3215 200 3290 qtenter
221 3211 252 3266 in
275 3225 332 3264 usu
354 3205 463 3280 habuit,
485 3205 541 3264 hoc
563 3213 592 3264 et
613 3206 683 3264 alios
706 3206 808 3264 docere
826 3207 943 3264 studuit.
985 3205 1123 3265 Habebat

95 3297 117 3347 ct
133 3298 261 3372 spiritum
283 3292 462 3368 prophetiae,
482 3295 523 3350 ita
544 3298 577 3350 ut
598 3293 769 3368 quandoque
791 3293 938 3351 monachis
951 3295 1122 3352 tentationes

95 3375 188 3442 loturae
209 3381 400 3458 praediceret,
423 3386 451 3437 et
472 3385 504 3438 ut
527 3379 613 3438 eorda
633 3398 686 3438 sua
707 3397 759 3456 per
779 3381 945 3456 patientiam
966 3397 1122 3456 praepara-

111 3567 136 3636 t)
151 3566 191 3618 BD
210 3563 411 3620 Godefridus
430 3565 563 3615 nomine.
584 3591 614 3603 -
634 3549 665 3631 2)
683 3565 762 3630 Ἀροο.
781 3565 824 3630 22,
843 3566 883 3616 11.
898 3594 926 3604 -
946 3565 977 3631 3)
996 3565 1016 3617 G
1033 3566 1121 3616 vitae

154 3651 325 3704 supernae.
346 3661 378 3674 -
408 3633 439 3699 4)
466 3633 801 3685 BGdominusAbbar.
826 3665 856 3674 —
877 3635 908 3702 5)
926 3634 947 3686 C
968 3633 1121 3686 Dominus

154 3722 251 3774 usque
278 3703 389 3757 hodie.
410 3731 440 3740 -
459 3704 490 3769 6)
507 3702 527 3753 (l
544 3703 769 3754 venerabilem
796 3706 908 3755 virum.
929 3733 958 3742 -
979 3704 1010 3771 7)
1028 3703 1048 3754 Β
1067 3701 1122 3751 do-

153 3777 305 3827 minna-
327 3773 362 3840 8)
383 3769 425 3820 DP
443 3773 471 3822 in
489 3773 641 3823 oratione
660 3772 862 3840 dicere-9)
880 3771 921 3824 DP
939 3771 988 3823 add
1005 3771 1120 3822 nostri.

154 3873 187 3894 -‚
201 3845 248 3917 10)
267 3843 289 3900 G
308 3851 343 3895 et
362 3840 622 3905 resurrectione3
640 3841 714 3909 paulo
732 3851 790 3910 post
806 3843 847 3895 BP
864 3842 965 3894 nobis.
