2538 4314
394 289 452 351 DE
476 289 748 354 somessione.
1029 293 1089 354 137

72 411 115 486 las,
138 409 165 471 id
191 417 248 489 est,
275 419 407 490 peecata
431 414 556 474 Creatori
583 432 634 475 suo
662 412 823 476 donnana?
866 414 983 474 Timone
1003 413 1091 474 homo

72 497 108 556 ille
128 506 256 574 peccator
283 505 370 560 vitae
400 501 470 562 suae
497 501 581 560 simul
609 509 637 562 st
656 500 672 583 ¹)
695 505 824 577 animae,
852 508 882 560 ct
911 508 1028 578 propter
1057 517 1091 562 se

71 600 149 644 omnes
169 585 238 646 alios
267 588 431 664 periclitari
459 589 653 664 considerans,
685 592 807 649 surrexit
835 595 864 648 et
884 590 937 647 ait:
963 587 1090 662 Audita,

70 671 162 747 mnes,
186 674 295 734 audite.
328 675 377 736 *Si
398 681 515 752 propter
534 683 655 753 peccata
675 681 832 752 tempestas
853 674 925 734 haec
947 681 1010 734 orte
1032 681 1090 750 est,

68 775 110 834 ego
129 763 237 823 occasio
260 779 332 820 sum
355 764 429 820 tanti
449 762 575 838 periculi.
617 763 701 840 Rogo
723 768 756 821 ut
784 761 906 821 audiatis
933 762 1090 824 consessio-

67 861 119 903 nem
136 863 236 906 meam.
282 849 465 908 Tacentibus
487 849 618 908 omnibus
641 851 736 925 coepit
756 865 830 908 voce
851 847 948 907 valida
979 854 1091 909 tantum

67 948 187 992 rensuum
207 942 404 1010 peccatorum
426 931 567 1011 avoniere,
589 942 621 994 ut
642 953 725 996 aures
747 935 890 994 humanae
912 936 998 994 etiam
1019 934 1091 994 hor·

66 1026 140 1078 rorent
159 1021 269 1082 audire.
316 1021 396 1081 Mira
417 1023 568 1082 clementia
583 1021 648 1082 Dei.
691 1021 762 1081 Mox
784 1027 816 1082 ut
837 1039 962 1082 massam
983 1015 1090 1098 iniqui·

65 1107 116 1164 atis
133 1123 183 1183 per
204 1107 422 1168 confessionem
445 1111 542 1184 eiecit,
569 1127 648 1168 mare
668 1109 764 1169 furens
785 1109 876 1183 siluit,
900 1115 929 1167 et
948 1109 1025 1168 lacta
1046 1113 1091 1166 est

64 1194 234 1268 nuqmllitas
257 1213 380 1272 magna,
401 1199 441 1255 ita
462 1201 495 1254 ut
517 1213 615 1256 omnes
637 1199 813 1270 mirarentru.
856 1195 937 1254 Miris
959 1191 1090 1254 muanda

64 1279 210 1339 succedunt
256 1281 367 1342 Statim
389 1287 421 1347 ut
442 1285 524 1342 navis
546 1282 583 1342 ad
604 1281 671 1342 litus
692 1285 830 1359 pervenit,
851 1281 950 1342 audita
970 1287 1091 1358 peecata

30 1359 34 1370 '
63 1363 129 1426 Deus
154 1367 190 1427 de
210 1371 365 1428 memoriis
379 1366 399 1449 ²)
422 1369 598 1446 singulorum
627 1367 740 1428 delevit
782 1370 863 1428 Bene
883 1370 1025 1446 permisit,
1057 1374 1091 1426 ut

63 1454 181 1525 quamdiu
202 1462 290 1515 erant
311 1458 343 1513 in
371 1459 439 1514 navi
468 1455 594 1516 conclusi
605 1452 640 1534 ³),
667 1455 886 1516 confunderetur
913 1457 943 1514 in
971 1460 1091 1531 aspectu

62 1537 170 1618 llorum;
200 1549 231 1608 et
261 1560 302 1606 ne
333 1547 469 1602 exeuntes
495 1543 566 1602 forte
590 1543 650 1602 eius
671 1549 792 1619 peccata
812 1543 1010 1619 propalarent,
1041 1539 1090 1601 vel

62 1627 282 1704 improperarent,
303 1629 416 1688 induxit
439 1631 479 1689 eis
501 1629 682 1688 oblivionem.
724 1629 805 1689 Bene
826 1633 1002 1688 retinuerunt
1014 1645 1046 1687 se
1059 1629 1090 1687 in

62 1714 120 1772 uari
147 1715 236 1775 misse
264 1716 459 1792 periclitatos,
491 1715 636 1778 hominem
662 1715 769 1792 aliquid
796 1717 883 1776 fuisse
912 1715 1089 1792 contessum3

63 1799 103 1857 sed
121 1801 188 1876 quid
204 1803 338 1877 dixisset,
359 1820 475 1879 prorsus
497 1805 709 1880 ignoraverunt
751 1801 790 1860 Et
810 1803 865 1862 hoo
886 1805 981 1879 ipsum
992 1801 1091 1861 didicit

64 1890 251 1961 experimento.
297 1887 503 1949 NOVIOIUS:
532 1889 627 1950 Valde
647 1889 802 1948 laetificant
821 1892 892 1965 ista3
914 1889 965 1949 sed
986 1891 1090 1947 mirum

63 1973 164 2050 niem,
186 1977 271 2051 quod
293 1977 332 2036 ob
354 1979 440 2035 unius
461 1975 583 2035 hominis
604 1983 725 2056 peccata
738 1975 880 2036 Dominus
902 1981 1012 2034 tantam
1025 1981 1091 2033 tur·

63 2057 128 2118 barii
146 2062 374 2122 multitudinem.
416 2061 649 2122 MONAOHUS:
678 2063 815 2140 Legimus
843 2068 959 2139 propter
984 2061 1089 2121 inobe-

64 2144 182 2208 dientiam
203 2149 306 2210 Jonas
328 2167 407 2210 marc
428 2150 583 2225 turbatum,
605 2146 668 2230 eti)
687 2157 791 2210 nautas
810 2150 1001 2226 periclitatos,
1022 2147 1089 2207 illo·

64 2247 108 2306 que
127 2239 235 2312 eiecto,
258 2253 330 2296 mox
350 2253 429 2296 mare
451 2240 562 2296 stetisse
584 2254 603 2294 a
623 2237 734 2296 fervore
756 2253 818 2295 suo.
860 2235 935 2295 Nam
955 2237 1030 2295 sieut
1051 2233 1088 2294 ob
1167 2272 1169 2276 -
1257 2269 1258 2276 ι

63 2322 132 2381 ouius
166 2321 302 2382 hominis
330 2330 482 2400 peccatum
516 2321 669 2400 aliquando
703 2322 845 2382 Dominus
880 2321 1090 2382 multitudinem

63 2409 244 2483 temporaliter
266 2409 386 2487 affligit,
418 2413 458 2468 ita
479 2417 596 2487 propter
615 2413 700 2470 unius
721 2405 787 2469 iusti
808 2412 910 2469 merita
929 2410 1092 2484 frequenter

64 2493 144 2554 unlus
164 2499 269 2573 parcit.
314 2495 361 2556 De
390 2496 446 2556 ho'a
473 2495 596 2574 plurima
624 2496 766 2556 habentur
793 2497 932 2572 exempla
974 2494 1091 2556 NOVI·

65 2577 153 2642 eiua:
182 2583 253 2644 Scio
281 2583 354 2642 nihil
380 2583 441 2642 fieri
469 2586 529 2642 sine
550 2587 626 2642 iusto
648 2582 704 2642 Dei
732 2583 852 2659 iudici03
881 2583 933 2643 sed
961 2597 1091 2643 summae

65 2665 145 2727 iudico
168 2687 234 2729 esse
258 2669 435 2744 dementiae,
457 2669 533 2746 quod
555 2669 642 2729 homo
664 2672 756 2730 sciens
778 2687 809 2729 se
831 2687 893 2729 esse
914 2671 1091 2745 inpeccatis

66 2756 233 2831 mortalibus,
272 2755 407 2832 periculis
441 2773 472 2816 se
499 2755 589 2816 'audet
624 2758 808 2816 committere.
850 2755 1090 2816 MONACHUS:

66 2836 161 2913 Quibus
182 2849 258 2902 nota
279 2849 325 2901 est
352 2842 492 2902 medicina
520 2843 719 2918 confessionis,
747 2861 801 2903 nec
829 2861 890 2902 una
915 2843 960 2902 die
986 2843 1092 2902 morari

66 2923 157 2988 debent
176 2931 208 2988 in
229 2931 369 3006 peccatis,
389 2947 481 3005 neque
497 2928 607 2994 differre
630 2931 845 3005 confessionem,
866 2931 920 2990 nisi
932 2929 1091 2990 necessitas

67 3013 185 3075 excludat
208 3016 403 3076 confessorem
415 3013 444 3098 ⁵).
485 3015 564 3075 Audi
576 3015 611 3076 de
635 3016 690 3076 hoo
701 3017 837 3093 Episcopi
852 3017 1001 3078 cuiusdam
1021 3032 1091 3075 ver·

67 3095 125 3160 ium
143 3103 264 3178 bonum,
287 3103 406 3162 verbum
426 3109 565 3180 sanctum,
586 3104 707 3164 verbum
728 3106 865 3196 memoria
886 3104 1090 3183 dignissimum.

86 3577 256 3646 ¹)Ghomo
284 3579 345 3632 illc
369 3585 454 3637 vitae
481 3601 559 3638 suae
581 3577 769 3654 pariter‘et.
788 3616 820 3624 -
845 3583 1090 3654 2)Gmemoria.

128 3680 158 3689 -
176 3653 209 3719 s)
228 3651 250 3704 G
268 3650 400 3718 inclusi,
417 3664 442 3708 et
460 3657 535 3724 paulo
553 3664 611 3724 post
630 3664 817 3723 conspectu.
832 3682 862 3694 -
882 3655 915 3720 4)
933 3662 963 3705 et
981 3669 1022 3705 orn
1040 3653 1091 3708 Bc.

128 3747 158 3762 -
176 3723 210 3788 5)
228 3719 271 3772 DP
291 3722 532 3778 confessionem.
549 3726 638 3780 llomll.
656 3727 696 3781 lll.
715 3741 740 3792 p.
751 3726 815 3778 154:
834 3723 974 3791 „modicum
986 3722 1091 3790 prodest

127 3789 209 3842 cordis
236 3791 367 3857 contritio,
398 3795 441 3848 ubi
466 3810 516 3848 non
546 3798 659 3864 sequitur
684 3797 735 3847 oris
762 3794 904 3856 confessio,
937 3807 1021 3859 neque
1044 3807 1090 3858 pro

128 3859 192 3914 neco
209 3859 370 3927 reputabitur
385 3865 514 3932 voluutas,
540 3867 589 3918 nisi
606 3866 777 3918 confessorem
795 3863 911 3916 excludat
927 3861 1090 3914 nemausas
