2654 4308
188 249 227 308 76
327 282 330 290 ν
487 245 720 310 oleumcum
741 246 917 310 SEPTIMA

184 369 353 444 promeruit3
375 367 427 428 sed
448 369 472 428 ei
493 371 577 445 nosti,
598 368 645 430 dic
666 369 742 430 unde
764 371 857 430 muer.
899 365 1134 432 MONAOHUS:
1155 367 1221 430 Duo

185 455 238 514 tibi
258 453 351 516 dicam
373 455 505 532 exempla
526 455 639 546 dipinae
660 459 790 533 pietatis,
811 458 930 533 eiusque
953 455 1120 532 Genitricis,
1149 473 1222 533 quae

185 547 214 610 te
233 558 292 600 non
305 541 398 602 solum
420 544 448 602 in
470 542 695 619 admirationem,
715 546 774 604 imo
796 546 883 604 etiam
903 545 933 602 in
953 550 1101 620 stuporem
1121 545 1222 606 merito

186 634 361 690 convertant
760 657 766 668 ‚

399 833 400 838 ι
436 799 469 830 ’·
509 819 741 882 CAPITULUM
761 801 897 902 cunr)

265 942 312 1000 De
333 943 424 1001 milite
445 939 596 1016 decolldto,
619 946 671 1018 qai
686 961 744 1018 per
765 961 831 1002 cam
853 947 946 1004 ecueit
967 945 1140 1020 palmeam.

248 1061 332 1123 Miles
361 1063 478 1139 quidam
505 1063 623 1152 nobilis,
652 1063 703 1123 sed
733 1065 914 1140 criminosus,
946 1071 1075 1142 tempore
1098 1064 1224 1143 quodam

184 1151 222 1210 ab
250 1151 371 1210 inimicis
400 1154 458 1210 suis
488 1158 589 1226 captus
618 1157 669 1210 est.
712 1149 751 1208 Et
779 1153 847 1226 quia
879 1153 1013 1212 mortales
1043 1159 1124 1212 erant
1152 1155 1224 1214 inter

185 1253 234 1298 eos
255 1239 426 1312 inimicitiae,
447 1241 548 1297 visum·
564 1243 608 1298 est
629 1240 669 1296 eis
691 1237 839 1314 expedire,
864 1244 898 1298 ut
918 1242 948 1298 in
968 1242 1084 1299 ineunti
1107 1240 1223 1301 occide-

184 1330 268 1383 retur.
312 1323 438 1384 Cernens
466 1328 510 1384 vir
529 1325 633 1384 nobilis
654 1324 709 1384 sibi
730 1329 852 1384 mortem
873 1328 1033 1401 imminere,
1062 1332 1092 1386 et
1112 1327 1223 1386 nullum

184 1410 286 1470 adesse
314 1411 471 1470 remedium
498 1414 591 1486 vitae,
620 1411 740 1486 supplici
768 1428 840 1472 voce
870 1412 939 1472 dixit
965 1412 1003 1474 ad
1029 1412 1109 1474 illos:
1139 1414 1222 1491 Rogo

184 1515 237 1558 vos
254 1499 357 1556 intuitu
369 1497 434 1574 Dei,
454 1504 487 1557 ut
500 1498 538 1557 ad
559 1498 705 1580 modicum
726 1503 847 1558 mortem
867 1517 963 1559 meam
985 1499 1097 1559 differre
1120 1499 1222 1577 digne·

184 1585 261 1658 mini,
284 1591 423 1659 quatenus
436 1585 521 1645 alicui
533 1584 715 1646 sacerdotum
728 1591 848 1659 peccata
869 1604 934 1646 mea
955 1588 1063 1662 possim
1086 1587 1222 1653 confiteri.
1298 1657 1299 1666 ἵ

183 1671 405 1746 Responderunt
424 1672 478 1731 illi:
506 1672 571 1732 Non
601 1677 677 1732 esset
704 1672 787 1731 nobis
811 1671 885 1732 haec
907 1673 1003 1733 dilatio
1026 1678 1098 1734 tuta.
1144 1673 1222 1736 Gon·
1298 1689 1299 1710 ι

183 1759 291 1835 tingere
312 1765 419 1833 posset,
439 1765 473 1817 ut
494 1761 608 1836 cognati
630 1764 658 1818 et
679 1760 764 1818 amici
784 1761 826 1818 tui
847 1762 1008 1836 venientes,
1030 1763 1175 1836 eriperent
1195 1767 1222 1822 tc
1298 1799 1299 1810 ι

185 1843 220 1904 de
241 1847 374 1905 manibus
395 1849 513 1921 nostris,
544 1852 572 1905 ct
600 1851 676 1906 esset
698 1863 774 1905 error
795 1849 967 1906 novissimus
987 1849 1067 1924 peior
1088 1850 1185 1923 priore
1198 1845 1222 1930 ¹).

185 1930 238 1991 (lui
266 1949 332 1992 cum
360 1935 587 2008 praecepissent,
619 1938 653 1991 ut
680 1949 712 1992 se
740 1938 932 2007 prosterneret
953 1933 991 1994 ad
1012 1933 1224 2009 decollandum,

184 2017 254 2092 digit
285 2018 349 2079 hoc.
373 2020 507 2079 verbum:
536 2019 635 2094 Deus,
669 2025 701 2078 tu
734 2021 790 2079 sois
823 2021 1000 2080 voluntatem
1031 2039 1138 2081 meam.
1186 2022 1223 2082 Iit
1296 2031 1297 2034 ’

184 2097 345 2165 subiunxit:
377 2105 513 2166 Animam
540 2123 635 2166 meam
664 2106 832 2167 commendo
854 2106 980 2184 Virginis
1001 2107 1069 2170 filio.
1115 2109 1222 2185 Sicque

184 2191 342 2252 decollatus
378 2199 429 2253 est.
488 2193 559 2252 Erat
594 2200 662 2252 tunc
699 2195 834 2270 temporis
870 2195 1005 2254 obsessus
1042 2195 1164 2270 qnidam
1195 2198 1223 2254 in

184 2281 286 2339 vicino.
331 2279 383 2340 Oui
398 2297 463 2342 cum
478 2280 603 2340 dicerent
621 2280 745 2356 quidam,
767 2279 866 2340 audita
885 2287 975 2342 morte
997 2283 1222 2358 tantityrannr’:

183 2364 272 2425 Modo
296 2385 433 2443 magnum
454 2367 566 2428 habetis
587 2367 725 2444 gaudium
746 2374 861 2443 propter
882 2370 1007 2428 animam
1029 2368 1127 2430 militis
1149 2369 1222 2430 illius

182 2452 347 2530 facinorosi3
373 2454 487 2529 lugubri
508 2449 580 2514 v‘oce
602 2453 762 2529 respondit:
783 2455 982 2532 Nequaquam.
1026 2453 1125 2516 Unum
1148 2459 1223 2521 enirn

183 2540 304 2600 verbum
325 2543 447 2600 moriens
456 2539 476 2621 ²)
498 2541 628 2619 protulit,
649 2547 766 2617 propter
788 2540 865 2618 quod
887 2539 1024 2601 salvatus·
1038 2549 1090 2602 est.
1134 2542 1222 2611 Haud

183 2624 303 2686 dubium
332 2629 400 2703 quin
427 2623 482 2704 ope
511 2628 613 2688 beatae
635 2628 776 2704 Virginis,
806 2629 886 2694 cuius
907 2627 965 2688 filio
994 2629 1121 2688 animam
1145 2632 1221 2691 occi-

184 2712 294 2773 dendus
316 2717 469 2790 commisit,
490 2717 591 2790 poenis
612 2714 760 2790 gehennae
782 2717 819 2773 sit
840 2715 1011 2790 subtractus,
1038 2722 1067 2774 et
1089 2733 1158 2776 cum
1178 2717 1221 2776 la-
1298 2771 1299 2790 ,

182 2797 293 2880 trone³)
327 2801 479 2861 confitente
500 2800 625 2878 paradisi
646 2800 758 2878 gaudiis
780 2800 919 2861 addictus.
961 2801 1050 2860 Aliud
1071 2803 1126 2862 tibi
1147 2804 1221 2864 reie-

182 2905 253 2964 ram,
270 2887 346 2948 unde
364 2888 486 2966 amplius
504 2888 612 2947 mireris
619 2882 651 2967 ⁴),
673 2887 751 2963 quod
771 2887 841 2946 mihi
863 2887 978 2964 quidam
991 2888 1095 2949 Abbas
1116 2890 1222 2950 ordinis

182 2977 272 3036 nostri
292 2975 402 3051 retulit,
431 2977 506 3036 circa
526 2974 582 3035 hcc
605 2976 829 3051 quinquennium
850 2975 948 3036 dicens
968 2975 1038 3036 illud
1059 2979 1222 3056 contigisse.
1298 2979 1299 3034 4

522 3164 755 3227 carnoten
775 3165 884 3250 curn.

162 3277 259 3348 ‘lton
287 3288 323 3347 de
344 3288 476 3362 latrone,
510 3305 596 3364 quem
618 3288 795 3348 decollatum
816 3289 930 3366 sepeliri
949 3287 1019 3366 fecit
1040 3291 1072 3347 in
1094 3287 1221 3348 ecclesia

246 3409 282 3468 Ιιι
303 3411 397 3468 vicina
414 3406 566 3489 civitatis⁵)
589 3409 781 3486 Tridentinae,
802 3411 877 3470 sicut
897 3409 967 3470 mihi
986 3407 1082 3468 retulit
1103 3407 1222 3485 qnidam

182 3496 300 3572 Abba's,
325 3495 397 3555 latro
418 3492 609 3578 nominatus⁶)
630 3497 815 3573 versabatur,
837 3515 856 3557 a
877 3513 935 3572 quo
956 3495 1038 3554 multi
1059 3494 1222 3571 depraeda-

199 3615 233 3683 *)
247 3613 338 3666 llomil.
361 3613 391 3665 ll.
409 3629 434 3680 p.
453 3614 495 3665 77.
514 3643 543 3654 -
566 3614 597 3681 1)
615 3614 701 3666 llntth.
719 3614 768 3678 27,
794 3613 836 3666 64.
856 3643 887 3654 -
906 3613 938 3682 2)
961 3613 1103 3666 moriens
1127 3628 1171 3664 orn
1189 3611 1221 3674 0;

251 3683 317 3734 conl.
335 3683 384 3747 xl,
407 3683 449 3736 20.
470 3713 500 3724 -
520 3685 551 3751 3)
575 3684 632 3736 Luc.
658 3684 703 3748 23,
732 3683 814 3736 tae
837 3682 966 3734 latrone
989 3697 1072 3736 sero.
1091 3710 1123 3722 -
1143 3682 1177 3750 4)
1201 3680 1221 3733 Β

133 3807 135 3814 ,
251 3751 433 3806 miraberis.
453 3783 483 3794 -
511 3754 542 3822 5)
560 3753 644 3808 AGDP
668 3755 815 3807 civitate.
833 3752 905 3807 Gonl.
923 3753 948 3818 l,
971 3754 1013 3806 40.
1030 3768 1056 3820 p.
1074 3751 1115 3804 52.
1137 3781 1169 3792 -
1190 3749 1222 3818 6)

252 3821 273 3874 B
290 3824 576 3877 nominatissimus.
