2622 4322
429 279 486 342 DE
509 279 771 344 ΤΕΝΤΑΤΙΟΝΕ.
1062 285 1122 346 101

111 405 172 464 ouius
183 405 334 464 membrum
352 404 416 480 unt,
439 407 527 465 etiam
548 405 586 466 ad
607 404 735 464 literam:
756 403 868 465 Manus
889 423 973 466 mooe
993 407 1124 468 stillave-

109 498 165 549 11111
181 496 316 568 mierum
350 493 437 568 digiti
458 496 516 550 mei
537 494 617 567 pleni
648 499 719 554 eunt
747 496 843 552 mirra
868 492 1082 569 probatissimo
1096 491 1123 566 ¹).

108 575 283 639 noviome:
304 580 395 638 Forte
409 597 513 645 manus
527 579 655 638 habebat
672 579 844 656 impollutas.
886 578 1123 640 MONACHUS:

106 663 205 723 Noveris
219 683 283 724 eum
296 683 357 725 non
369 666 459 725 fuisse
474 683 559 725 earne
568 668 718 742 virginem,
737 672 771 725 ut
782 669 855 726 roias
864 665 982 726 odorem
1000 667 1124 727 eundem

105 749 174 810 111111
182 755 268 829 magis
277 750 298 833 ²)
322 771 359 814 ex
380 756 486 812 virtute
505 755 617 828 mentis,
639 770 727 828 quam
749 771 784 812 ex
805 755 966 830 integritate
988 757 1123 830 eorporis.

104 835 233 897 decedens
268 857 338 899 vero
371 839 411 899 ad
448 857 578 899 mensam
614 839 807 915 corporalem,
845 843 967 916 gratiam
1001 841 1123 916 perdidit

103 925 265 998 spiritualem.
308 927 393 986 Licet
421 943 535 1001 semper
563 925 665 986 debilis
695 933 769 986 esset
797 933 827 986 et
853 928 997 1001 infirmus,
1026 934 1123 988 tamen

101 1016 157 1070 ante
176 1013 281 1072 obitum
302 1031 389 1072 suum
409 1031 462 1090 per
487 1012 547 1072 dies
569 1012 675 1072 multos
696 1013 819 1089 amplius
839 1015 870 1072 in
892 1015 1004 1074 camino
1027 1017 1122 1091 aegri-

101 1097 190 1158 tudinis
223 1098 403 1181 exoootur³),
440 1107 469 1160 et
500 1102 576 1160 sieut
607 1118 709 1159 aurum
741 1103 770 1159 in
802 1103 868 1176 igne
900 1100 1038 1176 probatus
1071 1108 1122 1160 est.

100 1183 178 1244 lloete
205 1187 330 1262 quadam
356 1189 387 1246 in
409 1189 516 1246 somnis
538 1193 639 1258 saneta
660 1186 778 1264 Agatha
798 1193 907 1263 martyr
919 1193 958 1247 'et
978 1189 1060 1265 virgo
1082 1187 1122 1246 illi

98 1289 235 1347 apparens,
265 1273 336 1332 dixit
356 1276 431 1333 inter
458 1274 550 1333 verba
578 1273 781 1334 consolatoria:
807 1273 980 1348 Christiane,
1006 1277 1123 1334 nonsit

99 1359 140 1417 tibi
166 1377 284 1420 onerosa
305 1359 456 1420 infirmitas
478 1361 566 1436 haee,
596 1363 664 1436 quia
684 1363 730 1422 isti
751 1363 900 1437 sexaginta
922 1361 982 1420 dies
1004 1369 1122 1437 reputa·

97 1444 189 1504 buntur
208 1448 259 1506 tibi
280 1466 334 1523 pro
352 1451 502 1525 sexaginta
523 1450 613 1506 annis.
656 1447 873 1526 Expergisoens,
895 1450 962 1522 quia
983 1451 1121 1508 visionem

96 1533 236 1609 intelligere
250 1551 309 1594 non
322 1538 426 1610 potuit,
448 1535 620 1611 quibusdam
635 1551 699 1594 eam
712 1533 859 1596 revelavit.
897 1534 991 1610 Quam
1006 1535 1122 1610 quidam

95 1618 128 1678 ita
152 1622 327 1696 interpretati
355 1628 436 1696 sunt,
466 1621 544 1697 qnod
572 1627 684 1680 tanturn
713 1639 779 1680 eum
799 1626 936 1698 purgaret
957 1639 975 1680 a
995 1625 1121 1697 peeeatis

95 1704 250 1766 infirmitatis
264 1709 341 1767 illius
360 1707 474 1783 acredo,
496 1713 635 1784 quantum
649 1711 798 1786 sexaginta
810 1712 876 1767 enni
897 1709 926 1766 in
946 1712 1121 1784 purgatorio.

95 1789 156 1852 Aliis
186 1795 355 1872 videbatur,
393 1797 471 1872 quod
506 1799 600 1854 verius
630 1795 697 1871 luit,
732 1798 800 1872 quia
833 1795 981 1853 infirmitas
1009 1795 1122 1856 illorum

95 1883 230 1957 sexaginta
263 1883 404 1957 dierum,·
422 1888 538 1960 propter
568 1883 750 1958 patientiam,
779 1888 855 1943 esset
884 1884 909 1940 ei
937 1897 988 1957 pro
1018 1885 1120 1942 merito

95 1970 230 2044 sexaginta
251 1986 403 2029 annorum.
445 1970 521 2030 Nam
541 1972 570 2028 11
592 1975 677 2028 11111
698 1976 814 2030 sanetae
837 1967 970 2044 Agathae
992 1970 1121 2044 spiritum

28 2123 29 2128 γ
94 2053 210 2132 reddidit,
223 2061 272 2133 qui
288 2057 349 2116 dies
363 2057 417 2115 suit
429 2059 622 2133 sexagesimus
638 2057 675 2116 ab
691 2073 726 2114 ea
739 2063 831 2130 noete,
846 2074 904 2131 qua
917 2053 990 2114 haec
1004 2055 1121 2114 audivit.

96 2139 332 2202 Consummatus
324 2163 355 2202 1n
376 2145 465 2218 brevi,
488 2143 613 2220 explevit
634 2151 763 2219 tempora
784 2139 913 2221 multa).
934 2141 972 2200 Et
993 2148 1026 2199 ut
1047 2144 1120 2200 solas

95 2245 148 2288 esse
178 2249 281 2291 verum
317 2248 480 2290 sermonem
514 2229 721 2332 propheticum,
743 2233 793 2306 qni
822 2229 1031 2289 1111111111
1059 2246 1121 2287 11111

91 2317 213 2388 portabit
233 2315 579 2394 1111111111111111111
603 2319 718 2376 noveris
739 2317 913 2376 monaohum
933 2315 1009 2374 huno
1031 2313 1121 2374 filium

93 2401 168 2464 luisse
196 2405 293 2464 elerioi
321 2411 351 2464 et
378 2404 538 2463 Bonnensis
567 2404 705 2464 ecelesiae
735 2406 871 2463 canonici.
916 2400 1120 2462 NOVIOIUS:

93 2487 189 2551 Audivi
204 2492 239 2552 de
254 2491 438 2567 quibusdam,
459 2491 537 2567 quod
549 2493 633 2550 nimis
647 2494 774 2566 timeant,
795 2507 829 2550 eo
845 2488 923 2565 quod
937 2489 972 2546 de
993 2489 1119 2564 legitimo

93 2573 163 2638 thoro
177 2581 237 2638 nati
250 2596 309 2638 non
324 2581 389 2638 sint.
430 2578 491 2637 Illis
508 2578 654 2653 expediret
666 2580 721 2637 ista
733 2577 841 2636 audire:
883 2575 1117 2636 MONAOHUS:
1168 2636 1170 2640 ,

93 2661 151 2724 Sive
163 2665 280 2725 sintfilii
299 2665 429 2742 legitimi,
449 2669 510 2724 sive
529 2665 679 2740 lomiearii,
701 2665 868 2739 adulterini,
888 2663 935 2723 vel
956 2665 1119 2741 incestuosi,

93 2749 184 2828 idest,
207 2753 243 2812 de
264 2747 378 2812 incestu
398 2751 467 2827 nati,
488 2769 586 2810 omnes
608 2759 675 2811 ante
696 2753 872 2828 baptismum
894 2750 995 2809 eadem
1017 2756 1120 2809 eatena

93 2841 190 2900 11111111
218 2846 361 2900 tenentur.
405 2837 512 2898 Omnes
541 2839 657 2915 quidem
685 2843 745 2898 nati
773 2855 872 2897 sumus
893 2837 944 2894 filii
965 2839 1040 2912 irae3
1068 2855 1120 2912 per

92 2922 256 3001 baptismum
293 2943 363 2985 vero
400 2927 492 2985 effoeti
524 2943 624 2984 sumus
653 2925 702 2983 filii
740 2927 865 3002 gratiae,
905 2923 956 2983 sed
992 2923 1045 2982 soli
1079 2923 1120 2982 illi

92 3009 168 3088 beati,
190 3017 237 3090 qui
250 3029 304 3090 per
318 3016 408 3072 vitam
427 3014 533 3072 bonam
555 3018 584 3072 et
604 3014 726 3088 gratiam
740 3010 856 3070 finalem
878 3011 1119 3086 computabuntur

92 3097 155 3157 inter
180 3101 254 3160 filios
282 3100 400 3178 gloriae.
442 3093 585 3159 Revoeet'
600 3099 669 3157 mihi
698 3099 736 3158 ad
764 3101 932 3157 memoriam
957 3100 1046 3156 oratio
1069 3104 1119 3157 tua

94 3201 253 3248 conversum
275 3186 421 3263 quendam
442 3192 581 3261 sanetum,
603 3187 694 3245 saneti
716 3184 871 3244 sacerdotis
892 3185 989 3259 filiurn,
1012 3186 1061 3260 qui
1083 3184 1119 3244 de

93 3275 310 3334 suaoonditione
323 3277 365 3332 ita
379 3278 440 3333 erat
454 3279 589 3348 tentatus,
610 3275 651 3331 ita
672 3274 759 3331 tristis
782 3278 810 3331 11
831 3273 970 3347 turbatus,
991 3278 1025 3330 ut
1045 3288 1119 3346 pene

94 3357 213 3443 missus‘)
236 3367 315 3422 esset
342 3363 372 3419 in
399 3355 634 3436 desperationem.
677 3358 880 3419 NOVIOIUS:
907 3359 995 3418 Scire
1015 3358 1119 3417 vellem

94 3448 190 3508 exitum
223 3449 389 3509 tentationis
425 3449 494 3507 eius.
543 3444 780 3506 MONACHUS:
816 3445 921 3506 Dicam
956 3445 1009 3504 tibi
1041 3445 1118 3520 quod

109 3631 221 3700 fidant.
239 3637 265 3699 5,
284 3636 361 3686 5.—
381 3632 472 3701 2)Βῦ
488 3633 771 3703 magisfuisseoe
741 3631 897 3700 -3)lsai.
917 3633 961 3696 18,
979 3632 1065 3683 10.-
1085 3632 1117 3697 1)

154 3702 424 3774 8111111.1,13.“-
451 3704 483 3777 5]
505 3703 665 3768 1111111118,
689 3704 782 3755 2o.-
811 3702 882 3770 6)11
904 3700 1025 3769 lapsus.
1048 3699 1119 3761 Vlll,

155 3772 200 3825 57.
219 3781 263 3838 ,nt
285 3788 374 3824 omnes
400 3771 538 3826 mitteret'
531 3791 557 3825 rn
579 3741 806 3857 despelationenff
842 3771 931 3824 llonril.
950 3771 990 3822 lV.
1008 3787 1034 3838 p.
1053 3769 1117 3819 tot:

155 3812 266 3910 „pondus
285 3843 430 3910 tentationis
446 3843 539 3898 multoe
557 3845 633 3896 mittit
650 3845 677 3894 in
694 3841 896 3909 desperationem
913 3839 1024 3892 1111111.ιι

806 3911 962 3986 91·
