2538 4314
195 311 258 372 144
508 307 736 371 DISTINOTIO
755 307 905 371 TERTIA
985 347 1000 364 .

193 435 284 492 iustos
312 423 419 506 redire,
446 431 612 492 auscultans
639 431 724 492 valde
754 432 903 509 diligenter
930 432 1000 508 quid
1026 430 1066 490 illi
1094 431 1226 508 dixerint,
1252 433 1253 438 ’

194 519 300 595 quidve
323 520 363 577 eis
384 535 553 594 responsum
573 522 650 580 sita
678 526 721 594 te,
749 526 777 578 et
804 518 883 594 quod
903 525 969 594 post
989 521 1090 596 gravia
1109 525 1227 595 peccata

193 608 335 682 promissa
356 607 394 663 sit
413 608 455 664 eis
476 605 652 682 indulgentia
664 609 781 681 vitaque
803 612 927 668 aeterna.
970 606 1033 683 Ego
1055 623 1133 680 vero,
1153 605 1227 665 idem

194 709 313 770 sperans
335 695 485 767 consequi,
514 696 581 752 veni
608 695 661 754 tibi
681 698 803 769 peccata
823 687 1046 752 mea'confitcri
1088 692 1227 752 Sacerdos

193 797 280 854 vcro,
314 778 444 854 exemplo
466 782 558 838 sancti
579 778 696 838 Martini
712 776 743 858 ¹),
772 778 887 838 diabolo
915 778 1083 839 fiducialiter
1110 796 1227 855 respon-

195 865 249 926 dit:
278 865 309 926 Si
332 865 454 925 volueris
475 869 517 924 uti
547 866 663 926 oonsilio
684 881 765 941 meo,
795 873 824 924 et
851 883 937 942 agere
964 867 1168 942 poenitentiam
1195 865 1228 924 de

193 955 320 1030 peccatis
341 955 397 1011 tuis
418 970 503 1029 pure,
533 956 607 1012 sicut
627 953 671 1028 hi,
693 970 765 1028 quos
787 952 853 1012 hinc
876 954 952 1012 exire
973 952 1083 1027 vidisti,
1111 952 1228 1012 similem

193 1040 400 1117 indulgentiam
422 1043 613 1115 consequeris.
655 1040 815 1115 Respondit
837 1039 973 1098 daemon:
1001 1039 1034 1099 Si
1054 1037 1229 1099 tolerabilem

195 1127 266 1186 mihi
287 1129 441 1186 iniunxeris
463 1128 699 1201 satisfactionem,
728 1127 837 1202 parebo
858 1127 919 1185 tibi.
962 1126 1042 1203 Ego,
1057 1129 1163 1202 ¹inquit
1183 1143 1229 1185 sa-

121 1267 127 1282 ,
195 1214 305 1287 cordos,
326 1213 411 1272 valde
433 1212 591 1288 modicam,
613 1219 642 1273 et
662 1217 800 1273 minorem
821 1213 879 1289 his,
901 1215 950 1288 qni
972 1219 1038 1272 ante
1060 1220 1089 1272 te
1112 1213 1229 1273 confessi

195 1307 270 1375 sunt,
289 1299 341 1358 tibi
355 1302 725 1376 iniungampoenitentiam.
767 1299 852 1362 Vade
875 1305 903 1359 ct
924 1299 1229 1360 tribus-vicibueindie

73 1421 76 1428 »
194 1390 271 1447 iacta
284 1391 313 1445 te
325 1389 355 1444 in
376 1393 497 1461 terram3
519 1389 618 1462 sicque
629 1393 788 1463 prostratus
803 1386 897 1446 dicas:
918 1385 1044 1446 Domine
1053 1388 1136 1446 Deus
1152 1403 1229 1447 crea

116 1485 129 1514 *
195 1481 243 1534 tor
268 1490 349 1532 meus
356 1517 364 1550 ,
391 1474 510 1549 peccavi
531 1475 598 1548 tibi,
627 1476 744 1550 ignosce
772 1473 850 1532 milri.
892 1473 959 1533 Hoc
988 1474 1169 1534 solummodo
1196 1476 1230 1533 sit

194 1562 370 1638 poenitentia
391 1567 449 1620 tua.
493 1559 623 1636 Cumque
646 1560 777 1619 diabolus
799 1560 918 1620 diceret:
950 1560 1017 1620 Non
1037 1578 1158 1637 possum
1177 1559 1229 1620 hoc
1252 1615 1253 1628 ,

195 1647 304 1721 fecere,
332 1649 415 1705 nimis
444 1652 487 1706 est
514 1647 584 1705 mihi
604 1665 707 1724 grave3
736 1646 883 1724 respondit
910 1648 1056 1707 sacerdos:
1088 1648 1184 1724 Quare
1203 1649 1229 1706 ‘m

195 1739 256 1797 tam
277 1733 390 1793 modico
411 1732 561 1810 gravarist
604 1735 669 1794 Non
691 1751 824 1810 possum,
851 1737 956 1820 inquit,
989 1751 1036 1794 me
1064 1737 1094 1794 in
1122 1741 1229 1794 tantm

195 1819 345 1890 humiliare
375 1822 409 1881 ci
459 1820 559 1905 Aliud
578 1821 714 1897 quiequid
745 1823 916 1895 iniunxeris,
946 1821 1038 1883 libens
1071 1823 1229 1898 suscipiam

196 1907 279 1968 Tunc
300 1907 470 1984 indignatus*
485 1907 627 1984 sacerdos,
648 1908 809 1968 subiunxit:
832 1906 858 1967 Ο
881 1907 1009 1983 diabole,
1041 1911 1067 1970 sl
1087 1915 1170 1969 tanta
1190 1913 1229 1967 est

197 1994 290 2055 cordis
311 1997 353 2054 tui
367 1995 508 2070 superbia,
530 2002 562 2068 ut
582 2013 636 2055 noc
658 1995 731 2054 velis
753 2012 806 2054 uec
824 1997 916 2070 possis
938 2001 966 2054 te
987 1998 1017 2054 in
1038 2002 1099 2056 tam
1121 1995 1228 2056 modico
1252 1987 1253 2038 ἒ

195 2081 346 2144 humiliare
368 2081 495 2142 Creatori
514 2083 581 2157 tuo,
608 2082 710 2142 recede
732 2100 751 2140 a
771 2099 833 2157 me,
861 2084 929 2157 quia
949 2099 1043 2158 neque
1065 2082 1113 2142 bic
1142 2098 1229 2158 neque
1252 2129 1253 2174 ,

196 2171 227 2228 in
247 2170 341 2228 futuro
355 2168 579 2229 misericordiam
600 2170 638 2230 ab
660 2168 708 2228 illo
724 2172 916 2244 consequeris.
959 2168 1008 2229 Ad
1030 2186 1229 2246 qnamvoccm
1252 2217 1253 2222 ,

196 2272 265 2315 mox
297 2255 344 2314 ille
372 2257 496 2316 evanuit.
549 2255 754 2330 NOVIClUS:
787 2255 893 2314 Mirum
901 2254 921 2337 ²)
952 2256 1030 2333 qnod
1059 2259 1111 2339 sic
1131 2275 1162 2317 se
1183 2275 1253 2334 sus

196 2343 304 2418 petbus
325 2342 372 2400 ille
394 2344 508 2418 spiritus
529 2341 678 2402 humiliare
706 2345 800 2419 potuit
819 2342 941 2417 homini,
962 2350 1077 2416 utnon
1099 2343 1230 2404 Creatori.
1252 2371 1253 2416 ς

194 2427 433 2494 MONAOHUS:
451 2429 517 2490 Hoc
529 2435 573 2490 cst
591 2429 667 2505 quod
677 2429 775 2488 David
785 2429 851 2489 Deo
863 2428 944 2488 dicit:
962 2429 1228 2505 sapentiamque,
1252 2459 1253 2496 l

196 2516 299 2590 idest,
322 2516 501 2590 daemonum,
524 2520 576 2592 qqt
598 2516 781 2589 tenderunt,
804 2517 933 2576 ascendit
954 2515 1108 2595 ccupat).
1151 2516 1229 2577 Unde

197 2605 295 2665 statim
316 2605 345 2662 in
367 2605 499 2677 sequenti
520 2602 636 2662 Psalmo
658 2602 804 2662 subditur:
829 2602 1038 2679 Confitebtmun
1061 2603 1121 2678 ttln',
1142 2605 1229 2674 Danu,
1252 2633 1253 2648 ÷

197 2689 399 2766 confitebimur
405 2711 416 2765 ,-
438 2691 521 2764 quasi
536 2689 627 2749 dicat:
648 2689 708 2752 Nos
720 2689 850 2749 homines
865 2689 1062 2750 confitebimur
1075 2691 1129 2751 tibi
1142 2690 1230 2763 corde,
1252 2691 1253 2752 l

74 2849 76 2857 γ
198 2776 396 2837 confitebimur
418 2782 446 2834 et
468 2793 531 2851 ore3
555 2775 709 2834 daemones
723 2793 792 2836 vero
805 2777 1023 2851 impoenitentes
1044 2784 1120 2836 sunt.
1163 2775 1228 2838 ΝΟ·

196 2862 344 2924 VICIUS:
369 2861 442 2921 Cum
463 2870 598 2939 peccator
618 2861 773 2935 habentos
796 2869 825 2922 et
844 2863 971 2940 lingnam
993 2863 1228 2941 adloquendum,
1252 2873 1253 2920 l

196 2949 301 3012 sufficit
323 2952 357 3026 ci,
379 2951 403 3008 ei
424 2955 545 3026 peccata
566 2967 620 3009 sna
641 2951 745 3026 scripto
768 2949 958 3020 confiteatur?
1111 3013 1112 3016 ,

1252 3059 1253 3108 l

521 3137 754 3202 cnerrunun
774 3141 907 3202 xxvii.

283 3263 332 3322 Dc
354 3279 386 3322 co
409 3261 491 3339 quod
510 3281 573 3322 non
593 3244 723 3339 sufficiat
744 3266 851 3339 compto
873 3231 1022 3340 confiteri,
1038 3267 1096 3323 crat
1117 3267 1149 3324 tn
1252 3259 1253 3330 l

629 3354 804 3409 necessitate.
1252 3345 1253 3406 l

185 3421 189 3428 .
261 3451 496 3532 MONAOHUS:
518 3423 583 3513 Nou
593 3452 706 3512 videtur
714 3445 735 3533 ⁴)
752 3453 890 3528 sufficere,
913 3455 980 3529 quia
990 3471 1039 3513 ore
1053 3453 1189 3514 confessio
1200 3451 1228 3510 fit

197 3541 236 3601 ad
257 3541 379 3601 salutem
390 3539 420 3621 ⁵).
464 3540 520 3617 Qui
540 3542 565 3599 si
586 3539 676 3599 semel
693 3546 813 3615 peccata
834 3558 888 3600 sua
910 3557 957 3600 ore
979 3540 1065 3601 fuerit
1078 3541 1228 3610 consessus,

196 3634 298 3710 postea
319 3625 423 3704 scripto
446 3645 477 3687 se
494 3625 616 3704 amplius
629 3627 801 3706 ccufimderc
822 3630 933 3704 poterit,
954 3629 1029 3687 sicut
1049 3630 1228 3705 poenitentes,
1252 3663 1253 3734 q

216 3813 248 3882 1)
265 3813 351 3866 siler.
370 3815 397 3874 n
413 3813 471 3864 vra
489 3813 514 3866 s.
533 3812 630 3864 nmen.
648 3827 704 3879 cap.
723 3813 765 3864 an.
785 3842 816 3851 -
835 3813 868 3880 a)
886 3812 927 3869 cc
944 3815 1058 3868 mirum
1075 3822 1131 3867 en.
1152 3841 1181 3854 -
1199 3811 1228 3879 a)
1252 3779 1253 3864 l

267 3881 451 3947 eranistae.
472 3912 503 3922 -
522 3883 555 3951 l)
572 3881 593 3936 o
609 3881 658 3934 adr
677 3883 708 3934 er.
730 3911 759 3922 -
780 3882 812 3950 5)
829 3882 900 3935 nom.
919 3883 962 3950 to,
976 3886 1022 3940 nc.
