2642 4330
136 279 199 339 erc
460 243 687 337 nurmcrro
717 273 852 336 sexus

135 399 187 462 tali
207 399 349 475 dederim,
377 416 465 476 quarn
485 401 548 476 ipse
570 398 701 474 quidem,
732 405 766 460 ut
792 394 986 472 vervicem,
1015 411 1178 458 manustra

135 488 244 563 recipit,
265 503 319 546 nec
341 487 449 562 aliquid
466 486 641 546 contradicit
683 485 853 546 Dicentibus
873 484 937 559 illis,
958 490 1047 544 testes
1069 501 1178 558 sumus,

136 590 204 632 mox
225 576 332 649 recepit
351 575 510 650 pecuniam,
533 579 562 632 et
582 573 681 633 reiecit
702 579 815 632 terram.
857 571 954 646 Mane,
975 572 1096 632 testibus
1119 573 1179 630 eis-

136 660 203 719 dem
223 660 366 748 pdhibitis,
387 663 502 720 vineam
515 660 764 722 sibivendicarit.
808 657 894 735 Quod
916 676 982 718 curn
1003 658 1102 718 relicta
1125 657 1180 718 de·

135 747 224 806 functi
256 747 414 823 didicisset,
447 755 566 823 stupens
600 749 737 819 accurrit,
770 752 799 805 ct
831 745 1014 820 contradixit,
1046 761 1178 806 asserens

136 851 230 910 neque
251 837 385 894 maritum
406 851 500 910 neque
522 851 554 894 se
575 819 690 894 vineam
710 832 790 892 illam
810 832 979 908 Praeposito
999 832 1179 906 vendidisse,

136 938 238 996 neque
260 939 388 996 unquam
415 922 555 997 pecuniae
584 920 693 995 aliquid
719 936 772 996 pro
803 937 838 980 ea
858 913 1010 996 recepisse.
1053 919 1108 978 cni
1128 917 1178 980 ille

135 1009 295 1084 respondit:
317 1008 380 1085 Ego
402 1015 483 1070 tento
504 1009 620 1067 vineam
642 1009 821 1083 comparavi,
842 1009 995 1082 pecuniam
1016 1007 1070 1066 sub
1092 1008 1178 1066 testi-

135 1097 230 1155 monio
252 1095 356 1174 horum
377 1097 559 1164 scabinomm
580 1097 611 1153 in
638 1111 742 1153 manus
763 1097 816 1154 viri
836 1096 879 1153 tui
900 1096 1000 1170 posui,
1026 1109 1080 1154 nec
1102 1110 1176 1154 con-

133 1181 256 1246 tradixit.
300 1155 383 1257 Qua'e
404 1199 436 1242 se
457 1181 528 1240 nihil
547 1180 648 1242 videns
669 1180 823 1256 prolicere,
844 1180 883 1240 ad
903 1181 1016 1258 Regem
1038 1181 1177 1256 cucurrit,

135 1267 171 1328 de
192 1269 328 1329 violentia
341 1268 501 1346 Praepositi
521 1267 562 1326 illi
583 1285 770 1343 conquerens.
811 1267 866 1328 Illo
888 1269 943 1329 sub
964 1267 1189 1344 praedictorum'

133 1358 295 1416 testimonio
326 1356 552 1430 contradicente,
584 1355 663 1430 Rex,
695 1357 763 1430 quia
790 1355 953 1415 audientiae
981 1371 1085 1416 vacare
1117 1371 1177 1413 non

134 1446 236 1519 potuit,
258 1443 430 1518 quibusdam
452 1459 569 1502 causam
591 1443 741 1502 commisit
784 1442 841 1517 Qui
853 1444 1016 1502 testimonio
1038 1442 1175 1502 scabino-

135 1547 200 1589 rum
221 1530 342 1606 deeepti,
362 1532 390 1588 in
412 1536 524 1606 partem
545 1529 706 1604 Praepositi
725 1527 916 1604 declinantes,
937 1546 989 1604 pro
1018 1545 1053 1588 eo
1077 1533 1178 1589 contra

135 1617 253 1677 viduam
275 1617 379 1676 dedere
400 1619 579 1676 seutentiam
622 1616 704 1675 'l'une
725 1615 774 1674 illa
802 1616 924 1691 amplius
945 1616 1076 1690 trrrbata,
1109 1632 1177 1674 cnm

135 1704 210 1782 Regi
231 1705 362 1763 clamosis
379 1701 395 1783 ¹)
424 1704 538 1763 fletibus
566 1704 650 1761 nimis
682 1709 759 1762 esset
785 1704 963 1778 importuna,
995 1703 1060 1762 Rex
1088 1707 1178 1764 testes

136 1793 234 1851 vocari
255 1782 344 1866 iussit,
365 1797 394 1850 et
416 1793 498 1866 quasi
509 1787 530 1870 ²)
551 1791 596 1848 vir
616 1788 742 1865 prudens
754 1785 784 1868 ³),
805 1788 960 1864 prudenter
979 1789 1044 1849 illos
1066 1791 1178 1848 exemi-

136 1881 232 1953 navit,
255 1869 425 1957 accersito⁴)
447 1879 525 1953 prius
546 1893 619 1952 uno,
641 1882 670 1936 et
689 1876 770 1936 solus
791 1876 912 1952 loquens
934 1894 1000 1936 cum
1021 1875 1098 1950 solo,
1120 1877 1176 1934 ait:

137 1965 221 2026 Nosti
240 1965 422 2023 Dominicem
451 1961 630 2024 orationem?
673 1963 877 2038 Respondente
905 1963 970 2022 illo:
1002 1963 1092 2037 Novi,
1122 1962 1178 2021 do-

137 2054 228 2127 mine,
257 2052 403 2111 subiunxit
429 2051 507 2110 Rex:
537 2050 593 2109 Dic
622 2066 690 2126 ergo
718 2050 796 2126 illem
824 2068 872 2109 me
901 2049 1043 2110 audiente.
1091 2048 1178 2127 Quod

138 2155 205 2198 cum
224 2139 354 2214 fecisset,
381 2138 452 2196 nihil
473 2137 552 2196 aliud
573 2141 598 2196 ei
620 2137 753 2212 loquens,
775 2139 929 2216 ‘praecepit
949 2143 982 2195 ut
1002 2139 1032 2196 in
1052 2139 1179 2196 vicinam

138 2241 281 2286 cameram
309 2243 412 2302 parum
433 2223 580 2286 secederet
591 2221 621 2304 ⁵).
664 2222 702 2282 Et
722 2223 870 2284 advocans
891 2225 1027 2300 alterum,
1049 2225 1178 2284 severius

138 2330 205 2374 eum
234 2313 375 2374 allocutus
405 2318 463 2388 est,
496 2312 607 2371 dicens:
637 2310 739 2371 Socius
768 2317 835 2372 tuus
865 2311 901 2372 de
928 2314 1013 2372 vinea
1040 2310 1088 2372 ifle
1116 2315 1178 2380 tam

137 2418 247 2460 meram
259 2396 279 2479 ⁵)
312 2398 381 2458 mihi
413 2399 509 2460 retulit
539 2401 709 2472 veritatem,
745 2401 821 2458 sicut
853 2404 897 2459 est
928 2404 1060 2458 sanctum
1090 2397 1180 2458 Pater

137 2493 248 2561 noster,
277 2503 334 2562 quo
363 2485 432 2544 nihil
461 2491 505 2545 est
531 2488 636 2546 verius.
680 2484 765 2560 Quod
793 2487 818 2546 si
845 2487 883 2544 ab
906 2501 941 2544 eo
963 2484 1179 2560 discordaretis,

136 2575 271 2650 punieris.
313 2572 480 2632 Aestimans
500 2572 556 2648 ille,
579 2575 647 2648 quia
659 2571 734 2648 Regi
756 2575 852 2632 omnia
870 2571 996 2647 dixisset,
1017 2573 1119 2632 timens
1142 2588 1179 2630 ac

137 2659 310 2732 tremensad
320 2660 409 2736 pedes
420 2663 481 2720 eius
492 2662 606 2733 corruit,
627 2659 738 2718 dicens:
760 2657 935 2718 Miseremini
945 2662 1044 2734 nostri,
1055 2658 1180 2734 dominc,

140 2749 207 2822 quia
229 2749 269 2806 sic
295 2748 385 2808 etsie
406 2748 533 2822 fecimus,
555 2746 755 2821 aPraeposito
777 2752 874 2806 vestro
887 2742 907 2826 ⁷)
924 2745 1041 2806 inducti
1083 2745 1180 2804 Iratus

138 2835 203 2894 Rex
214 2833 307 2910 valde,
322 2837 436 2894 vineam
447 2833 552 2894 viduae
565 2835 695 2908 restitnit,
710 2839 738 2892 et
744 2833 945 2910 Praepositum
951 2835 1051 2893 virum
1064 2831 1180 2907 sepeliri

137 2923 292 3000 praecepit.
334 2919 537 2980 NOVICIUS:
565 2919 651 2980 Juste
672 2926 769 2980 actum
797 2926 855 2993 est,
885 2925 918 2978 ut
937 2921 961 2979 is
983 2922 1045 2980 sine
1065 2921 1179 2978 miseri·

138 3009 236 3068 cordia
248 3007 420 3068 infoderetur
433 3010 527 3080 rivus,
549 3025 568 3066 a
588 3024 647 3082 quo
660 3005 815 3066 inhumane
829 3013 959 3066 mortuus
976 3007 1069 3066 lueret
1090 3006 1181 3068 effoe-

138 3113 196 3155 sus.
238 3093 474 3154 MONACHUS:
496 3094 596 3154 Poena
616 3095 730 3171 peccati
750 3111 769 3154 a
789 3093 854 3154 Deo
877 3099 936 3168 est,
962 3098 991 3153 et
1011 3093 1044 3152 lit
1064 3095 1180 3169 saepis-

138 3184 223 3258 sime,
249 3187 281 3242 ut
303 3181 461 3242 seeundum
479 3181 599 3247 modum
622 3181 723 3256 culpae
744 3181 879 3242 formetur
901 3179 1003 3242 modus
1025 3179 1180 3242 vindictae.

137 3270 184 3329 De
206 3286 263 3345 quo
285 3269 337 3328 uhi
358 3268 531 3344 subiungam
552 3267 692 3344 exempla.
738 3285 745 3290 ·

158 3649 188 3716 i)
205 3647 226 3700 B
244 3647 448 3701 clamorosis.
469 3677 499 3688 -
519 3648 551 3714 2)
568 3645 625 3702 libri
643 3649 726 3716 quia.
746 3677 777 3690 ·-
798 3645 923 3713 SJAPKR
941 3644 1084 3712 prudeus
1101 3645 1181 3711 init,

207 3719 229 3771 1)
247 3717 390 3786 prudens
408 3726 492 3782 erat,
509 3717 550 3770 BC
563 3717 711 3784 'prudens
730 3725 787 3769 est.
805 3715 876 3770 eunt.
890 3715 931 3778 lV,
943 3717 985 3767 50.
998 3743 1029 3756 -
1048 3715 1081 3782 4)
1091 3714 1180 3767 ΑΟΒΡ

206 3789 423 3911 &cacha-5]
448 3789 468 3841 B
487 3787 663 3840 secederet
681 3803 800 3854 parum.
821 3817 849 3826 -
870 3786 903 3854 6)
921 3783 941 3838 0
959 3799 1073 3838 veram.
1092 3813 1124 3826 -
1145 3787 1181 3854 7)
