<?xml version="1.0" encoding="UTF-8"?>
<!DOCTYPE html PUBLIC "-//W3C//DTD XHTML 1.0 Transitional//EN"
    "http://www.w3.org/TR/xhtml1/DTD/xhtml1-transitional.dtd">
<html xmlns="http://www.w3.org/1999/xhtml" xml:lang="en" lang="en">
 <head>
  <title>
</title>
<meta http-equiv="Content-Type" content="text/html;charset=utf-8" />
  <meta name='ocr-system' content='tesseract 3.04.00' />
  <meta name='ocr-capabilities' content='ocr_page ocr_carea ocr_par ocr_line ocrx_word'/>
</head>
<body>
  <div class='ocr_page' id='page_1' title='image "./caesariiheister05stragoog/caesariiheister05stragoog_0641.png"; bbox 0 0 2594 4302; ppageno 0'>
   <div class='ocr_carea' id='block_1_1' title="bbox 177 299 886 365">
    <p class='ocr_par' dir='ltr' id='par_1_1' title="bbox 177 299 886 365">
     <span class='ocr_line' id='line_1_1' title="bbox 177 299 886 365; baseline 0 0"><span class='ocrx_word' id='word_1_1' title='bbox 177 304 246 365; x_wconf 67' lang='lat' dir='ltr'><strong>21ss</strong></span> <span class='ocrx_word' id='word_1_2' title='bbox 509 299 753 365; x_wconf 67' lang='lat' dir='ltr'>&#39;DISIINO&#39;IIO</span> <span class='ocrx_word' id='word_1_3' title='bbox 774 299 886 365; x_wconf 73' lang='lat' dir='ltr'><strong>Noun</strong></span> 
     </span>
    </p>
   </div>
   <div class='ocr_carea' id='block_1_2' title="bbox 176 420 1266 1286">
    <p class='ocr_par' dir='ltr' id='par_1_2' title="bbox 176 420 1266 937">
     <span class='ocr_line' id='line_1_2' title="bbox 176 420 1220 502; baseline -0.001 -15"><span class='ocrx_word' id='word_1_4' title='bbox 176 429 308 502; x_wconf 86' lang='lat' dir='ltr'><strong>coquunt</strong></span> <span class='ocrx_word' id='word_1_5' title='bbox 316 421 494 502; x_wconf 71' lang='lat' dir='ltr'><strong>negligenter</strong></span> <span class='ocrx_word' id='word_1_6' title='bbox 503 439 608 496; x_wconf 79' lang='lat' dir='ltr'><strong>umores</strong></span> <span class='ocrx_word' id='word_1_7' title='bbox 620 425 881 502; x_wconf 64' lang='lat' dir='ltr'><strong>campanarium</strong></span> <span class='ocrx_word' id='word_1_8' title='bbox 901 420 1013 486; x_wconf 75' lang='lat' dir='ltr'><strong>stiriae</strong></span> <span class='ocrx_word' id='word_1_9' title='bbox 1024 421 1099 486; x_wconf 82' lang='lat' dir='ltr'><strong>tales</strong></span> <span class='ocrx_word' id='word_1_10' title='bbox 1121 422 1220 486; x_wconf 77' lang='lat' dir='ltr'><strong>eretri-</strong></span> 
     </span>
     <span class='ocr_line' id='line_1_3' title="bbox 176 511 1223 588; baseline 0 -16"><span class='ocrx_word' id='word_1_11' title='bbox 176 519 232 573; x_wconf 90' lang='lat' dir='ltr'><strong>unt</strong></span> <span class='ocrx_word' id='word_1_12' title='bbox 250 511 451 588; x_wconf 74' lang='lat' dir='ltr'><strong>negligentiae.</strong></span> <span class='ocrx_word' id='word_1_13' title='bbox 469 511 554 572; x_wconf 80' lang='lat' dir='ltr'><strong>Unsle</strong></span> <span class='ocrx_word' id='word_1_14' title='bbox 569 530 636 572; x_wconf 88' lang='lat' dir='ltr'><strong>cum</strong></span> <span class='ocrx_word' id='word_1_15' title='bbox 647 511 750 573; x_wconf 74' lang='lat' dir='ltr'><strong>Albas</strong></span> <span class='ocrx_word' id='word_1_16' title='bbox 767 519 864 573; x_wconf 85' lang='lat' dir='ltr'><strong>noster</strong></span> <span class='ocrx_word' id='word_1_17' title='bbox 879 512 926 573; x_wconf 85' lang='lat' dir='ltr'><strong>dis</strong></span> <span class='ocrx_word' id='word_1_18' title='bbox 947 511 1074 588; x_wconf 86' lang='lat' dir='ltr'><strong>quadam</strong></span> <span class='ocrx_word' id='word_1_19' title='bbox 1089 511 1223 572; x_wconf 85' lang='lat' dir='ltr'><strong>celebra-</strong></span> 
     </span>
     <span class='ocr_line' id='line_1_4' title="bbox 176 599 1223 676; baseline -0.002 -16"><span class='ocrx_word' id='word_1_20' title='bbox 176 604 258 660; x_wconf 88' lang='lat' dir='ltr'><strong>turus</strong></span> <span class='ocrx_word' id='word_1_21' title='bbox 273 605 349 659; x_wconf 87' lang='lat' dir='ltr'><strong>esset</strong></span> <span class='ocrx_word' id='word_1_22' title='bbox 364 600 481 658; x_wconf 86' lang='lat' dir='ltr'><strong>missam</strong></span> <span class='ocrx_word' id='word_1_23' title='bbox 496 601 525 657; x_wconf 92' lang='lat' dir='ltr'><strong>in</strong></span> <span class='ocrx_word' id='word_1_24' title='bbox 544 599 669 674; x_wconf 88' lang='lat' dir='ltr'><strong>quadam</strong></span> <span class='ocrx_word' id='word_1_25' title='bbox 681 599 812 674; x_wconf 88' lang='lat' dir='ltr'><strong>ecclesia,</strong></span> <span class='ocrx_word' id='word_1_26' title='bbox 826 605 856 659; x_wconf 90' lang='lat' dir='ltr'><strong>et</strong></span> <span class='ocrx_word' id='word_1_27' title='bbox 869 599 1087 660; x_wconf 80' lang='lat' dir='ltr'><strong>assenthostiae</strong></span> <span class='ocrx_word' id='word_1_28' title='bbox 1101 601 1223 676; x_wconf 85' lang='lat' dir='ltr'><strong>nigerri-</strong></span> 
     </span>
     <span class='ocr_line' id='line_1_5' title="bbox 176 685 1220 762; baseline -0.002 -16"><span class='ocrx_word' id='word_1_29' title='bbox 176 703 251 761; x_wconf 90' lang='lat' dir='ltr'><strong>mae,</strong></span> <span class='ocrx_word' id='word_1_30' title='bbox 264 688 305 745; x_wconf 88' lang='lat' dir='ltr'><strong>ait</strong></span> <span class='ocrx_word' id='word_1_31' title='bbox 318 689 516 762; x_wconf 85' lang='lat' dir='ltr'><strong>campanario:</strong></span> <span class='ocrx_word' id='word_1_32' title='bbox 531 686 577 746; x_wconf 90' lang='lat' dir='ltr'><strong>De</strong></span> <span class='ocrx_word' id='word_1_33' title='bbox 589 687 646 762; x_wconf 90' lang='lat' dir='ltr'><strong>quo</strong></span> <span class='ocrx_word' id='word_1_34' title='bbox 661 703 750 762; x_wconf 84' lang='lat' dir='ltr'><strong>grano</strong></span> <span class='ocrx_word' id='word_1_35' title='bbox 765 693 832 746; x_wconf 87' lang='lat' dir='ltr'><strong>sunt</strong></span> <span class='ocrx_word' id='word_1_36' title='bbox 845 685 958 746; x_wconf 80' lang='lat' dir='ltr'><strong>hostiae</strong></span> <span class='ocrx_word' id='word_1_37' title='bbox 967 685 1064 746; x_wconf 80' lang='lat' dir='ltr'><strong>istae?</strong></span> <span class='ocrx_word' id='word_1_38' title='bbox 1084 685 1220 762; x_wconf 85' lang='lat' dir='ltr'><strong>Respon-</strong></span> 
     </span>
     <span class='ocr_line' id='line_1_6' title="bbox 177 772 1222 850; baseline 0 -18"><span class='ocrx_word' id='word_1_39' title='bbox 177 772 262 834; x_wconf 85' lang='lat' dir='ltr'><strong>dente</strong></span> <span class='ocrx_word' id='word_1_40' title='bbox 275 772 333 848; x_wconf 92' lang='lat' dir='ltr'><strong>illo,</strong></span> <span class='ocrx_word' id='word_1_41' title='bbox 348 772 384 832; x_wconf 90' lang='lat' dir='ltr'><strong>dc</strong></span> <span class='ocrx_word' id='word_1_42' title='bbox 398 773 520 847; x_wconf 79' lang='lat' dir='ltr'><strong>harena,</strong></span> <span class='ocrx_word' id='word_1_43' title='bbox 536 773 628 834; x_wconf 86' lang='lat' dir='ltr'><strong>noluit</strong></span> <span class='ocrx_word' id='word_1_44' title='bbox 642 773 801 849; x_wconf 81' lang='lat' dir='ltr'><strong>celebrare3</strong></span> <span class='ocrx_word' id='word_1_45' title='bbox 814 772 899 833; x_wconf 87' lang='lat' dir='ltr'><strong>valde</strong></span> <span class='ocrx_word' id='word_1_46' title='bbox 913 790 1037 850; x_wconf 84' lang='lat' dir='ltr'><strong>arguens</strong></span> <span class='ocrx_word' id='word_1_47' title='bbox 1051 773 1141 849; x_wconf 91' lang='lat' dir='ltr'><strong>illum,</strong></span> <span class='ocrx_word' id='word_1_48' title='bbox 1153 773 1222 832; x_wconf 85' lang='lat' dir='ltr'>dixit</span> 
     </span>
     <span class='ocr_line' id='line_1_7' title="bbox 177 858 1266 937; baseline 0.002 -19"><span class='ocrx_word' id='word_1_49' title='bbox 177 859 256 936; x_wconf 86' lang='lat' dir='ltr'><strong>quod</strong></span> <span class='ocrx_word' id='word_1_50' title='bbox 269 859 340 918; x_wconf 81' lang='lat' dir='ltr'><strong>nihil</strong></span> <span class='ocrx_word' id='word_1_51' title='bbox 352 859 391 919; x_wconf 93' lang='lat' dir='ltr'><strong>ibi</strong></span> <span class='ocrx_word' id='word_1_52' title='bbox 405 859 495 920; x_wconf 87' lang='lat' dir='ltr'><strong>fieret.</strong></span> <span class='ocrx_word' id='word_1_53' title='bbox 522 858 726 922; x_wconf 84' lang='lat' dir='ltr'>NOVICIUS:</span> <span class='ocrx_word' id='word_1_54' title='bbox 751 859 827 937; x_wconf 87' lang='lat' dir='ltr'><strong>Quid</strong></span> <span class='ocrx_word' id='word_1_55' title='bbox 842 859 1022 920; x_wconf 86' lang='lat' dir='ltr'><strong>sentiendum</strong></span> <span class='ocrx_word' id='word_1_56' title='bbox 1034 866 1079 920; x_wconf 90' lang='lat' dir='ltr'><strong>est</strong></span> <span class='ocrx_word' id='word_1_57' title='bbox 1092 860 1131 919; x_wconf 85' lang='lat' dir='ltr'><strong>de</strong></span> <span class='ocrx_word' id='word_1_58' title='bbox 1142 859 1221 936; x_wconf 85' lang='lat' dir='ltr'><strong>spel·</strong></span> <span class='ocrx_word' id='word_1_59' title='bbox 1264 915 1266 920; x_wconf 83' lang='lat'><em>.</em></span> 
     </span>
    </p>

    <p class='ocr_par' dir='ltr' id='par_1_3' title="bbox 176 943 1222 1286">
     <span class='ocr_line' id='line_1_8' title="bbox 176 943 1222 1024; baseline 0.001 -18.038"><span class='ocrx_word' id='word_1_60' title='bbox 176 943 229 1006; x_wconf 78' lang='lat' dir='ltr'><strong>ta?</strong></span> <span class='ocrx_word' id='word_1_61' title='bbox 258 945 494 1007; x_wconf 72' lang='lat' dir='ltr'><strong>MONACHUS:</strong></span> <span class='ocrx_word' id='word_1_62' title='bbox 515 945 682 1022; x_wconf 88' lang='lat' dir='ltr'><strong>Requisitus</strong></span> <span class='ocrx_word' id='word_1_63' title='bbox 697 947 733 1007; x_wconf 91' lang='lat' dir='ltr'><strong>de</strong></span> <span class='ocrx_word' id='word_1_64' title='bbox 755 947 811 1007; x_wconf 91' lang='lat' dir='ltr'><strong>hoc</strong></span> <span class='ocrx_word' id='word_1_65' title='bbox 834 946 966 1007; x_wconf 90' lang='lat' dir='ltr'><strong>dominus</strong></span> <span class='ocrx_word' id='word_1_66' title='bbox 979 947 1063 1024; x_wconf 90' lang='lat' dir='ltr'><strong>Papa</strong></span> <span class='ocrx_word' id='word_1_67' title='bbox 1074 945 1222 1007; x_wconf 87' lang='lat' dir='ltr'><strong>Honorius</strong></span> 
     </span>
     <span class='ocr_line' id='line_1_9' title="bbox 176 1032 1222 1111; baseline 0 -19"><span class='ocrx_word' id='word_1_68' title='bbox 176 1050 229 1111; x_wconf 87' lang='lat' dir='ltr'><strong>per</strong></span> <span class='ocrx_word' id='word_1_69' title='bbox 248 1033 356 1094; x_wconf 81' lang='lat' dir='ltr'><strong>litteras</strong></span> <span class='ocrx_word' id='word_1_70' title='bbox 378 1033 527 1093; x_wconf 88' lang='lat' dir='ltr'><strong>cuiusdam</strong></span> <span class='ocrx_word' id='word_1_71' title='bbox 548 1033 673 1094; x_wconf 80' lang='lat' dir='ltr'><strong>Abbatis</strong></span> <span class='ocrx_word' id='word_1_72' title='bbox 696 1034 801 1093; x_wconf 83' lang='lat' dir='ltr'>ordinis</span> <span class='ocrx_word' id='word_1_73' title='bbox 822 1036 911 1093; x_wconf 84' lang='lat' dir='ltr'>nostri</span> <span class='ocrx_word' id='word_1_74' title='bbox 919 1033 1111 1110; x_wconf 86' lang='lat' dir='ltr'><strong>,respondit,</strong></span> <span class='ocrx_word' id='word_1_75' title='bbox 1142 1032 1222 1110; x_wconf 88' lang='lat' dir='ltr'><strong>spel-</strong></span> 
     </span>
     <span class='ocr_line' id='line_1_10' title="bbox 176 1119 1224 1198; baseline 0.001 -18"><span class='ocrx_word' id='word_1_76' title='bbox 176 1127 237 1180; x_wconf 83' lang='lat' dir='ltr'><strong>tam</strong></span> <span class='ocrx_word' id='word_1_77' title='bbox 258 1123 350 1198; x_wconf 80' lang='lat' dir='ltr'><strong>magis</strong></span> <span class='ocrx_word' id='word_1_78' title='bbox 363 1123 505 1197; x_wconf 85' lang='lat' dir='ltr'><strong>pertinere</strong></span> <span class='ocrx_word' id='word_1_79' title='bbox 525 1121 562 1180; x_wconf 78' lang='lat' dir='ltr'><strong>ari</strong></span> <span class='ocrx_word' id='word_1_80' title='bbox 583 1119 723 1181; x_wconf 81' lang='lat' dir='ltr'>hordeum</span> <span class='ocrx_word' id='word_1_81' title='bbox 744 1137 833 1197; x_wconf 82' lang='lat' dir='ltr'><strong>qnam</strong></span> <span class='ocrx_word' id='word_1_82' title='bbox 853 1121 892 1180; x_wconf 79' lang='lat' dir='ltr'><strong>ael</strong></span> <span class='ocrx_word' id='word_1_83' title='bbox 910 1123 1044 1182; x_wconf 84' lang='lat' dir='ltr'><strong>triticum.</strong></span> <span class='ocrx_word' id='word_1_84' title='bbox 1086 1121 1135 1181; x_wconf 88' lang='lat' dir='ltr'><strong>De</strong></span> <span class='ocrx_word' id='word_1_85' title='bbox 1158 1137 1224 1181; x_wconf 88' lang='lat' dir='ltr'><strong>cor·</strong></span> 
     </span>
     <span class='ocr_line' id='line_1_11' title="bbox 176 1207 876 1286; baseline -0.001 -18"><span class='ocrx_word' id='word_1_86' title='bbox 176 1207 310 1286; x_wconf 67' lang='lat' dir='ltr'><strong>potuit</strong></span> <span class='ocrx_word' id='word_1_87' title='bbox 289 1224 359 1268; x_wconf 77' lang='lat' dir='ltr'><strong>vero</strong></span> <span class='ocrx_word' id='word_1_88' title='bbox 380 1208 436 1268; x_wconf 82' lang='lat' dir='ltr'><strong>tibi</strong></span> <span class='ocrx_word' id='word_1_89' title='bbox 454 1209 544 1268; x_wconf 70' lang='lat' dir='ltr'><strong>ctam</strong></span> <span class='ocrx_word' id='word_1_90' title='bbox 562 1209 608 1267; x_wconf 86' lang='lat' dir='ltr'><strong>rel</strong></span> <span class='ocrx_word' id='word_1_91' title='bbox 605 1225 683 1267; x_wconf 87' lang='lat' dir='ltr'><strong>cram</strong></span> <span class='ocrx_word' id='word_1_92' title='bbox 705 1207 876 1285; x_wconf 79' lang='lat' dir='ltr'><strong>exemplum.</strong></span> 
     </span>
    </p>
   </div>
   <div class='ocr_carea' id='block_1_3' title="bbox 517 1395 882 1470">
    <p class='ocr_par' dir='ltr' id='par_1_4' title="bbox 517 1395 882 1470">
     <span class='ocr_line' id='line_1_12' title="bbox 517 1395 882 1470; baseline 0 -12"><span class='ocrx_word' id='word_1_93' title='bbox 517 1395 751 1470; x_wconf 69' lang='lat' dir='ltr'><strong>curmusi</strong></span> <span class='ocrx_word' id='word_1_94' title='bbox 771 1395 882 1459; x_wconf 81' lang='lat' dir='ltr'>LXVI.</span> 
     </span>
    </p>
   </div>
   <div class='ocr_carea' id='block_1_4' title="bbox 197 1519 1204 1704">
    <p class='ocr_par' dir='ltr' id='par_1_5' title="bbox 197 1519 1204 1704">
     <span class='ocr_line' id='line_1_13' title="bbox 197 1519 1204 1598; baseline -0.002 -16"><span class='ocrx_word' id='word_1_95' title='bbox 197 1519 247 1582; x_wconf 89' lang='lat' dir='ltr'><strong>De</strong></span> <span class='ocrx_word' id='word_1_96' title='bbox 267 1521 417 1596; x_wconf 73' lang='lat' dir='ltr'><strong>caperato·</strong></span> <span class='ocrx_word' id='word_1_97' title='bbox 438 1520 521 1598; x_wconf 82' lang='lat' dir='ltr'><strong>quod</strong></span> <span class='ocrx_word' id='word_1_98' title='bbox 542 1519 581 1579; x_wconf 82' lang='lat' dir='ltr'><strong>ob</strong></span> <span class='ocrx_word' id='word_1_99' title='bbox 602 1527 714 1580; x_wconf 81' lang='lat' dir='ltr'><strong>tactum</strong></span> <span class='ocrx_word' id='word_1_100' title='bbox 735 1523 961 1596; x_wconf 65' lang='lat' dir='ltr'><strong>impraecaetue</strong></span> <span class='ocrx_word' id='word_1_101' title='bbox 986 1523 1204 1580; x_wconf 73' lang='lat' dir='ltr'><strong>nmwtimoaia-</strong></span> 
     </span>
     <span class='ocr_line' id='line_1_14' title="bbox 217 1608 1003 1704; baseline 0.004 -39"><span class='ocrx_word' id='word_1_102' title='bbox 217 1620 222 1633; x_wconf 89' lang='lat'><strong>·</strong></span> <span class='ocrx_word' id='word_1_103' title='bbox 395 1608 431 1666; x_wconf 85' lang='lat' dir='ltr'><strong>lis</strong></span> <span class='ocrx_word' id='word_1_104' title='bbox 452 1611 649 1684; x_wconf 70' lang='lat' dir='ltr'><strong>sanquiaeom</strong></span> <span class='ocrx_word' id='word_1_105' title='bbox 670 1610 821 1668; x_wconf 67' lang='lat' dir='ltr'><strong>contruxit</strong></span> <span class='ocrx_word' id='word_1_106' title='bbox 842 1608 1003 1704; x_wconf 59' lang='lat' dir='ltr'><strong>mmor.</strong></span> 
     </span>
    </p>
   </div>
   <div class='ocr_carea' id='block_1_5' title="bbox 178 1725 1274 2762">
    <p class='ocr_par' dir='ltr' id='par_1_6' title="bbox 178 1725 1274 2762">
     <span class='ocr_line' id='line_1_15' title="bbox 243 1725 1227 1804; baseline 0.001 -18"><span class='ocrx_word' id='word_1_107' title='bbox 243 1727 281 1786; x_wconf 86' lang='lat' dir='ltr'><strong>In</strong></span> <span class='ocrx_word' id='word_1_108' title='bbox 312 1725 398 1788; x_wconf 87' lang='lat' dir='ltr'><strong>domo</strong></span> <span class='ocrx_word' id='word_1_109' title='bbox 432 1727 559 1803; x_wconf 79' lang='lat' dir='ltr'><strong>quadam</strong></span> <span class='ocrx_word' id='word_1_110' title='bbox 580 1727 852 1804; x_wconf 70' lang='lat' dir='ltr'><strong>sanctimonialium,</strong></span> <span class='ocrx_word' id='word_1_111' title='bbox 885 1743 951 1788; x_wconf 89' lang='lat' dir='ltr'><strong>cum</strong></span> <span class='ocrx_word' id='word_1_112' title='bbox 973 1733 1070 1789; x_wconf 85' lang='lat' dir='ltr'><strong>custos</strong></span> <span class='ocrx_word' id='word_1_113' title='bbox 1092 1728 1227 1788; x_wconf 89' lang='lat' dir='ltr'><strong>coenobii</strong></span> 
     </span>
     <span class='ocr_line' id='line_1_16' title="bbox 180 1812 1226 1891; baseline 0 -17"><span class='ocrx_word' id='word_1_114' title='bbox 180 1812 309 1874; x_wconf 76' lang='lat' dir='ltr'><strong>emsdem</strong></span> <span class='ocrx_word' id='word_1_115' title='bbox 343 1814 450 1874; x_wconf 81' lang='lat' dir='ltr'><strong>lamina</strong></span> <span class='ocrx_word' id='word_1_116' title='bbox 481 1813 634 1891; x_wconf 85' lang='lat' dir='ltr'><strong>religiosa,</strong></span> <span class='ocrx_word' id='word_1_117' title='bbox 670 1813 716 1873; x_wconf 86' lang='lat' dir='ltr'><strong>dis</strong></span> <span class='ocrx_word' id='word_1_118' title='bbox 749 1815 876 1890; x_wconf 87' lang='lat' dir='ltr'><strong>quadam</strong></span> <span class='ocrx_word' id='word_1_119' title='bbox 907 1815 1054 1891; x_wconf 85' lang='lat' dir='ltr'><strong>corporale</strong></span> <span class='ocrx_word' id='word_1_120' title='bbox 1085 1813 1226 1890; x_wconf 78' lang='lat' dir='ltr'><strong>lavisset,</strong></span> 
     </span>
     <span class='ocr_line' id='line_1_17' title="bbox 178 1901 1227 1978; baseline 0.001 -18"><span class='ocrx_word' id='word_1_121' title='bbox 178 1901 333 1962; x_wconf 71' lang='lat' dir='ltr'><strong>iuvenculn</strong></span> <span class='ocrx_word' id='word_1_122' title='bbox 353 1901 497 1977; x_wconf 80' lang='lat' dir='ltr'><strong>quaedam</strong></span> <span class='ocrx_word' id='word_1_123' title='bbox 519 1919 594 1978; x_wconf 87' lang='lat' dir='ltr'><strong>quaa</strong></span> <span class='ocrx_word' id='word_1_124' title='bbox 616 1904 642 1961; x_wconf 88' lang='lat' dir='ltr'><strong>ei</strong></span> <span class='ocrx_word' id='word_1_125' title='bbox 664 1902 701 1961; x_wconf 86' lang='lat' dir='ltr'><strong>ad</strong></span> <span class='ocrx_word' id='word_1_126' title='bbox 722 1901 857 1961; x_wconf 83' lang='lat' dir='ltr'><strong>solatium</strong></span> <span class='ocrx_word' id='word_1_127' title='bbox 878 1901 970 1961; x_wconf 73' lang='lat' dir='ltr'><strong>inierat</strong></span> <span class='ocrx_word' id='word_1_128' title='bbox 990 1901 1138 1978; x_wconf 82' lang='lat' dir='ltr'><strong>deputata,</strong></span> <span class='ocrx_word' id='word_1_129' title='bbox 1161 1920 1227 1963; x_wconf 90' lang='lat' dir='ltr'><strong>eum</strong></span> 
     </span>
     <span class='ocr_line' id='line_1_18' title="bbox 179 1987 1228 2050; baseline -0.003 0"><span class='ocrx_word' id='word_1_130' title='bbox 179 2003 217 2050; x_wconf 80' lang='lat' dir='ltr'><strong>ea</strong></span> <span class='ocrx_word' id='word_1_131' title='bbox 235 1987 329 2048; x_wconf 88' lang='lat' dir='ltr'><strong>lotum</strong></span> <span class='ocrx_word' id='word_1_132' title='bbox 348 1987 476 2048; x_wconf 73' lang='lat' dir='ltr'><strong>exoendit</strong></span> <span class='ocrx_word' id='word_1_133' title='bbox 496 1988 534 2047; x_wconf 86' lang='lat' dir='ltr'><strong>ad</strong></span> <span class='ocrx_word' id='word_1_134' title='bbox 555 1989 729 2049; x_wconf 86' lang='lat' dir='ltr'><strong>siccandum.</strong></span> <span class='ocrx_word' id='word_1_135' title='bbox 772 1988 822 2047; x_wconf 83' lang='lat' dir='ltr'><strong>Ad</strong></span> <span class='ocrx_word' id='word_1_136' title='bbox 843 1991 924 2048; x_wconf 88' lang='lat' dir='ltr'><strong>ouius</strong></span> <span class='ocrx_word' id='word_1_137' title='bbox 942 1994 1052 2050; x_wconf 88' lang='lat' dir='ltr'><strong>tactum</strong></span> <span class='ocrx_word' id='word_1_138' title='bbox 1073 2005 1145 2048; x_wconf 83' lang='lat' dir='ltr'><strong>mox</strong></span> <span class='ocrx_word' id='word_1_139' title='bbox 1162 2007 1228 2048; x_wconf 89' lang='lat' dir='ltr'><strong>ma-</strong></span> 
     </span>
     <span class='ocr_line' id='line_1_19' title="bbox 180 2074 1227 2153; baseline 0.001 -18"><span class='ocrx_word' id='word_1_140' title='bbox 180 2074 248 2135; x_wconf 86' lang='lat' dir='ltr'><strong>eula</strong></span> <span class='ocrx_word' id='word_1_141' title='bbox 274 2077 420 2153; x_wconf 66' lang='lat' dir='ltr'><strong>anguillis</strong></span> <span class='ocrx_word' id='word_1_142' title='bbox 448 2078 611 2152; x_wconf 70' lang='lat' dir='ltr'><strong>apparuit</strong></span> <span class='ocrx_word' id='word_1_143' title='bbox 633 2075 700 2152; x_wconf 85' lang='lat' dir='ltr'><strong>Qua</strong></span> <span class='ocrx_word' id='word_1_144' title='bbox 728 2078 791 2136; x_wconf 83' lang='lat' dir='ltr'><strong>visa</strong></span> <span class='ocrx_word' id='word_1_145' title='bbox 820 2077 1047 2136; x_wconf 71' lang='lat' dir='ltr'><strong>auctoritorem</strong></span> <span class='ocrx_word' id='word_1_146' title='bbox 1075 2077 1227 2152; x_wconf 86' lang='lat' dir='ltr'><strong>corporale</strong></span> 
     </span>
     <span class='ocr_line' id='line_1_20' title="bbox 178 2159 1227 2242; baseline 0.002 -20"><span class='ocrx_word' id='word_1_147' title='bbox 178 2159 258 2239; x_wconf 78' lang='lat' dir='ltr'><strong>invit,</strong></span> <span class='ocrx_word' id='word_1_148' title='bbox 280 2168 309 2223; x_wconf 89' lang='lat' dir='ltr'><strong>et</strong></span> <span class='ocrx_word' id='word_1_149' title='bbox 329 2161 475 2222; x_wconf 80' lang='lat' dir='ltr'><strong>maculam</strong></span> <span class='ocrx_word' id='word_1_150' title='bbox 489 2162 598 2238; x_wconf 59' lang='lat' dir='ltr'><strong>abluite</strong></span> <span class='ocrx_word' id='word_1_151' title='bbox 617 2162 668 2222; x_wconf 88' lang='lat' dir='ltr'><strong>sed</strong></span> <span class='ocrx_word' id='word_1_152' title='bbox 689 2179 758 2222; x_wconf 84' lang='lat' dir='ltr'><strong>mox</strong></span> <span class='ocrx_word' id='word_1_153' title='bbox 778 2169 811 2221; x_wconf 93' lang='lat' dir='ltr'><strong>ut</strong></span> <span class='ocrx_word' id='word_1_154' title='bbox 823 2163 977 2224; x_wconf 84' lang='lat' dir='ltr'><strong>iuvencula</strong></span> <span class='ocrx_word' id='word_1_155' title='bbox 990 2179 1108 2222; x_wconf 89' lang='lat' dir='ltr'><strong>manum</strong></span> <span class='ocrx_word' id='word_1_156' title='bbox 1131 2181 1227 2242; x_wconf 80' lang='lat' dir='ltr'><strong>appo-</strong></span> 
     </span>
     <span class='ocr_line' id='line_1_21' title="bbox 178 2241 1274 2326; baseline 0 -16"><span class='ocrx_word' id='word_1_157' title='bbox 178 2251 253 2325; x_wconf 76' lang='lat' dir='ltr'><strong>suit,</strong></span> <span class='ocrx_word' id='word_1_158' title='bbox 278 2266 347 2309; x_wconf 79' lang='lat' dir='ltr'><strong>mor</strong></span> <span class='ocrx_word' id='word_1_159' title='bbox 374 2247 476 2309; x_wconf 86' lang='lat' dir='ltr'><strong>eadem</strong></span> <span class='ocrx_word' id='word_1_160' title='bbox 497 2252 639 2326; x_wconf 83' lang='lat' dir='ltr'><strong>apparuit</strong></span> <span class='ocrx_word' id='word_1_161' title='bbox 682 2249 820 2309; x_wconf 84' lang='lat' dir='ltr'><strong>Dalatum</strong></span> <span class='ocrx_word' id='word_1_162' title='bbox 842 2256 887 2309; x_wconf 87' lang='lat' dir='ltr'><strong>est</strong></span> <span class='ocrx_word' id='word_1_163' title='bbox 907 2249 1077 2310; x_wconf 77' lang='lat' dir='ltr'><strong>miraculum</strong></span> <span class='ocrx_word' id='word_1_164' title='bbox 1099 2249 1139 2308; x_wconf 87' lang='lat' dir='ltr'><strong>ad</strong></span> <span class='ocrx_word' id='word_1_165' title='bbox 1161 2268 1227 2310; x_wconf 88' lang='lat' dir='ltr'><strong>ma·</strong></span> <span class='ocrx_word' id='word_1_166' title='bbox 1273 2241 1274 2250; x_wconf 40' lang='lat'>¹</span> 
     </span>
     <span class='ocr_line' id='line_1_22' title="bbox 178 2335 1228 2414; baseline 0.003 -19"><span class='ocrx_word' id='word_1_167' title='bbox 178 2338 312 2414; x_wconf 81' lang='lat' dir='ltr'><strong>giattam3</strong></span> <span class='ocrx_word' id='word_1_168' title='bbox 339 2338 484 2397; x_wconf 69' lang='lat' dir='ltr'><strong>minnotae</strong></span> <span class='ocrx_word' id='word_1_169' title='bbox 505 2343 572 2395; x_wconf 90' lang='lat' dir='ltr'><strong>sunt</strong></span> <span class='ocrx_word' id='word_1_170' title='bbox 594 2339 752 2412; x_wconf 83' lang='lat' dir='ltr'><strong>orationes,</strong></span> <span class='ocrx_word' id='word_1_171' title='bbox 783 2335 912 2396; x_wconf 81' lang='lat' dir='ltr'><strong>revelata</strong></span> <span class='ocrx_word' id='word_1_172' title='bbox 933 2343 977 2397; x_wconf 83' lang='lat' dir='ltr'><strong>est</strong></span> <span class='ocrx_word' id='word_1_173' title='bbox 998 2353 1102 2414; x_wconf 80' lang='lat' dir='ltr'><strong>eausa3</strong></span> <span class='ocrx_word' id='word_1_174' title='bbox 1115 2349 1118 2354; x_wconf 83' lang='grc'><strong>’</strong></span> <span class='ocrx_word' id='word_1_175' title='bbox 1133 2354 1228 2413; x_wconf 88' lang='lat' dir='ltr'><strong>quae·</strong></span> 
     </span>
     <span class='ocr_line' id='line_1_23' title="bbox 178 2422 1274 2505; baseline 0.001 -22"><span class='ocrx_word' id='word_1_176' title='bbox 178 2425 265 2484; x_wconf 75' lang='lat' dir='ltr'><strong>aimm</strong></span> <span class='ocrx_word' id='word_1_177' title='bbox 294 2429 338 2484; x_wconf 88' lang='lat' dir='ltr'><strong>cst</strong></span> <span class='ocrx_word' id='word_1_178' title='bbox 366 2429 395 2483; x_wconf 88' lang='lat' dir='ltr'><strong>et</strong></span> <span class='ocrx_word' id='word_1_179' title='bbox 415 2426 573 2482; x_wconf 81' lang='lat' dir='ltr'><strong>inuentum.</strong></span> <span class='ocrx_word' id='word_1_180' title='bbox 615 2424 724 2483; x_wconf 79' lang='lat' dir='ltr'><strong>Fuerat</strong></span> <span class='ocrx_word' id='word_1_181' title='bbox 745 2426 820 2484; x_wconf 90' lang='lat' dir='ltr'><strong>enim</strong></span> <span class='ocrx_word' id='word_1_182' title='bbox 841 2427 1041 2502; x_wconf 83' lang='lat' dir='ltr'><strong>impraegnata</strong></span> <span class='ocrx_word' id='word_1_183' title='bbox 1062 2423 1177 2484; x_wconf 84' lang='lat' dir='ltr'><strong>occulte</strong></span> <span class='ocrx_word' id='word_1_184' title='bbox 1194 2422 1228 2505; x_wconf 91' lang='lat'><strong>¹),</strong></span> <span class='ocrx_word' id='word_1_185' title='bbox 1273 2423 1274 2430; x_wconf 73' lang='grc'>’</span> 
     </span>
     <span class='ocr_line' id='line_1_24' title="bbox 179 2509 1227 2587; baseline 0 -15"><span class='ocrx_word' id='word_1_186' title='bbox 179 2516 209 2572; x_wconf 86' lang='lat' dir='ltr'><strong>et</strong></span> <span class='ocrx_word' id='word_1_187' title='bbox 242 2509 308 2570; x_wconf 85' lang='lat' dir='ltr'><strong>ideo</strong></span> <span class='ocrx_word' id='word_1_188' title='bbox 339 2515 419 2570; x_wconf 76' lang='lat' dir='ltr'><strong>actu</strong></span> <span class='ocrx_word' id='word_1_189' title='bbox 453 2509 609 2586; x_wconf 86' lang='lat' dir='ltr'><strong>corporalis</strong></span> <span class='ocrx_word' id='word_1_190' title='bbox 639 2510 765 2587; x_wconf 83' lang='lat' dir='ltr'><strong>indigna</strong></span> <span class='ocrx_word' id='word_1_191' title='bbox 820 2510 968 2587; x_wconf 86' lang='lat' dir='ltr'><strong>Quantum</strong></span> <span class='ocrx_word' id='word_1_192' title='bbox 999 2510 1064 2571; x_wconf 87' lang='lat' dir='ltr'><strong>Deo</strong></span> <span class='ocrx_word' id='word_1_193' title='bbox 1098 2512 1227 2572; x_wconf 90' lang='lat' dir='ltr'><strong>mundae</strong></span> 
     </span>
     <span class='ocr_line' id='line_1_25' title="bbox 178 2594 1228 2678; baseline 0.001 -22"><span class='ocrx_word' id='word_1_194' title='bbox 178 2613 281 2656; x_wconf 81' lang='lat' dir='ltr'><strong>manus</strong></span> <span class='ocrx_word' id='word_1_195' title='bbox 315 2596 450 2674; x_wconf 76' lang='lat' dir='ltr'><strong>placeam</strong></span> <span class='ocrx_word' id='word_1_196' title='bbox 484 2597 522 2658; x_wconf 78' lang='lat' dir='ltr'><strong>ad</strong></span> <span class='ocrx_word' id='word_1_197' title='bbox 553 2597 630 2657; x_wconf 88' lang='lat' dir='ltr'><strong>idem</strong></span> <span class='ocrx_word' id='word_1_198' title='bbox 661 2599 847 2657; x_wconf 83' lang='lat' dir='ltr'><strong>ministerium</strong></span> <span class='ocrx_word' id='word_1_199' title='bbox 859 2594 900 2678; x_wconf 86' lang='lat'><strong>²),</strong></span> <span class='ocrx_word' id='word_1_200' title='bbox 938 2614 1063 2676; x_wconf 83' lang='lat' dir='ltr'><strong>sequens</strong></span> <span class='ocrx_word' id='word_1_201' title='bbox 1096 2597 1228 2659; x_wconf 85' lang='lat' dir='ltr'><strong>declarat</strong></span> 
     </span>
     <span class='ocr_line' id='line_1_26' title="bbox 179 2683 352 2762; baseline -0.017 -16"><span class='ocrx_word' id='word_1_202' title='bbox 179 2683 352 2762; x_wconf 74' lang='lat' dir='ltr'><strong>exemplum.</strong></span> 
     </span>
    </p>
   </div>
   <div class='ocr_carea' id='block_1_6' title="bbox 512 2819 890 2936">
    <p class='ocr_par' dir='ltr' id='par_1_7' title="bbox 512 2819 890 2936">
     <span class='ocr_line' id='line_1_27' title="bbox 512 2819 890 2936; baseline 0 -1"><span class='ocrx_word' id='word_1_203' title='bbox 512 2819 745 2936; x_wconf 75' lang='lat' dir='ltr'>GAPI&#39;IULUM</span> <span class='ocrx_word' id='word_1_204' title='bbox 763 2873 890 2935; x_wconf 84' lang='lat' dir='ltr'>LXVII.</span> 
     </span>
    </p>
   </div>
   <div class='ocr_carea' id='block_1_7' title="bbox 199 2995 1207 3160">
    <p class='ocr_par' dir='ltr' id='par_1_8' title="bbox 199 2995 1207 3160">
     <span class='ocr_line' id='line_1_28' title="bbox 199 2995 1207 3076; baseline -0.001 -17"><span class='ocrx_word' id='word_1_205' title='bbox 199 2997 277 3060; x_wconf 85' lang='lat' dir='ltr'><strong>Item</strong></span> <span class='ocrx_word' id='word_1_206' title='bbox 297 2997 332 3058; x_wconf 83' lang='lat' dir='ltr'><strong>de</strong></span> <span class='ocrx_word' id='word_1_207' title='bbox 354 2997 504 3074; x_wconf 78' lang='lat' dir='ltr'><strong>corporali</strong></span> <span class='ocrx_word' id='word_1_208' title='bbox 526 2998 608 3076; x_wconf 77' lang='lat' dir='ltr'><strong>qaod</strong></span> <span class='ocrx_word' id='word_1_209' title='bbox 626 2995 819 3058; x_wconf 82' lang='lat' dir='ltr'><strong>Gadescaloua</strong></span> <span class='ocrx_word' id='word_1_210' title='bbox 840 3000 874 3056; x_wconf 80' lang='lat' dir='ltr'><strong>ia</strong></span> <span class='ocrx_word' id='word_1_211' title='bbox 897 2999 1089 3058; x_wconf 69' lang='lat' dir='ltr'><strong>masmanna</strong></span> <span class='ocrx_word' id='word_1_212' title='bbox 1110 3001 1207 3074; x_wconf 68' lang='lat' dir='ltr'><strong>nepte,</strong></span> 
     </span>
     <span class='ocr_line' id='line_1_29' title="bbox 474 3085 933 3160; baseline 0.002 -17"><span class='ocrx_word' id='word_1_213' title='bbox 474 3091 502 3144; x_wconf 88' lang='lat' dir='ltr'><strong>ct</strong></span> <span class='ocrx_word' id='word_1_214' title='bbox 531 3085 633 3144; x_wconf 63' lang='grc' dir='ltr'><strong>εἰὶυἱηα</strong></span> <span class='ocrx_word' id='word_1_215' title='bbox 654 3089 749 3146; x_wconf 80' lang='lat' dir='ltr'><strong>virtus</strong></span> <span class='ocrx_word' id='word_1_216' title='bbox 770 3087 933 3160; x_wconf 67' lang='lat' dir='ltr'><strong>reparavit</strong></span> 
     </span>
    </p>
   </div>
   <div class='ocr_carea' id='block_1_8' title="bbox 176 3201 1240 3722">
    <p class='ocr_par' dir='ltr' id='par_1_9' title="bbox 176 3201 1240 3722">
     <span class='ocr_line' id='line_1_30' title="bbox 243 3201 1228 3283; baseline 0.003 -19"><span class='ocrx_word' id='word_1_217' title='bbox 243 3201 439 3264; x_wconf 67' lang='lat' dir='ltr'><strong>Godcsoalcus</strong></span> <span class='ocrx_word' id='word_1_218' title='bbox 454 3203 490 3264; x_wconf 85' lang='lat' dir='ltr'><strong>de</strong></span> <span class='ocrx_word' id='word_1_219' title='bbox 503 3203 735 3265; x_wconf 81' lang='lat' dir='ltr'><strong>Volmuntsteine</strong></span> <span class='ocrx_word' id='word_1_220' title='bbox 750 3208 830 3265; x_wconf 91' lang='lat' dir='ltr'><strong>cuius</strong></span> <span class='ocrx_word' id='word_1_221' title='bbox 846 3221 933 3283; x_wconf 84' lang='lat' dir='ltr'><strong>supra</strong></span> <span class='ocrx_word' id='word_1_222' title='bbox 946 3206 1070 3282; x_wconf 87' lang='lat' dir='ltr'><strong>memini,</strong></span> <span class='ocrx_word' id='word_1_223' title='bbox 1092 3223 1160 3266; x_wconf 89' lang='lat' dir='ltr'><strong>cum</strong></span> <span class='ocrx_word' id='word_1_224' title='bbox 1180 3207 1228 3267; x_wconf 88' lang='lat' dir='ltr'><strong>die</strong></span> 
     </span>
     <span class='ocr_line' id='line_1_31' title="bbox 177 3289 1228 3378; baseline 0.004 -28"><span class='ocrx_word' id='word_1_225' title='bbox 177 3289 303 3368; x_wconf 81' lang='lat' dir='ltr'><strong>quadum</strong></span> <span class='ocrx_word' id='word_1_226' title='bbox 326 3290 474 3366; x_wconf 84' lang='lat' dir='ltr'><strong>corporale</strong></span> <span class='ocrx_word' id='word_1_227' title='bbox 488 3308 557 3351; x_wconf 79' lang='lat' dir='ltr'><strong>urm</strong></span> <span class='ocrx_word' id='word_1_228' title='bbox 568 3294 690 3352; x_wconf 74' lang='lat' dir='ltr'><strong>saumata</strong></span> <span class='ocrx_word' id='word_1_229' title='bbox 708 3289 835 3378; x_wconf 80' lang='lat' dir='ltr'><strong>uostro³)</strong></span> <span class='ocrx_word' id='word_1_230' title='bbox 857 3292 1030 3353; x_wconf 75' lang='lat' dir='ltr'><strong>extendisset</strong></span> <span class='ocrx_word' id='word_1_231' title='bbox 1049 3291 1089 3352; x_wconf 84' lang='lat' dir='ltr'><strong>ad</strong></span> <span class='ocrx_word' id='word_1_232' title='bbox 1109 3292 1228 3369; x_wconf 84' lang='lat' dir='ltr'><strong>polien-</strong></span> 
     </span>
     <span class='ocr_line' id='line_1_32' title="bbox 178 3373 1240 3456; baseline 0.001 -17"><span class='ocrx_word' id='word_1_233' title='bbox 178 3377 256 3453; x_wconf 81' lang='lat' dir='ltr'><strong>dum,</strong></span> <span class='ocrx_word' id='word_1_234' title='bbox 277 3377 405 3453; x_wconf 83' lang='lat' dir='ltr'><strong>illudque</strong></span> <span class='ocrx_word' id='word_1_235' title='bbox 421 3395 475 3453; x_wconf 89' lang='lat' dir='ltr'><strong>per</strong></span> <span class='ocrx_word' id='word_1_236' title='bbox 493 3377 620 3437; x_wconf 85' lang='lat' dir='ltr'><strong>medium</strong></span> <span class='ocrx_word' id='word_1_237' title='bbox 642 3382 775 3456; x_wconf 72' lang='lat' dir='ltr'><strong>rupisset,</strong></span> <span class='ocrx_word' id='word_1_238' title='bbox 795 3385 892 3440; x_wconf 73' lang='lat' dir='ltr'><strong>mutos</strong></span> <span class='ocrx_word' id='word_1_239' title='bbox 905 3379 977 3440; x_wconf 75' lang='lat' dir='ltr'><strong>illuri</strong></span> <span class='ocrx_word' id='word_1_240' title='bbox 997 3379 1184 3456; x_wconf 82' lang='lat' dir='ltr'><strong>complicans,</strong></span> <span class='ocrx_word' id='word_1_241' title='bbox 1197 3373 1240 3440; x_wconf 78' lang='lat' dir='ltr'><strong>in²</strong></span> 
     </span>
     <span class='ocr_line' id='line_1_33' title="bbox 176 3465 1228 3544; baseline 0 -18"><span class='ocrx_word' id='word_1_242' title='bbox 176 3465 262 3526; x_wconf 80' lang='lat' dir='ltr'><strong>tlrcca</strong></span> <span class='ocrx_word' id='word_1_243' title='bbox 274 3466 412 3540; x_wconf 77' lang='lat' dir='ltr'><strong>reposuit.</strong></span> <span class='ocrx_word' id='word_1_244' title='bbox 430 3465 540 3525; x_wconf 84' lang='lat' dir='ltr'><strong>Postea</strong></span> <span class='ocrx_word' id='word_1_245' title='bbox 549 3465 619 3526; x_wconf 86' lang='lat' dir='ltr'><strong>illud</strong></span> <span class='ocrx_word' id='word_1_246' title='bbox 642 3466 796 3542; x_wconf 74' lang='lat' dir='ltr'><strong>explicans,</strong></span> <span class='ocrx_word' id='word_1_247' title='bbox 818 3483 884 3527; x_wconf 89' lang='lat' dir='ltr'><strong>oum</strong></span> <span class='ocrx_word' id='word_1_248' title='bbox 898 3469 1041 3544; x_wconf 82' lang='lat' dir='ltr'><strong>integrum</strong></span> <span class='ocrx_word' id='word_1_249' title='bbox 1063 3469 1228 3543; x_wconf 87' lang='lat' dir='ltr'><strong>reperisset,</strong></span> 
     </span>
     <span class='ocr_line' id='line_1_34' title="bbox 176 3549 1228 3629; baseline 0.002 -17"><span class='ocrx_word' id='word_1_250' title='bbox 176 3554 296 3612; x_wconf 69' lang='lat' dir='ltr'><strong>auam</strong></span> <span class='ocrx_word' id='word_1_251' title='bbox 310 3557 354 3611; x_wconf 59' lang='grc' dir='ltr'><strong>αἱ</strong></span> <span class='ocrx_word' id='word_1_252' title='bbox 365 3549 461 3627; x_wconf 82' lang='lat' dir='ltr'><strong>valde,</strong></span> <span class='ocrx_word' id='word_1_253' title='bbox 482 3554 627 3612; x_wconf 80' lang='lat' dir='ltr'><strong>sanctitati</strong></span> <span class='ocrx_word' id='word_1_254' title='bbox 648 3553 787 3629; x_wconf 86' lang='lat' dir='ltr'><strong>praedicti</strong></span> <span class='ocrx_word' id='word_1_255' title='bbox 802 3553 959 3614; x_wconf 87' lang='lat' dir='ltr'><strong>sacerdotis</strong></span> <span class='ocrx_word' id='word_1_256' title='bbox 976 3552 1047 3613; x_wconf 90' lang='lat' dir='ltr'><strong>illud</strong></span> <span class='ocrx_word' id='word_1_257' title='bbox 1068 3553 1228 3614; x_wconf 77' lang='lat' dir='ltr'><strong>ascribens.</strong></span> 
     </span>
     <span class='ocr_line' id='line_1_35' title="bbox 178 3637 1227 3722; baseline 0.003 -24"><span class='ocrx_word' id='word_1_258' title='bbox 178 3637 330 3715; x_wconf 73' lang='lat' dir='ltr'><strong>Qumm</strong></span> <span class='ocrx_word' id='word_1_259' title='bbox 338 3640 450 3716; x_wconf 71' lang='lat' dir='ltr'><strong>gratim</strong></span> <span class='ocrx_word' id='word_1_260' title='bbox 458 3641 487 3698; x_wconf 93' lang='lat' dir='ltr'><strong>in</strong></span> <span class='ocrx_word' id='word_1_261' title='bbox 498 3641 689 3700; x_wconf 76' lang='lat' dir='ltr'><strong>exsiccatione</strong></span> <span class='ocrx_word' id='word_1_262' title='bbox 699 3643 784 3700; x_wconf 82' lang='lat' dir='ltr'><strong>urina</strong></span> <span class='ocrx_word' id='word_1_263' title='bbox 797 3640 952 3718; x_wconf 75' lang='lat' dir='ltr'><strong>corporalis</strong></span> <span class='ocrx_word' id='word_1_264' title='bbox 962 3643 1098 3704; x_wconf 86' lang='lat' dir='ltr'><strong>meruerit</strong></span> <span class='ocrx_word' id='word_1_265' title='bbox 1106 3637 1130 3722; x_wconf 76' lang='lat'><strong>⁴)</strong></span> <span class='ocrx_word' id='word_1_266' title='bbox 1141 3643 1227 3718; x_wconf 87' lang='lat' dir='ltr'><strong>virgo</strong></span> 
     </span>
    </p>
   </div>
   <div class='ocr_carea' id='block_1_9' title="bbox 196 3801 1226 3986">
    <p class='ocr_par' dir='ltr' id='par_1_10' title="bbox 196 3801 1226 3944">
     <span class='ocr_line' id='line_1_36' title="bbox 196 3801 1226 3878; baseline 0.002 -20"><span class='ocrx_word' id='word_1_267' title='bbox 196 3803 229 3874; x_wconf 81' lang='lat'><strong>1)</strong></span> <span class='ocrx_word' id='word_1_268' title='bbox 244 3801 290 3858; x_wconf 78' lang='lat' dir='ltr'><strong>Bc</strong></span> <span class='ocrx_word' id='word_1_269' title='bbox 307 3805 432 3858; x_wconf 86' lang='lat' dir='ltr'><strong>occulte</strong></span> <span class='ocrx_word' id='word_1_270' title='bbox 450 3809 723 3876; x_wconf 69' lang='lat' dir='ltr'><strong>impraegnans.-</strong></span> <span class='ocrx_word' id='word_1_271' title='bbox 725 3807 768 3878; x_wconf 86' lang='lat'><strong>2)</strong></span> <span class='ocrx_word' id='word_1_272' title='bbox 783 3806 806 3862; x_wconf 91' lang='lat' dir='ltr'>B</span> <span class='ocrx_word' id='word_1_273' title='bbox 825 3809 1050 3862; x_wconf 76' lang='lat' dir='ltr'><strong>servitiursa-</strong></span> <span class='ocrx_word' id='word_1_274' title='bbox 1060 3809 1093 3878; x_wconf 83' lang='grc'><strong>3)</strong></span> <span class='ocrx_word' id='word_1_275' title='bbox 1110 3817 1226 3861; x_wconf 84' lang='lat' dir='ltr'><strong>nostro</strong></span> 
     </span>
     <span class='ocr_line' id='line_1_37' title="bbox 247 3873 670 3986; baseline 0.007 -60"><span class='ocrx_word' id='word_1_276' title='bbox 247 3873 414 3986; x_wconf 51' lang='lat' dir='ltr'><strong>omAlln-</strong></span> <span class='ocrx_word' id='word_1_277' title='bbox 383 3876 670 3944; x_wconf 68' lang='grc' dir='ltr'><strong>-4)Βῦπιεῐιιίῑ.</strong></span> 
     </span>
    </p>
   </div>
   <div class='ocr_carea' id='block_1_10' title="bbox 0 0 1302 4302">
    <p class='ocr_par' dir='ltr' id='par_1_11' title="bbox 0 0 1302 4302">
     <span class='ocr_line' id='line_1_38' title="bbox 0 0 1302 4302; baseline 0 0"><span class='ocrx_word' id='word_1_278' title='bbox 0 0 1302 4302; x_wconf 95' lang='lat' dir='ltr'><strong> </strong></span> 
     </span>
    </p>
   </div>
  </div>
 </body>
</html>
