2654 4308
393 247 452 312 ΒΕ
470 248 654 313 nwunsis
675 247 912 314 VIBIONIBUS.
948 297 951 314 ,
1112 253 1170 314 101

131 385 267 448 murno,
287 371 317 431 ln
337 385 397 449 qua
417 387 475 434 nou
496 375 554 432 iam
573 371 736 433 nentaltta
755 372 804 434 vol
824 389 877 450 per
894 375 1024 450 picturas
1044 370 1173 450 figurali-

132 465 187 534 ter,
207 455 261 519 scd
274 459 509 535 praesentialiter,
524 460 554 519 ld
573 465 617 520 est
628 460 702 520 facie
714 460 753 520 ad
773 458 876 522 lactem
896 465 943 521 m'a
965 459 1173 536 cwtanplcrla.

130 543 217 607 Haec
231 546 309 606 dicta
322 549 380 606 sint
391 542 408 627 ¹)
431 546 466 605 dc
480 561 515 608 eo
538 547 616 622 quod
636 547 779 608 Dominus
801 561 851 608 eos
872 549 922 625 qui
942 549 1081 624 imagines
1101 563 1172 607 arrae

130 635 274 710 passionis
286 633 428 692 honorant
435 631 466 713 ²),
486 633 639 694 rehonorct
650 640 859 694 &remuneret
901 635 986 694 Nunc
999 633 1052 694 tibi
1071 639 1172 694 osten

131 719 200 780 &an
238 719 317 796 quod
355 719 532 799 negligentes
569 720 739 797 illarumque
769 727 981 799 contemptores
1012 723 1113 798 puniat
1144 727 1173 780 et

129 807 298 868 contundat.

426 1023 429 1034 ,
476 961 711 1024 CAPITULUM
729 963 833 1026 XXV.

156 1079 159 1084 '
202 1083 252 1143 Dc
273 1081 413 1160 malfiae
435 1083 569 1144 eccleciae
589 1088 685 1144 sancti
705 1081 825 1161 Georyit
844 1088 878 1145 in
899 1081 1033 1158 Colonia,
1054 1086 1107 1160 qul

479 1175 709 1247 emanandum
730 1175 827 1233 trusit.

196 1290 334 1352 Coloniae
362 1293 392 1350 in
420 1292 541 1352 ecclesia
566 1295 658 1353 sancti
681 1292 797 1372 Georgii
816 1291 952 1370 Martyris
974 1308 1045 1352 nux
1065 1287 1170 1350 metal-

126 1378 189 1440 lina
216 1383 261 1438 est
282 1377 405 1455 effigiem
421 1379 533 1440 habena
554 1379 720 1456 Salvatoris,
741 1398 792 1458 per
814 1397 901 1456 quam
921 1377 1013 1438 multa
1033 1375 1171 1438 miaeula

127 1441 207 1526 lacla
228 1471 295 1525 sunt
323 1483 359 1526 ac
378 1467 525 1526 sanitates.
568 1465 653 1527 Unde
674 1467 766 1528 multa
786 1466 936 1527 luminaria
956 1472 1104 1524 matronae
1127 1465 1170 1524 ci-

128 1553 227 1613 vitatis
261 1568 359 1612 coram
393 1551 442 1611 illa
477 1552 633 1613 accendere
656 1559 874 1614 consuevenurt.
916 1551 1045 1612 Maxima
1072 1557 1169 1611 tamar

129 1655 219 1700 causa
245 1637 358 1701 illarum
377 1641 516 1698 virtutum
547 1642 634 1700 dinsa
656 1641 795 1716 creditu,
821 1642 914 1718 portio
935 1639 1080 1698 Dominici
1099 1639 1169 1716 ligni

129 1743 206 1802 quae
226 1724 337 1786 inclusa
357 1725 533 1801 habebatur,
563 1743 637 1801 quae
658 1743 735 1787 nunc
757 1731 884 1787 extracta
905 1727 1026 1803 gemmis
1048 1731 1077 1785 et
1098 1742 1167 1784 auro

128 1811 306 1873 circumdata
333 1818 386 1872 ast
429 1812 635 1888 campanarius
662 1829 732 1873 vero
760 1812 887 1873 dusdem
916 1812 1070 1887 ecelesiae,
1103 1829 1168 1870 cum

127 1899 238 1960 nullam
266 1901 293 1958 ai
320 1901 509 1959 reverentiam
539 1899 700 1976 exhibeto,
729 1899 781 1960 scd
815 1898 926 1959 vadens
954 1899 1082 1958 cubitum
1109 1897 1168 1958 fre·

128 1991 250 2063 quanter
270 1985 421 2046 luminaria
440 1985 508 2046 inde
526 1983 729 2068 subtrahcna⁸)
750 1989 781 2045 in
801 2003 871 2046 usus
892 2002 960 2045 auos
982 1990 1167 2059 converteret,

126 2078 214 2134 noete
228 2072 353 2150 quadam
367 2089 433 2132 cum
447 2090 478 2133 se
495 2075 525 2132 iu
545 2071 682 2133 lectulum
689 2069 711 2154 ⁴)
741 2090 825 2133 suum
846 2071 1012 2133 reclinasset
1019 2065 1040 2152 ὅ)
1063 2077 1092 2130 ct
1113 2070 1167 2132 ad·

126 2159 186 2220 huc
208 2159 347 2238 vigilaret,
371 2176 440 2220 anax
462 2159 564 2220 eadem
585 2159 624 2220 ad
646 2178 712 2220 aum
731 2162 820 2236 venit,
841 2166 871 2220 et
892 2177 958 2220 cum
981 2175 1052 2218 voce
1073 2159 1168 2219 incra-

125 2248 251 2324 pationis
277 2252 338 2306 tam
359 2245 454 2306 valida
475 2245 596 2322 tutudit,
624 2253 658 2306 ut
678 2245 836 2306 mnatre
857 2246 954 2305 multis
976 2244 1078 2306 diebus
1099 2262 1168 2306 san·

125 2334 245 2411 grtincm
265 2327 404 2395 vomeret
446 2331 541 2392 Huius
562 2332 692 2394 miraculi
711 2350 767 2411 ego
788 2334 864 2394 bena
883 2332 1032 2408 recordor,
1057 2339 1087 2392 et
1107 2339 1168 2392 erat

127 2419 344 2482 celeberrimum
364 2422 394 2478 in
415 2425 477 2481 tota
498 2422 632 2496 civitate,
657 2424 699 2480 ita
720 2426 754 2481 ut
773 2421 811 2482 ab
831 2420 882 2482 illo
902 2426 1031 2497 tempore
1051 2421 1081 2479 iu
1102 2435 1167 2478 ma·

125 2508 179 2568 lori
199 2508 385 2568 veneratione
405 2506 505 2568 habita
525 2509 563 2566 sit
584 2507 686 2568 eadem
707 2525 787 2568 crux.

461 2659 695 2726 CAPITULUM
715 2659 834 2726 XXVI.

123 2784 176 2844 Dc
188 2781 320 2844 addara
342 2786 376 2843 in
392 2784 496 2844 naliter
519 2787 571 2860 qai
591 2785 686 2846 hastas
706 2801 776 2846 raca
797 2788 830 2844 ia
851 2786 969 2846 antona
991 2784 1167 2844 occidental.

191 2903 227 2963 In
262 2899 421 2985 cometia‘)
461 2903 497 2964 dc
532 2903 633 2965 Monte
662 2915 729 2966 ante
756 2923 815 2966 non
842 2905 948 2966 multos
976 2921 1067 2964 annos
1094 2905 1167 2965 inter

126 2987 200 3051 duas
230 2993 415 3068 cognationes
443 2991 563 3054 militurn
591 2998 652 3066 tarn
675 3009 780 3070 graves
800 2993 963 3053 inimicitiae
985 2997 1064 3052 ortae
1085 2997 1166 3066 sunt,

123 3083 160 3138 nt
173 3093 204 3137 se
217 3079 342 3138 invicem
356 3084 490 3154 caperent
506 3084 534 3138 et
549 3079 720 3139 occiderent.
761 3079 818 3138 Dic
836 3079 961 3155 quadam
983 3095 1049 3138 cunr
1070 3077 1166 3155 phares

122 3165 211 3226 unius
237 3167 327 3242 partis
356 3168 555 3225 convenissent
583 3169 613 3225 in
645 3163 768 3226 ecclesia
787 3165 873 3226 villae
895 3181 969 3242 quae
990 3161 1165 3245 Wascupc')

125 3249 237 3327 dicitnr,
259 3249 400 3312 adversae
420 3255 495 3327 parti
515 3269 567 3328 per
580 3251 707 3313 vetulam
721 3251 825 3329 proditi
841 3259 916 3321 suut.
947 3251 1075 3314 Dederat
1089 3253 1166 3312 enim

124 3333 196 3418 ὥθ’)
218 3339 331 3416 signum
353 3335 466 3398 dicens:
495 3338 575 3415 Quot
602 3357 637 3399 cx
659 3337 728 3420 cnr)
749 3340 925 3416 intraverint,
944 3343 1048 3400 totiens
1069 3338 1166 3400 nolam

122 3423 246 3485 trahant
291 3423 378 3502 Quod
407 3442 474 3485 cum
500 3426 628 3502 scdsset,
660 3426 810 3486 ecclesiam
832 3441 898 3487 oum
919 3426 1098 3487 multtudne
1118 3428 1165 3487 in·

144 3607 176 3679 1)
193 3609 254 3663 Bcl’
272 3618 353 3662 sunt.
379 3639 411 3650 -
431 3610 463 3679 2)
480 3610 523 3662 Bl)
545 3610 716 3663 honorent.
736 3640 767 3651 —
787 3611 857 3681 3)c
879 3611 1056 3665 subtracta.
1075 3642 1106 3652 -
1131 3613 1164 3680 4)

194 3679 236 3732 Cl)
252 3678 424 3730 lectum.-
440 3681 474 3748 5)
484 3679 546 3732 ACP
563 3679 770 3733 inclinasset.
782 3681 844 3733 -6
873 3681 959 3735 nco?
976 3681 1162 3744 Comitia.-

194 3747 427 3889 9ςὶἔίσὲἰὲοέοηῖ
452 3779 483 3790 -
505 3749 538 3819 8)
560 3751 609 3802 oia
632 3748 684 3802 add
709 3749 761 3804 llll.
780 3777 811 3792 -
829 3682 862 3821 93
879 3749 965 3804 AGDP
993 3752 1164 3819 quotiens,
