2580 4316
421 247 483 308 Du
506 245 790 310 OONVERSIONE.
1081 251 1121 310 19

48 361 50 368 '
114 367 221 446 amnt,
240 367 303 428 nolo
325 371 407 430 enim
427 373 548 432 nomina
567 377 630 430 tam
649 369 733 430 huius
755 387 843 446 quam
856 367 1012 446 supradicti
1025 371 1121 448 expri-

113 473 184 530 uere,
210 473 321 534 sperans
343 457 447 518 adhue
470 475 519 518 eos
530 454 547 537 ¹)
567 474 746 532 reversuros,
773 474 810 517 ne
838 458 911 517 sorte
932 473 968 516 ex
989 456 1044 517 hoe
1065 474 1121 534 pa·

113 540 217 622 timtur²)
237 545 446 604 confusionem.
488 545 596 604 Factus
616 547 713 620 itaque
734 546 871 619 novicius,
892 546 942 603 vix
961 545 1052 604 trihus
1073 543 1121 604 uel

112 633 211 705 qunque
230 630 329 690 diebus
353 632 478 708 elapsis,
509 639 651 692 venerunt
670 633 754 691 andei
776 633 836 692 eius
859 629 1003 706 dolentes,
1032 637 1062 691 et
1088 635 1122 690 ut

110 723 266 777 everteretur
286 717 325 778 ad
346 719 508 794 sacculum,
528 719 656 795 plurimis
667 715 689 798 ⁸)
711 719 805 778 verbis
826 717 1016 778 exhortantes.
1057 717 1121 778 No·

110 810 187 863 ruant
204 821 268 864 eum
289 807 443 882 quandam
464 824 605 866 summam
618 808 756 881 pecuniae
769 805 935 881 perdidisse,
954 806 1050 866 nescio
1063 821 1121 882 quo

109 888 167 966 hdo,
184 897 211 950 et
229 895 320 970 magis
344 911 382 953 ex
407 893 505 954 dolore
528 910 614 968 quam
629 893 779 952 devotione
791 909 970 952 conversum.
1004 892 1123 952 Etcum

107 992 151 1036 uon
166 979 345 1055 proficerent,
375 985 530 1040 suaserunt
558 985 591 1038 ut
612 979 708 1040 dehita
729 975 949 1058 persolverat),
977 984 1006 1038 et
1026 980 1122 1040 statim

107 1064 195 1124 rediret
235 1066 342 1144 Sicque
363 1085 428 1126 non
448 1069 486 1141 vi,
507 1066 560 1126 sed
581 1065 646 1127 dolo
668 1067 706 1126 ab
724 1068 823 1126 amicis
835 1071 987 1138 extractus,
1008 1071 1123 1125 nonest

106 1167 221 1211 mersus.
262 1154 301 1213 Et
323 1172 396 1214 oum
417 1153 554 1213 sollemne
576 1160 676 1212 votum
687 1154 801 1213 lecisset
812 1155 885 1213 inter
897 1169 1000 1211 manue
1017 1150 1123 1212 domini

106 1235 221 1315 Abbatis,
249 1246 277 1300 et
304 1247 429 1318 propter
449 1240 504 1302 hoe
527 1257 624 1300 coram
647 1239 730 1301 (ilero
751 1241 789 1300 ab
811 1236 875 1320 eo‘)
896 1243 1005 1298 hactus
1024 1239 1124 1300 luisset

105 1325 264 1402 mansam,
293 1346 348 1404 per
370 1328 468 1386 literas
489 1327 578 1405 legati
599 1332 629 1387 et
649 1323 739 1408 aliis⁶)
761 1326 869 1401 modis,
892 1327 995 1404 quibus
1015 1327 1123 1402 potuit,

105 1427 130 1470 sc
146 1411 273 1488 defendit,
307 1432 444 1474 asserens
473 1431 504 1474 sc
534 1431 704 1474 conversum
732 1431 768 1474 ex
799 1413 925 1489 quadam
956 1411 1072 1472 levitate
1094 1417 1124 1473 et

105 1499 241 1562 turbatione
262 1505 364 1562 animi.
409 1500 494 1578 Quod
515 1503 540 1560 si
560 1518 662 1560 verum
682 1517 740 1560 non
762 1497 874 1580 esseffl),
896 1498 1058 1574 exemplum
1069 1498 1123 1558 do-

104 1585 158 1644 nini
175 1587 287 1650 Henrici
308 1588 439 1648 Abbatis
467 1584 584 1668 uostri⁸)
612 1590 739 1648 imitatus
766 1587 873 1648 fuisset
916 1584 1122 1648 NOVICIUS:

104 1669 154 1734 Hoc
173 1675 237 1751 qnid
256 1679 303 1754 sit,
326 1675 431 1744 audire
452 1673 583 1735 delectat

422 1863 656 1926 CAPPPULUM
675 1863 761 1924 XIII.
771 1860 803 1948 ⁴⁵)

335 1988 387 2048 De
408 1990 596 2048 conversione
615 1988 738 2047 Hernici
757 1985 889 2046 Abbatie.

152 2123 388 2188 MONACHUS:
417 2125 452 2184 In
475 2125 595 2186 ecclesia
615 2125 761 2186 Bonnensi
781 2125 859 2186 idem
879 2117 1051 2204 Henricus⁹)
1073 2138 1125 2182 ea·
1180 2080 1182 2090 ‚

103 2211 201 2272 lonicus
220 2215 288 2289 fuit,
322 2212 423 2289 plures
444 2213 555 2272 habens
576 2212 712 2272 redditus.
753 2212 914 2290 Inspirante
934 2210 1061 2270 Domino
1080 2205 1125 2289 ¹⁰),

102 2295 172 2357 ldlar
207 2301 361 2361 saeculum
396 2299 508 2376 occulte
532 2296 560 2380 ¹¹)
597 2299 735 2375 deseruit,
779 2307 808 2360 et
843 2297 982 2359 desiderio
1019 2297 1126 2358 ordinis

103 2381 279 2448 histeroiensis
302 2403 444 2446 aecensus
465 2386 504 2446 ad
525 2386 642 2446 domum
662 2393 789 2446 nostram
815 2387 1008 2446 conversionis
1034 2386 1126 2462 gratia

103 2475 172 2531 venit
213 2475 290 2534 Cum
312 2473 410 2534 adhuc
433 2479 508 2533 esset
528 2477 557 2532 in
578 2473 710 2549 hospitio,
733 2473 788 2533 duo
810 2473 913 2533 milites
934 2473 1035 2533 iratres
1055 2474 1125 2547 cius,

103 2555 184 2635 lugam
204 2564 266 2621 eius
288 2561 489 2637 intelligentes,
511 2567 540 2621 et
560 2563 634 2620 sicut
654 2560 784 2621 homines
806 2560 976 2635 saeculares,
1001 2557 1126 2620 mmalia

103 2648 280 2719 spiritualibus
303 2655 332 2707 et
354 2647 522 2723 temporalia
543 2649 665 2708 aeternis
677 2654 892 2723 praeponentes,
913 2646 989 2706 uude
999 2646 1126 2724 gaudere

105 2730 248 2795 debuerant
265 2731 309 2815 ¹²),
342 2729 459 2794 turbati
478 2739 552 2795 sunt.
601 2735 640 2797 Et
667 2737 777 2794 concito
811 2752 896 2794 cursu
907 2729 936 2814 ¹³)
963 2737 1125 2812 venientes,

103 2823 297 2892 praemiserunt
316 2839 447 2897 puerum,
469 2823 518 2898 qui
540 2823 565 2880 ei
587 2823 670 2897 quasi
691 2839 726 2881 ex
746 2827 828 2898 parte
844 2823 942 2880 matris
955 2819 1126 2897 loqueretur,

104 2911 129 2964 ut
145 2907 195 2966 tali
216 2910 365 2968 occasione
388 2926 406 2968 a
429 2914 572 2968 conventu
593 2908 812 2969 abstraheretur.
856 2908 949 2985 Quem
971 2926 1037 2968 cum
1049 2909 1080 2967 in
1094 2903 1125 2988 ¹⁸)

103 2989 188 3053 locum
207 2995 371 3054 insidiarum
391 2994 469 3054 idem
490 3012 562 3072 puer
584 2995 718 3070 duxisset,
746 3002 926 3056 accurrentes
938 2993 1064 3071 milites,
1096 2997 1126 3055 vi

105 3095 170 3154 equo
186 3079 214 3161 ¹⁵)
235 3085 378 3159 iniectum,
400 3081 545 3142 nolentem
567 3088 596 3142 et
615 3082 810 3157 reluctantem,
832 3100 898 3142 cum
921 3077 1018 3141 dolore
1038 3084 1125 3142 totius

106 3175 261 3244 autentus,
283 3169 472 3230 reduxerunt:
493 3169 620 3228 nondum
642 3172 717 3230 euim
737 3169 869 3230 habitum
888 3169 1027 3230 induerat
1069 3170 1126 3231 Per

123 3333 183 3401 1)c
199 3351 252 3388 eos
277 3335 388 3389 adhue.
409 3367 441 3376 —
459 3337 491 3405 2)
510 3335 529 3390 C
546 3338 718 3404 patiantur
741 3353 779 3389 ex
802 3335 868 3389 hoe.
887 3367 919 3376 —
938 3337 970 3404 3)
988 3335 1008 3388 Ρ
1024 3337 1125 3404 pluri-

166 3419 252 3468 mum3
269 3423 327 3458 mox
343 3407 366 3460 D
384 3404 600 3459 exhortantes
629 3407 745 3460 verbis.
764 3437 796 3446 —
821 3407 853 3475 4)
871 3406 911 3459 DP
930 3405 1042 3458 debita
1069 3424 1125 3461 suu

167 3475 320 3540 solueret3
346 3475 521 3528 murciam
546 3491 593 3543 pro
611 3479 728 3529 statim.
748 3507 780 3517 -·
807 3477 840 3546 5)
857 3477 895 3528 ah
921 3491 960 3528 eo
986 3492 1027 3528 om
1045 3475 1072 3529 G.
1092 3509 1123 3520 -

166 3543 251 3650 fiJDP
268 3546 421 3628 aliisque.
441 3575 472 3586 -
500 3546 712 3630 uetuisset.
731 3577 763 3586 —
788 3546 823 3630 β)
841 3549 946 3598 nostri
965 3561 1006 3598 om
1023 3545 1073 3600 ΒΟ.
1092 3577 1124 3588 -

167 3613 310 3740 ιιι).
321 3616 454 3752 ιιι)
466 3615 863 3756 solecismos
881 3616 1125 3740 eccene
1189 3639 1196 3656 ·

169 3752 214 3820 13)
229 3753 268 3806 ΒΡ
283 3755 395 3824 gradu.
416 3781 448 3794 -
470 3753 517 3822 14)
534 3753 554 3808 G
571 3754 615 3807 ed.
635 3785 666 3796 -
687 3755 734 3820 15)
752 3771 798 3823 pro
815 3757 846 3808 vi
873 3770 956 3824 equo
971 3753 1066 3807 habant
1083 3755 1126 3810 Gl)

169 3821 199 3872 iu
215 3837 303 3894 equo,
319 3826 340 3879 B
358 3826 393 3878 in
411 3825 622 3891 equam-coni.
638 3825 680 3891 Ν,
698 3826 740 3877 92.
757 3824 812 3891 Xll,
829 3825 872 3877 20.
