2664 4308
469 288 524 349 DE
545 288 837 351 SIMPLIOITA'I'E.
1107 291 1167 352 381

466 443 700 507 CAPITULUM
721 447 842 508 XXIX.

178 569 225 628 De
245 567 396 628 sacerdote
416 567 518 642 idiota,
541 572 593 644 qni
618 571 802 644 simplicitate
821 568 981 630 verbornm
1001 584 1126 630 samam
1150 615 1152 620 .
1246 621 1251 630 .

280 671 382 714 coram
402 655 576 715 Innocentio
597 658 688 731 Papa
718 658 865 716 ecclesiam
888 655 1022 716 abanan.

196 776 340 834 Dominus
361 777 543 837 Innocentius
564 778 646 852 Papa
668 780 711 836 vir
731 777 940 836 literatissimus
956 773 973 856 ¹)
1000 784 1029 837 et
1057 793 1168 836 sermo-

135 864 176 921 nis
186 863 291 938 diserti,
313 865 387 923 sicut
399 865 469 922 mihi
490 865 587 924 retulit
602 864 752 924 Caesarius
767 865 925 924 monachus
938 869 1043 938 noster,
1065 862 1168 923 Abbas

135 949 306 1026 quandoque
326 951 518 1025 Prumiensis,
540 954 589 1027 qui
612 969 748 1027 praesens
770 959 839 1012 tunc
862 958 937 1025 erat,
959 954 999 1009 ita
1020 953 1049 1010 in
1071 953 1168 1010 cadus-

134 1037 199 1095 dam
221 1036 375 1097 sacerdotis
404 1037 524 1113 simplici
553 1055 683 1098 sennone
713 1045 900 1114 compunctus
922 1044 979 1112 est,
995 1049 998 1062 ’
1012 1044 1044 1096 ut
1074 1038 1168 1100 eccle-

133 1125 217 1197 siam,
244 1141 331 1198 quam
352 1132 468 1200 propter
495 1125 690 1184 illiteraturam
711 1126 830 1200 perdere
858 1127 959 1184 merito
971 1121 991 1203 ²)
1022 1123 1168 1198 debuerat,

132 1228 182 1286 per
203 1228 268 1270 eam
290 1212 439 1270 obtineret.
484 1212 536 1270 Cui
559 1230 623 1272 cum
646 1212 763 1288 quidam
781 1212 898 1272 clericus
915 1209 1065 1271 ecclesiam
1085 1228 1168 1270 suam

132 1299 227 1357 nescio
251 1315 307 1372 quo
329 1306 416 1372 pacto
438 1299 619 1372 abstulisset,
641 1307 670 1360 ct
697 1300 744 1360 ille
772 1299 933 1375 appellatus
954 1299 992 1361 ab
1014 1316 1049 1358 co
1071 1315 1168 1358 coram

131 1388 188 1444 iam
217 1384 293 1444 dicto
315 1385 482 1446 Innocentio
513 1389 732 1461 comparuisset,
764 1388 917 1462 verbisque
946 1388 1111 1464 compositis
1140 1391 1168 1444 et

130 1474 277 1532 sententiis
299 1472 467 1548 ponderosis
496 1488 547 1548 pro
569 1491 601 1532 se
622 1473 784 1549 allegasset,
809 1473 930 1548 simplex
958 1473 1004 1532 ille
1016 1469 1037 1552 ³)
1070 1489 1167 1532 sacer-

131 1559 183 1618 dos
206 1576 366 1618 sermonem
388 1563 449 1618 cius
470 1562 678 1634 interrumpens
700 1563 753 1618 ait:
783 1560 888 1620 Sancte
910 1567 1006 1635 pater,
1027 1563 1088 1635 ipse
1109 1576 1167 1618 non

130 1646 199 1706 dicit
227 1663 343 1718 verum,
371 1649 433 1723 ipse
462 1643 631 1726 magnam⁴)
654 1647 722 1705 mihi
750 1647 817 1706 lecit
843 1650 983 1706 iniuriam.
1027 1646 1167 1707 conside-

129 1751 196 1792 rans
217 1733 298 1791 illum
320 1733 452 1792 dominus
472 1734 555 1808 Papa
575 1734 721 1793 hominem
743 1733 981 1808 simplicissimum
993 1731 1023 1812 ⁵),
1047 1751 1166 1809 respon-

129 1821 184 1878 dit:
215 1819 325 1878 Enarra
345 1821 414 1879 mihi
445 1836 563 1880 causam
584 1827 672 1878 tuam.
715 1820 753 1878 Et
773 1820 833 1879 ille:
862 1820 925 1896 Ego
947 1823 1042 1879 nescio
1065 1821 1167 1879 Latine

128 1907 217 1982 loqui.
257 1906 404 1981 Loquere,
437 1909 544 1982 inquit,
573 1903 678 1986 sicut⁶)
713 1909 798 1980 nosti,
833 1906 907 1965 bene
936 1914 965 1966 te
999 1906 1165 1982 intelligam.

129 1995 213 2052 Tunc
240 1993 288 2052 ille
311 1997 379 2052 satis
400 1994 498 2053 timide
531 1997 656 2070 satisque
680 2000 811 2068 corrupte
834 1994 878 2052 his
899 1994 995 2052 verbis
1016 2010 1085 2052 usus
1107 1999 1165 2052 est:

128 2080 236 2140 Sancte
256 2088 346 2156 pater,
366 2081 421 2139 iste
444 2081 562 2140 clericus
583 2080 689 2139 multos
711 2081 801 2139 habet
815 2080 959 2154 ecclesias,
981 2084 1010 2139 et
1032 2097 1085 2156 ego
1099 2086 1166 2138 tan-

128 2175 193 2226 tum
213 2165 303 2226 habui
324 2185 422 2242 unum,
445 2175 474 2227 et
495 2166 618 2227 eundem
639 2168 709 2226 mihi
722 2167 825 2244 rapuit,
846 2167 933 2226 modo
945 2167 1035 2227 habet
1047 2165 1165 2246 unumt)

129 2272 196 2314 cum
229 2254 302 2312 aliis.
355 2253 420 2315 Hoc
450 2256 501 2314 tibi
524 2272 689 2330 conqueror.
734 2254 787 2315 Cui
816 2255 898 2330 Papa
931 2271 1106 2330 compassus,
1128 2254 1168 2312 ait

129 2343 191 2402 eius
213 2341 393 2400 adversario.
424 2340 501 2417 Quid
523 2342 561 2404 ad
582 2342 655 2401 haec
676 2342 809 2417 loqueris,
830 2340 937 2402 trater?
963 2341 1028 2400 Tua
1048 2343 1168 2400 avaritia

128 2445 188 2486 non
216 2429 329 2487 sinebat
357 2435 386 2488 te
414 2428 542 2503 pluribus
572 2447 635 2489 esse
664 2436 731 2488 cont
732 2436 830 2488 entum
781 2427 1004 2503 umccclesiis,
1032 2431 1100 2503 quin
1121 2430 1168 2486 isti

128 2517 249 2590 pauperi
278 2517 364 2574 edam
386 2533 467 2575 suam
489 2517 625 2575 auferres.
667 2516 742 2575 'Iam
763 2516 900 2591 simplicis
921 2522 1040 2575 natiuae
1063 2521 1114 2590 cst,
1135 2523 1169 2572 ut

129 2603 154 2659 si
185 2619 303 2660 causam
332 2602 481 2663 habuisset
509 2605 657 2678 iniustam,
685 2619 832 2677 nunquam
854 2605 979 2662 venisset
1000 2602 1038 2662 ad
1060 2605 1167 2662 curiam

128 2689 301 2748 Romanam.
343 2687 462 2748 Iustitia
484 2690 636 2749 audaciam
657 2690 697 2748 illi
720 2690 845 2748 contulit.
888 2689 1037 2765 Praecipio
1060 2689 1111 2749 tibi
1131 2707 1167 2747 ne

129 2792 196 2836 eum
227 2777 256 2832 in
279 2775 401 2836 ecclesia
423 2793 476 2834 sua
498 2776 533 2836 de
556 2783 650 2837 cetero
671 2779 827 2852 inquietes,
855 2783 885 2836 et
905 2793 960 2854 ego
983 2776 1018 2836 de
1041 2776 1168 2836 ecclesiis

128 2864 187 2921 tuis
209 2861 391 2938 dispensabo.
435 2862 500 2938 Quo
522 2863 636 2939 audito,
660 2866 762 2923 timens
785 2866 886 2938 cessit,
913 2866 981 2938 quia
1002 2863 1167 2939 simplicitas

128 2966 181 3026 pro
212 2951 273 3008 eius
295 2948 458 3008 adversario
480 2953 628 3027 pugnavit.
670 2949 873 3010 NOVICIUS:
903 2950 977 3009 Cum
999 2949 1169 3026 simplicium

128 3037 220 3096 verba
234 3041 263 3094 ct
279 3053 368 3111 opera
390 3036 496 3096 saeculi
517 3037 666 3112 Principes
681 3044 792 3096 tautum
806 3042 985 3112 venerentur,
1006 3043 1076 3113 puto
1091 3035 1168 3112 quod

128 3124 157 3184 in
191 3122 304 3182 illorum
334 3125 460 3182 cratinae
493 3123 575 3182 Deus
608 3124 762 3200 plurimum
801 3124 977 3184 iocundetur.
1034 3122 1168 3183 MONA-

130 3208 248 3269 CHUS:
269 3208 335 3270 Hoc
353 3211 405 3269 tibi
419 3210 546 3287 Simplex
559 3208 695 3290 Paulusss)
719 3211 851 3286 ostendit,
872 3211 924 3270 sed
947 3218 975 3269 et
989 3227 1044 3288 ego
1066 3228 1168 3270 recen-

127 3296 250 3355 tioribus
272 3296 322 3355 tibi
343 3295 469 3372 pandam
492 3297 638 3374 exemplis.

147 3447 239 3517 nec
266 3450 316 3499 vir
342 3447 438 3500 velde
464 3449 627 3501 literatus
663 3449 1168 3518 eont.11,11.-2)cheriro

199 3516 395 3584 perdere—
424 3518 531 3585 3)illc
558 3534 598 3570 onr
617 3518 716 3570 BG.—
744 3517 999 3582 transversum,
1024 3535 1169 3587 magnam
1272 3553 1274 3558 -

199 3589 292 3651 enirn,
310 3587 469 3650 Cvcrurn,
487 3603 686 3658 magnam.-
707 3588 952 3658 SJOhominnrn
975 3589 1169 3656 simplicem,

199 3656 263 3708 ADP
288 3655 465 3723 simplicem
494 3658 718 3709 hominem-
744 3659 775 3725 6)
796 3657 881 3710 nco?
903 3666 950 3721 ιι1;
980 3675 1039 3710 mox
1068 3658 1168 3724 Oego

199 3727 288 3778 benc
309 3753 340 3765 ·-
365 3728 397 3790 7)
419 3725 479 3778 aci>
500 3727 667 3778 muiras-
692 3743 831 3779 unam·—
855 3727 1041 3779 eundern-
1066 3740 1169 3777 unam.

199 3795 285 3916 P-S)
296 3794 456 3915 111ἑ149Α1111111ο
480 3796 556 3849 Paulo
575 3795 692 3864 simplice
710 3796 768 3849 vide
786 3797 847 3848 vin.
866 3795 932 3848 Patr.
951 3797 970 3848 1.
988 3813 1013 3864 p.
1034 3795 1109 3848 1126
1128 3794 1169 3844 ed.

219 3880 269 3916 ans
365 3903 371 3915 .
