2664 4308
106 309 112 326 ·
160 290 223 350 aar
488 263 720 380 ,nssmcrro
742 289 876 354 snxra

479 445 711 512 CAPITULUM
728 448 879 510 ΧΧΧΠΙ.

398 571 447 630 De
464 576 604 646 passione
624 573 761 648 simplicis
782 572 966 632 Marcudsllt.

224 690 258 749 In
280 689 411 752 Ferraria
432 695 547 754 civitate
564 695 755 756 Lombardiac
769 693 785 775 ¹)
807 702 873 755 ante
895 711 986 754 annos
1006 711 1115 770 paucos
1138 703 1201 755 orat

159 777 246 837 homo
269 777 394 854 quidam,
415 779 608 840 Marcadellus
629 784 753 856 nomine,
774 786 862 842 mirac
883 782 1079 858 simplicitatis,
1100 789 1129 842 at
1150 800 1200 842 cr-

158 882 197 941 ga
218 871 381 925 sanctorum
395 867 460 926 loca
481 871 621 928 maximae
644 870 812 929 devotionis.
855 869 912 946 Qui
933 887 999 929 cum
1020 871 1058 929 ob
1079 871 1200 928 nimiam

159 952 368 1028 simplicitatem
390 971 408 1012 a
436 955 533 1014 multis
553 973 604 1031 pro
627 956 707 1015 fatuo
729 955 897 1031 haberetur,
929 962 958 1015 et
978 958 1008 1014 ln
1030 956 1119 1015 oculis
1141 957 1200 1016 Dei

160 1045 236 1099 esset
256 1039 502 1118 prudentissimus,
525 1043 660 1119 quicquid
675 1043 711 1102 de
729 1046 787 1102 suis
808 1043 954 1103 laboribus
975 1043 1050 1102 ultra
1070 1046 1199 1103 uecessi-

158 1133 232 1184 tatcs
240 1131 359 1186 naturae
371 1143 518 1188 reservare
530 1137 651 1206 poterat,
671 1130 741 1189 illud
754 1133 782 1190 iu
795 1130 938 1190 visitando
959 1129 1057 1189 limina
1078 1127 1197 1210 sanoti²)

158 1212 264 1272 Jacobi
291 1215 320 1271 irt
350 1213 558 1292 compostella,
587 1225 638 1276 aut
666 1219 816 1278 beatorum
840 1216 1047 1293 Apostolorum
1068 1217 1146 1276 Patri
1169 1223 1200 1276 et

157 1298 241 1359 Pauli
268 1299 390 1360 fideliter
426 1303 616 1378 expendebat.
673 1305 815 1381 Tempore
844 1321 902 1380 quo
930 1305 1024 1379 potuit
1049 1304 1199 1363 hominurn

131 1418 136 1428 ·
157 1403 263 1461 pecora
278 1391 374 1463 pavit3
397 1397 425 1450 et
439 1408 504 1448 cum
517 1409 586 1466 prae
596 1387 616 1470 ³)
639 1398 785 1452 senectute
798 1391 836 1450 ad
854 1391 910 1451 hoo
931 1393 1025 1450 minus
1047 1391 1199 1466 sufficeret,

158 1475 283 1532 ostiatim
304 1475 492 1537 mendicando
520 1477 708 1555 eleemosynis
739 1477 867 1537 fidelium
895 1473 1082 1557 victimat‘).
1131 1477 1200 1536 Non

157 1559 311 1620 recedebat
332 1559 396 1640 de⁵)
421 1564 549 1639 ecclesia,
572 1565 640 1623 dum
657 1565 753 1624 divina
773 1568 801 1622 in
824 1583 859 1624 ea
880 1570 1040 1641 agerentur,
1061 1564 1136 1624 unde
1157 1565 1198 1624 ab

158 1648 290 1708 omnibus
312 1651 471 1709 amabatur.
515 1650 572 1727 Qui
601 1670 667 1712 cum
692 1653 867 1728 frequentius
889 1656 1050 1711 versarctur
1069 1654 1099 1710 in
1121 1668 1198 1728 qua-

157 1734 225 1793 dam
246 1735 315 1794 villa
329 1735 421 1796 dietae
436 1737 592 1813 Dioecesis,
616 1741 686 1798 etin
708 1739 828 1799 ecclesia
850 1738 976 1798 eiusdem
998 1738 1082 1798 villae
1103 1737 1198 1797 thuri·

156 1821 257 1881 bulum
286 1830 453 1899 argenteum
478 1826 667 1904 negligentius
696 1826 819 1901 pendere
841 1819 1073 1904 conspexisset⁶),
1093 1828 1199 1884 timens

156 1907 245 1988 tamo
268 1910 405 1972 ecclcsiae
429 1930 515 1987 quam
539 1929 608 1972 suae
639 1916 844 1987 conscientias,
881 1915 922 1971 ait
943 1911 1097 1971 sacerdoti:
1125 1911 1193 1971 Non

156 2013 255 2057 secure
296 1997 343 2056 hic
386 1999 493 2074 pendet
524 2000 582 2059 tale
623 1999 808 2059 thuribulum.
865 1999 988 2058 Dicente
1023 1999 1087 2072 illo,
1125 2001 1195 2076 quia

156 2083 252 2142 multis
274 2087 355 2142 annis
378 2088 438 2144 sine
459 2087 585 2161 periculo
606 2085 663 2146 illic
678 2086 879 2162 pependisset,
909 2085 1054 2161 rospondit
1075 2085 1195 2145 Marea-

157 2170 262 2232 dcllus:
285 2169 351 2230 Hoc
381 2190 467 2248 saepe
495 2191 554 2232 una
576 2173 621 2233 die
644 2177 752 2249 evenit,
786 2173 862 2248 quod
884 2175 913 2232 in
935 2173 1011 2232 mille
1033 2175 1113 2232 aunis
1134 2189 1196 2232 non

157 2261 301 2334 contingit.
346 2258 421 2333 Quid
442 2259 545 2335 plura?
566 2261 705 2320 Instinctu
725 2259 831 2320 diaboli
851 2260 1027 2320 thuribulum
1047 2260 1196 2319 subtrahi-

157 2351 218 2418 tur,
250 2342 337 2423 nou⁸)
360 2352 455 2406 tamen
484 2347 659 2407 Marcadello
688 2348 793 2406 funum
814 2349 977 2422 imponitur.
1020 2345 1105 2422 Quod
1127 2365 1197 2406 cum

156 2431 217 2506 tur,
244 2432 370 2490 Domino
399 2433 566 2509 prohibente
596 2442 624 2492 ot
656 2452 739 2495 servo
774 2451 826 2494 suo
859 2436 1039 2494 occasionem
1067 2435 1198 2510 martyrii

157 2525 360 2594 praeparante,
385 2521 508 2580 vendere
530 2539 588 2580 non
610 2528 707 2598 posset
728 2539 781 2580 nec
803 2521 935 2604 auderet,
962 2523 1055 2580 sciens
1076 2519 1198 2580 Marca-

158 2605 264 2664 dellum
285 2605 428 2666 bominem
441 2624 503 2667 csse
524 2608 774 2684 simplicissimum,
797 2615 825 2666 et
837 2608 973 2668 ecclesiae
994 2608 1198 2666 illiusuon'ssi-

157 2709 245 2767 mum,
268 2709 333 2750 eum
348 2701 455 2754 secrete
470 2695 548 2769 adiit,
570 2704 598 2754 et
621 2698 688 2771 quia
708 2698 770 2770 ipse
790 2695 868 2754 idem
889 2697 1031 2771 rapuisset
1051 2712 1112 2768 vas,
1133 2695 1198 2770 pri-

157 2797 193 2838 us
213 2785 310 2838 tamen
332 2781 385 2839 sibi
406 2787 542 2856 praestito
565 2785 722 2842 iuramento
731 2778 752 2860 ⁹)
774 2799 811 2840 ue
833 2800 864 2842 se
885 2781 1027 2857 proderet,
1049 2782 1198 2841 confessus

158 2871 202 2925 est
216 2862 255 2945 ιο).
300 2865 353 2923 Oui
374 2866 420 2926 ille
441 2870 601 2944 respondit:
624 2869 672 2929 Da
694 2869 763 2927 mihi
787 2869 977 2943 thuribulum,
999 2875 1028 2928 et
1049 2869 1103 2945 ego
1124 2868 1199 2927 illud

159 2945 367 3012 uullo'seientc
388 2956 462 3015 bene
484 2959 640 3032 restituam,
662 2964 698 3030 et,
721 2959 745 3014 si
766 2973 884 3016 necesse
904 2956 997 3030 fuerit,
1023 2957 1107 3015 etiam
1129 2955 1199 3013 ani-

157 3057 235 3099 mam
263 3057 358 3098 meam
385 3058 489 3115 ponam
517 3061 568 3118 pro
596 3049 633 3102 te.
674 3042 730 3101 His
753 3043 872 3118 auditis,
900 3043 945 3101 fur
972 3041 1146 3100 thuribulum
1169 3045 1200 3102 ci

158 3125 282 3199 tradidit,
305 3125 381 3201 quod
409 3128 455 3187 ille
477 3129 541 3189 feno
563 3129 738 3204 involutum,
760 3130 875 3190 sacculo
897 3146 949 3188 suo
970 3131 1096 3188 immisit.
1138 3128 1199 3204 Qui

159 3231 226 3274 cnm
255 3212 320 3288 plus
353 3214 437 3274 solito
453 3212 481 3295 ¹¹)
517 3217 666 3275 ecclesiam
687 3217 847 3291 praelatam
879 3216 1071 3293 frequentaret
1082 3211 1130 3295 ¹¹²),
1162 3224 1200 3276 ut

42 3319 46 3338 1
159 3299 335 3359 thuribulum
373 3309 455 3360 cante
494 3310 523 3362 et
558 3305 617 3361 sine
646 3310 716 3362 uota
750 3305 780 3362 in
815 3303 911 3363 locum
946 3320 1030 3362 suum
1058 3319 1200 3378 reponere

157 3393 271 3464 posset,
305 3387 350 3446 dic
384 3388 509 3464 quadam
538 3391 625 3448 nimia
652 3395 856 3465 tempestatum
884 3390 1021 3450 violentia
1049 3389 1200 3450 ascribus

178 3521 209 3588 1)
227 3519 268 3572 BP
286 3521 541 3589 longobardiae.
562 3553 590 3562 -
612 3523 645 3592 2)
662 3523 727 3576 Ab?
744 3523 840 3576 beati.
855 3553 885 3564 —-
905 3524 937 3591 3)
955 3523 976 3576 C
992 3537 1070 3589 prae
1087 3522 1200 3573 nimia.

231 3590 306 3656 -d)
324 3589 345 3642 b
363 3591 633 3660 elcemosynas-
653 3594 855 3661 acceptabat.
870 3623 902 3634 -
921 3594 953 3661 5]
972 3592 1036 3644 Ab?
1053 3591 1099 3644 ab.
1113 3620 1143 3631 -
1163 3591 1201 3659 6)

228 3659 270 3712 Bt}
287 3663 549 3728 conspiceret-
569 3663 600 3729 7)
618 3661 675 3715 libri
693 3672 755 3714 tam
774 3663 937 3715 damno-
957 3661 1019 3732 8)Β
1036 3677 1103 3712 nac.
1121 3661 1201 3729 -9)

229 3729 438 3784 Gtamcnsibi
451 3732 1043 3800 praestitosacramento,Al)l’tarncn
1060 3738 1200 3796 recepto

230 3809 442 3853 sacramento.
456 3833 486 3842 -
501 3803 549 3870 10)
567 3802 631 3854 11οΡ
649 3804 710 3855 sibi
728 3803 901 3856 confessus
920 3811 977 3854 cst.
991 3831 1022 3842 ·-
1042 3801 1090 3868 11)
1108 3799 1127 3852 Β
1146 3799 1202 3852 add

228 3869 331 3934 mod0;
349 3871 494 3926 moxADl’
511 3872 690 3940 praelatam
707 3871 1201 3941 aeclesiam.-12)Bsisitaret.
