2622 4322
465 267 520 330 DE
543 267 808 334 quassemus.
1089 271 1151 330 229

120 389 208 451 sciens
240 389 396 452 avaritiam
416 391 540 452 radicem
562 409 626 452 esse
648 394 776 452 omnium
797 393 931 453 vitiorum
943 387 969 474 ¹).
1018 391 1157 453 Habebat

120 484 212 538 autem
245 496 338 538 unum
368 495 550 553 conversum,
582 481 612 539 in
640 479 883 540 administratione
916 481 1086 540 exteriorum
1114 481 1156 540 ita

120 565 238 624 sciolum
273 572 303 626 et
330 567 582 642 circumspectum,
618 569 659 625 ita
686 566 839 626 sollicitum
868 573 897 627 et
923 567 1095 643 perfectum,
1123 571 1156 626 ιιι

120 654 213 712 omnia
233 669 290 728 per
310 669 412 712 manus
433 655 494 712 eius
514 655 679 728 transirent,
710 660 740 712 et
760 655 886 714 curtibus
908 654 1059 728 eeclesiae,
1081 669 1157 729 qnae

118 741 283 800 neccssaria
304 747 399 815 crant,
428 741 538 798 tamin
560 732 777 816 aratrisquam
797 743 826 798 in
846 742 998 817 pecoribus
1020 741 1081 811 sive
1103 757 1156 799 ex·

118 828 230 902 pensis,
264 827 327 901 ipse
360 828 442 900 quasi
470 825 548 886 solus
577 829 712 886 universa
739 827 910 902 provideret.
961 826 1065 888 Omnia
1092 829 1154 904 ipse

119 919 186 987 erat,
208 916 308 972 omnia
320 909 340 992 ²)
360 913 521 988 disponens,
542 913 611 980 nihil
624 913 781 991 negligens,
803 932 904 991 agrum
918 931 988 990 agro
1010 907 1157 990 copulans,

119 1004 147 1058 et
166 1002 285 1060 vineam
313 1001 415 1060 vineae
444 1003 626 1076 coniungens.
668 1000 854 1076 Praepositus
881 1003 937 1060 ista
958 1001 1156 1075 considerans,

119 1093 147 1146 et
167 1089 369 1163 inscripturis
390 1087 497 1164 legens,
518 1087 588 1146 nihil
609 1105 698 1146 avaro
721 1104 784 1147 esse
802 1083 992 1167 scelestius-³),
1014 1086 1059 1146 die
1081 1103 1156 1162 que-

118 1171 183 1232 dam
205 1191 381 1234 conversum
411 1174 533 1233 eundem
555 1172 593 1233 ad
615 1191 646 1233 se
666 1191 775 1234 vocans
797 1179 850 1234 ait:
876 1173 968 1250 Nosti,
987 1175 1108 1234 barbate
1119 1169 1156 1252 ι),

117 1276 205 1336 quere
227 1263 358 1321 venerim
379 1260 418 1319 ad
440 1259 587 1320 ordinem?
632 1260 707 1336 Quia
734 1277 792 1320 non
824 1264 899 1321 bene
921 1263 1078 1336 exprimere
1099 1276 1156 1335 po·

116 1348 170 1406 tuit
191 1349 387 1408 Teutonicum
407 1347 528 1423 idioma,
549 1346 656 1406 habere
677 1364 736 1408 non
756 1353 851 1424 potuit
872 1348 962 1408 verba
983 1354 1099 1422 ornata,
1126 1353 1156 1408 ct

115 1433 178 1494 ideo
209 1433 350 1510 quiequid
375 1434 555 1510 loquebatur,
577 1437 724 1494 conversis
744 1434 897 1495 videbatur
918 1451 981 1494 esse
994 1432 1013 1516 ⁵)
1034 1450 1155 1510 perver-

115 1528 292 1597 sumatque
321 1521 479 1596 distortum.
521 1521 681 1596 Respondit
703 1538 874 1581 conversus:
894 1521 960 1581 Non
988 1523 1071 1596 novi,
1099 1520 1154 1582 do·

113 1610 198 1670 mine.
244 1608 330 1667 Tunc
350 1607 413 1667 ille:
442 1607 506 1684 Ego
535 1607 631 1668 dicam
658 1609 739 1682 tibi„
761 1607 811 1668 Ad
837 1608 894 1668 hoo
915 1611 990 1670 enim
1011 1611 1092 1682 veni,
1120 1613 1155 1666 ut

113 1702 237 1772 peccata
258 1711 325 1755 mea
345 1696 375 1753 in
396 1694 452 1754 hoc
479 1694 543 1754 loeo
572 1695 702 1754 defleam.
753 1694 849 1771 Quare
877 1711 945 1771 ergo
974 1701 1007 1754 tu
1028 1692 1153 1754 venisti?

113 1781 321 1859 Respondente
336 1797 385 1841 eo:
407 1781 541 1856 Domine,
562 1782 646 1842 simili
667 1781 704 1841 de
726 1799 830 1858 causa3
852 1781 1102 1857 aitPraepositus:
1123 1779 1155 1840 Si

114 1872 219 1930 venisti
250 1874 373 1945 peecata
409 1874 460 1927 tua
493 1868 615 1943 deflere,
652 1869 771 1928 sormam
804 1869 944 1928 debueras
983 1868 1154 1944 poenitentis

114 1963 224 2030 tenere,
247 1955 304 2014 hoc
327 1962 385 2029 est,
405 1961 439 2013 ut
458 1955 621 2030 frequenter
641 1957 681 2014 sis
701 1958 732 2014 in
754 1957 886 2029 oratorio,
908 1961 939 2013 ut
959 1953 1070 2030 vigiles,
1091 1949 1153 2033 ιιι)

114 2045 234 2117 ieiunas,
256 2042 412 2116 Deumque
432 2044 628 2117 propeccatis
650 2044 706 2101 tuis
726 2045 829 2118 iugiter
850 2058 958 2101 exores.
990 2041 1056 2114 Non
1078 2041 1154 2099 enim

113 2131 289 2206 poenitentis
312 2135 364 2203 est,
385 2134 417 2194 ut
437 2135 470 2188 tu
484 2130 563 2204 facis,
583 2131 693 2188 vicinos
714 2123 783 2188 suos
797 2128 971 2188 exheredare
983 2124 1012 2208 ²),
1035 2133 1064 2186 et
1080 2125 1154 2185 den-

114 2233 180 2276 sum
201 2216 296 2278 lutum
319 2221 418 2274 cenna
435 2232 471 2282 ,se
498 2233 671 2293 congregare
682 2212 713 2296 ⁸).
763 2213 812 2274 Ad
832 2215 906 2276 haec
928 2231 1084 2274 conversus
1105 2231 1154 2274 re-

114 2303 246 2380 spondit:
275 2302 416 2376 Domine,
445 2303 522 2362 bona
542 2303 591 2362 illa
613 2318 687 2378 quae
710 2318 859 2378 comparo,
892 2304 967 2378 agris
994 2301 1043 2360 vel
1063 2302 1154 2360 vineis

114 2391 255 2451 ecclesiae
276 2385 421 2469 nostrae’)
444 2392 652 2450 continuantur.
682 2388 930 2472 EtPraepositusr
951 2389 1041 2450 Bene.
1080 2387 1154 2448 eum

114 2477 164 2538 illa
185 2477 291 2536 fuerint
313 2483 398 2550 emta,
420 2493 538 2536 neeesse
560 2482 612 2550 est,
633 2481 666 2533 ut
688 2492 766 2534 emas
788 2478 874 2535 etiam
894 2475 951 2554 illa,
974 2492 1049 2551 quae
1071 2476 1154 2535 emtis

114 2565 338 2640 coniunguntur.
380 2562 463 2622 Nosti
493 2562 561 2637 quid
590 2562 666 2622 dieat
694 2560 807 2621 Isaiae?
857 2563 934 2634 Vae,
963 2563 1068 2638 inquit,
1101 2565 1153 2638 qui

114 2654 293 2726 coniunpiiis
327 2650 449 2708 donum
470 2650 513 2708 od
532 2649 668 2721 donum,
702 2655 730 2708 ot
758 2665 867 2724 aprum
896 2665 971 2724 apro
1000 2649 1152 2724 copuletis.

113 2737 273 2813 Numquid
293 2735 463 2796 habitabitis
484 2753 536 2796 coe
558 2737 613 2795 soii
632 2739 665 2794 io
686 2735 781 2794 medio
804 2742 901 2794 broco
916 2732 972 2810 ’Ἣ
1015 2736 1061 2795 Tu
1081 2751 1152 2795 vero

113 2826 252 2884 auantiae
281 2828 349 2882 tuae
378 2821 488 2881 nullum
516 2825 669 2891 terminum
700 2824 792 2898 ponis.
836 2821 909 2880 Cum
938 2823 1047 2897 omnia,
1077 2839 1152 2904 quae

112 2912 144 2970 in
165 2911 221 2972 hac
241 2911 390 2986 provincia
411 2916 492 2984 sunt,
520 2916 589 2969 ate
609 2909 713 2968 fuerim
735 2915 907 2983 comparata,
929 2908 1036 2968 flumen
1057 2908 1152 2968 Rheni

113 2998 298 3074 pertransibis
320 2996 411 3072 pede;
442 2995 543 3056 deinde
570 2995 709 3071 procedes
738 3012 831 3071 nsque
852 2995 890 3054 ad
911 3001 1063 3071 montana3
1096 3011 1151 3056 nee

113 3086 155 3146 sie
176 3087 323 3160 quiesces,
352 3083 445 3144 donec
472 3085 623 3159 pervenias
645 3081 683 3144 ed
704 3099 791 3143 mare.
827 3078 910 3142 'Puto
933 3085 1001 3158 quia
1021 3083 1062 3141 ibi
1082 3100 1151 3159 gra·

132 3285 200 3357 1)Β
230 3302 304 3339 esse
334 3278 479 3338 radicem
507 3285 644 3337 omnium
668 3283 836 3350 malorum,
859 3283 878 3336 P
905 3283 1049 3337 radicem
1078 3299 1151 3338 esse

181 3358 316 3409 omnium
334 3355 491 3408 malorum
509 3363 542 3406 et
560 3357 723 3408 vitiorum.
744 3384 774 3394 -
794 3355 826 3422 2)
844 3358 950 3407 omnia
968 3371 1009 3407 om
1027 3353 1055 3407 G.
1070 3383 1101 3394 -
1118 3355 1150 3425 3)

180 3426 258 3480 Eccli.
278 3427 319 3490 10,
338 3427 362 3477 9.
382 3425 458 3477 Paulo
481 3433 539 3491 post
556 3424 599 3478 BG
620 3423 760 3484 eundem
778 3435 976 3478 conversum.
998 3453 1028 3464 -
1048 3424 1080 3494 4)
1102 3425 1152 3477 iti-

180 3511 254 3548 raeus
274 3495 395 3550 chronic.
420 3495 578 3548 cisterciens.
603 3509 628 3562 p.
651 3495 699 3548 26:
718 3503 844 3562 „tuncque
862 3493 1012 3546 definierunt
1030 3509 1058 3546 se
1076 3510 1151 3552 corr-

174 3582 293 3620 .versos
318 3565 425 3618 laiebs
449 3564 622 3628 barbatos,
648 3562 748 3615 licentia
766 3564 886 3631 Episcopi
909 3565 948 3616 sui
972 3572 1150 3632 suscepturos,

179 3651 274 3705 eosque
291 3639 317 3688 in
335 3636 388 3687 vita
406 3643 433 3686 et
450 3643 545 3698 morte,
569 3643 675 3700 excepto
693 3633 856 3698 monachatu,
880 3642 909 3686 ιιι
926 3633 1074 3701 semetipsos
1092 3650 1151 3686 sus·

179 3708 321 3774 capturos.“
347 3733 379 3744 -
407 3705 439 3773 5)
463 3704 484 3756 D
507 3705 682 3756 conversis
710 3702 900 3768 videbatur,
926 3703 946 3756 0
976 3702 1150 3756 videbatur

179 3776 365 3829 conversis.
385 3803 417 3814 -
438 3775 469 3840 6)
487 3774 528 3826 Bc
545 3783 585 3826 et.
606 3803 637 3813 -
656 3771 1097 3842 internumerare·
1116 3773 1150 3840 8)

178 3845 269 3900 Habeo.
287 3847 314 3912 2,
332 3847 358 3899 6.
377 3873 409 3884 -
430 3844 461 3912 9)
479 3844 499 3898 0
516 3853 658 3897 vestrae.
679 3871 710 3884 ·-
730 3843 779 3912 10)
797 3841 854 3895 isai.
873 3845 899 3908 5,
916 3843 941 3894 8.
