2622 4322
142 259 205 322 262
233 245 237 254 ¹
457 255 690 322 DISTINOE'IO
710 255 875 337 QUARTA

142 379 245 444 eadem
264 380 389 440 maxime
410 378 620 455 inardesceret,
642 378 808 456 simpliciter
828 385 858 440 ct
877 375 963 440 valde
985 375 1183 456 confidenter,

140 485 215 529 voca
236 469 306 527 satis
328 466 415 543 clara,
437 468 512 526 sicut
533 465 653 526 edoctus
673 467 781 542 luerat,
803 471 902 527 contra
924 465 1094 526 daemonem
1116 464 1186 528 cln-

117 565 122 574 ⁴
140 556 231 616 mavit
252 553 365 614 dicens:
387 553 520 628 Dtnb'ole,
542 553 688 613 confessor
707 570 790 614 meus
810 555 951 630 praecipit
960 554 1020 630 tibi,
1040 559 1186 614 ntoesscs

140 659 189 702 me
209 647 329 724 tentare.
371 639 447 700 Mira
467 643 558 700 virtus
580 641 773 700 consessionis.
815 640 865 700 Ad
886 640 961 700 hanc
982 657 1086 700 vocem
1113 638 1185 700 dia·

140 727 235 803 bolus,
257 731 371 804 spiritus
392 727 526 787 videlieet
545 727 747 803 fornicationis,
769 727 903 787 confusus
917 727 997 803 largit,
1021 728 1184 787 attentatio

141 817 284 876 aiuvene
306 815 438 876 cessavit
480 813 685 874 NOVICIUS:
712 813 797 874 Unde
818 813 925 890 babes,
952 812 1031 889 quod
1058 815 1184 874 tentatm

52 957 57 966 .
140 901 207 962 talis
228 904 266 961 sit
286 919 305 961 a
327 899 462 961 diabolo?
495 899 731 960 MONAGHUS:
752 899 911 976 Apostolus
922 900 1068 960 stimulum
1085 902 1184 960 camis

140 988 268 1066 appellat
289 989 423 1064 angelum
444 987 585 1062 Satanae,
617 1005 650 1046 eo
673 986 751 1063 quod
772 990 867 1063 ipsum
889 991 992 1047 excitet
1015 993 1044 1047 et
1062 987 1183 1046 inflam-

140 1082 200 1136 met
211 1072 236 1156 ¹).
279 1073 481 1135 NOVICIUS:
504 1073 543 1133 Ut
564 1074 658 1150 audio,
681 1073 822 1134 confessio
844 1081 945 1134 contra
967 1075 1059 1133 carnis
1080 1080 1184 1134 tenta-

140 1168 239 1223 menta
254 1161 376 1220 multum
398 1167 442 1221 est
462 1163 633 1220 necessaria.
664 1159 900 1222 MONAGHUS:
921 1160 969 1220 De
989 1160 1126 1221 hocsatls
1146 1162 1195 1238 in

140 1248 378 1326 praecedentibus
400 1248 507 1308 dictrrm
529 1253 587 1322 est,
618 1250 646 1306 in
671 1246 850 1308 distinctione
871 1249 961 1324 ipsius
983 1248 1182 1310 consessionis.

140 1336 176 1396 In
198 1336 376 1396 consessione
398 1337 473 1394 enim
493 1335 604 1410 peceati
625 1334 715 1394 fomes
737 1334 914 1410 debilitatur,
941 1337 1061 1395 tentatio
1083 1339 1183 1395 cessat

140 1422 189 1483 vel
209 1427 392 1497 temperatur,
413 1423 506 1498 gratia
527 1427 736 1497 augmentatm,
759 1421 897 1481 confitens
919 1421 1043 1481 consiliis
1063 1423 1183 1481 anima-

141 1517 195 1584 tur,
217 1507 348 1568 diabolus
370 1507 550 1568 confunditur
571 1514 600 1567 et
621 1514 781 1568 enervatur.
825 1507 898 1568 Cum
920 1508 976 1568 clio
988 1508 1087 1567 itidem
1100 1514 1183 1567 tem-

141 1613 212 1674 poro
233 1595 413 1672 supradictus
435 1594 594 1655 monachus
621 1595 691 1654 dure
720 1598 789 1655 satis
818 1595 928 1655 eadem·
945 1597 1101 1654 tentatione
1121 1611 1182 1654 ve-

140 1688 265 1757 xaretur,
286 1682 457 1758 supradictis
479 1682 584 1757 verbis,
604 1700 641 1742 ex
663 1682 780 1742 oonsilio
801 1684 846 1740 sui
867 1681 1023 1742 sacerdotis
1032 1677 1068 1762 ²),
1090 1683 1182 1742 etiarn

141 1770 198 1830 hoc
219 1769 336 1828 adiecit:
367 1769 443 1846 Quid
471 1786 517 1827 me
545 1785 650 1844 veras,
683 1769 860 1829 odiabole'?
902 1769 968 1828 Non
995 1770 1100 1845 poteris
1128 1785 1182 1829 mc

141 1856 207 1933 plus
228 1863 353 1932 tentare,
375 1874 463 1931 quam
484 1862 513 1916 te
528 1859 693 1932 permiserit
713 1855 864 1915 Dominus.
906 1856 974 1933 Ipsa
996 1863 1039 1915 est
1061 1861 1089 1916 et
1109 1854 1183 1914 Do-

140 1946 235 2002 minus
256 1949 331 2002 tuus.
375 1943 431 2019 Qui
452 1945 550 2002 statim
571 1943 662 2003 levius
683 1960 715 2003 se
723 1940 744 2024 ³)
767 1945 870 2018 sensit,
899 1946 967 2018 quia
995 1944 1110 2018 spiritus
1131 1941 1185 2004 ille

141 2031 282 2107 superbus
303 2029 416 2107 pondus
437 2026 548 2111 verbu)
570 2047 654 2090 mam
687 2029 839 2090 elationem
862 2030 1046 2107 deprimentis
1065 2035 1186 2105 portare

140 2133 198 2178 non
219 2119 321 2193 potnit.
352 2147 356 2154 „

458 2305 692 2368 onrrnounn
711 2305 860 2390 xovrr)

222 2430 271 2490 De
293 2429 502 2490 uotcucotbca
523 2431 674 2504 monachi,
697 2434 749 2506 qui
769 2431 928 2492 concordo
949 2447 1093 2490 coronam

431 2604 434 2612 .
497 2521 606 2576 merntt
625 2519 816 2592 inperialem.

205 2651 288 2713 Alter
318 2654 436 2730 quidam
464 2654 651 2732 monachus,¹
667 2655 737 2729 isto,
767 2655 802 2718 de
830 2637 967 2740 quoiam
989 2656 1182 2734 dictumest,

140 2746 236 2801 aetate
248 2744 394 2816 maturior,
415 2748 445 2801 et
459 2743 489 2800 in
503 2742 686 2801 observantia
699 2742 842 2820 religionis
863 2742 1024 2817 ferventior,
1047 2745 1182 2820 aspiritn

140 2827 270 2888 luxuriae
298 2827 449 2888 multifarie
478 2828 631 2904 multisque
653 2829 746 2888 modis
755 2826 775 2909 ⁶)
798 2835 828 2889 et
849 2828 926 2888 duris
947 2831 1182 2905 impugnabatur.

140 2915 283 2990 Tempore
305 2914 444 2991 quodam,
473 2932 539 2974 cum
562 2922 637 2975 esset
658 2918 688 2974 in
708 2915 883 2976 infirmitorio
892 2909 931 2996 ⁶),
957 2922 987 2976 et
1009 2916 1091 2978 dietis
1112 2933 1181 2978 ma-

139 3003 237 3061 tutinis
266 3003 295 3059 iu
324 3002 430 3080 angulo
458 3002 573 3061 claustri
594 3009 673 3061 stans
694 3005 808 3062 veniam
829 3009 940 3078 peteret
960 3021 1026 3062 oum
1047 3002 1182 3079 angelica

139 3087 319 3164 salutatione,
342 3087 472 3148 diabolus
484 3094 550 3164 post
563 3095 676 3166 tergum
688 3091 749 3148 eius
762 3090 888 3165 venicus,
910 3092 1044 3167 sagittam
1058 3091 1180 3167 ignitam

139 3182 207 3252 post
228 3193 295 3234 eum
317 3167 432 3251 unexit,
453 3178 493 3234 ita
514 3165 547 3234 u't
566 3175 644 3236 illam
666 3176 823 3236 monachus
844 3176 956 3238 videret
975 3179 1055 3237 iuxta
1077 3175 1180 3238 oculos

140 3278 208 3322 suos
223 3262 352 3338 volitare,
373 3260 525 3338 fulgmam,
548 3268 577 3321 et
591 3280 626 3321 cx
643 3267 857 3338 repercussione
878 3265 994 3340 parietis
1015 3262 1179 3324 scintillare.

141 3346 235 3424 Quem
257 3366 324 3408 eum
345 3351 387 3408 sic
408 3354 513 3409 terrere
533 3367 592 3409 non
613 3355 726 3426 posset,
747 3367 841 3427 neque
862 3350 961 3428 fugare
982 3368 1001 3410 a
1021 3349 1086 3411 loco
1108 3366 1178 3412 ora·

158 3483 190 3554 1)
208 3481 265 3536 Cor.
290 3482 327 3546 ll,
350 3483 398 3546 12,
421 3484 447 3535 7.
466 3513 497 3524 -
521 3483 612 3551 2)Βο
636 3485 848 3546 confessoris.
875 3513 908 3524 -
935 3484 967 3552 3)
995 3499 1028 3536 se
1054 3483 1178 3538 ahestab

209 3552 325 3604 omnibus
342 3551 420 3604 libris.
432 3579 462 3592 —-
481 3552 514 3622 4)
531 3553 552 3607 G
568 3553 662 3607 rarbi
678 3557 738 3607 sui.
750 3585 782 3596 -
798 3556 833 3624 a)
851 3554 941 3607 llomil.
959 3553 978 3607 l.
996 3571 1022 3622 p.
1040 3555 1083 3607 98.
1096 3584 1126 3596 -
1144 3556 1179 3625 5)

209 3622 259 3673 vit.
278 3623 303 3674 S.
317 3620 437 3673 Bernard.
455 3621 486 3686 V,
503 3621 528 3673 2.
547 3639 572 3691 p.
590 3623 656 3676 946:
676 3639 748 3690 „nam
767 3633 793 3676 et
804 3623 970 3693 usquemodo
991 3623 1178 3677 multifarie

209 3689 386 3758 multisque
404 3690 508 3742 modis
525 3701 645 3759 paternus
658 3709 721 3762 erga
737 3695 802 3746 lilios
814 3710 885 3748 amor
904 3723 934 3734 -
954 3709 1041 3748 aonam
1058 3692 1179 3763 dignatur

210 3759 285 3812 solari
309 3760 448 3812 lacrimas.“
467 3760 539 3813 (loni.
558 3761 630 3816 Gaas.
648 3763 738 3816 llomil.
755 3764 796 3817 lll.
815 3781 840 3834 p.
860 3765 918 3818 140.
937 3793 968 3805 -
992 3763 1024 3834 6)
1041 3763 1062 3817 Β
1080 3764 1179 3818 infir-

210 3830 360 3897 matorio,
377 3830 397 3883 Ρ
414 3832 570 3885 oratorio.
