2628 4310
350 235 405 296 on
426 233 608 296 Pnnnnro
630 219 896 305 Monadorum.
1078 237 1139 297 aas
1260 271 1262 282 ·

102 357 250 436 respondit
269 356 332 416 illa:
356 359 412 418 Pro
434 364 495 418 arte
518 359 638 436 magica.
682 357 777 418 Timui
806 360 882 418 anim
902 375 939 420 ne
952 352 969 437 ¹)
993 374 1059 418 cum
1081 357 1142 419 aliis

104 445 268 506 mulieribus
289 451 439 520 peccaret,
467 447 491 504 si
513 462 558 504 me
588 444 751 519 odiretfet
781 461 835 521 ego
863 445 903 504 illi
932 462 1021 505 causa
1049 463 1142 506 essem
1177 487 1181 494 -

104 531 315 594 adulteriorum.
358 531 441 592 Unde
470 531 643 606 quibusdam
669 533 779 592 artibus
801 533 875 592 siout
896 531 999 591 edocta
1019 531 1143 608 fueram,

103 618 140 679 ad
156 622 298 694 ‚amorem
326 635 423 678 meum
449 618 528 676 illurn
549 618 733 679 inflammavi.
776 617 814 676 Et
836 620 903 693 quia
923 620 953 678 in
976 636 1064 678 causa
1084 636 1143 679 non

104 712 165 768 enat
185 705 273 766 libido
301 704 354 765 sed
375 707 424 781 pia
444 707 579 779 intentio,
612 705 686 765 bene
706 710 807 780 potero
829 706 930 764 iuvari.
971 704 1055 764 Haec
1077 723 1143 765 cum

103 792 194 853 relata
214 792 334 852 fidssent
355 792 445 867 militi,
467 793 549 851 uxori
570 791 656 851 valde
678 790 849 867 condolens,
879 792 1070 867 orationibus,
1097 795 1142 852 is·

102 881 187 940 iuniis
209 886 238 938 et
259 879 448 956 eleemosynis
461 878 501 936 illi
521 895 687 938 succurrere
709 877 827 952 studuit,
848 880 974 936 animam
995 879 1056 938 eine
1078 882 1143 955 qui-

103 968 273 1042 buscunque
294 955 409 1042 poterat
437 964 649 1026 commendans.
700 963 903 1024 NOVICIUS:
931 964 1068 1026 Terribiie
1101 974 1145 1026 est

103 1053 182 1130 quod
210 1052 292 1112 Deus
321 1052 426 1111 iudicio
454 1059 552 1112 nostro
582 1058 642 1111 tam
670 1053 788 1110 minima
816 1057 876 1109 tam
901 1053 1031 1128 graviter⁴
1054 1055 1144 1128 punit.

103 1138 339 1202 MONAGHUS:
361 1140 407 1199 De
429 1137 485 1199 hoo
507 1135 655 1218 referant
679 1137 851 1214 exemplum.

425 1325 660 1389 CAPITULUM
680 1328 830 1388 XXVIII.

125 1453 174 1512 Dc
194 1451 340 1511 monacho
363 1453 416 1526 qui
436 1454 514 1511 rocio
533 1456 603 1527 post
623 1457 750 1510 mortem
772 1467 921 1525 opponere
943 1449 1030 1509 disin
1053 1449 1124 1510 Non

156 1547 159 1552 “
279 1537 428 1614 putabam
449 1539 616 1598 Dominum
638 1540 683 1596 Ita
705 1555 764 1596 cose
787 1537 961 1596 districtum.

169 1658 332 1719 Monachus
354 1658 471 1734 quidam
493 1659 598 1718 ordinis
619 1660 708 1718 nostri
729 1657 822 1734 nuper
843 1659 957 1718 cuidam
978 1665 1046 1734 post
1066 1675 1145 1718 mor·

105 1752 164 1807 tem
174 1762 327 1823 apparens,
347 1741 500 1821 requisitos
522 1745 558 1804 de
574 1731 651 1804 st'etu
668 1761 729 1819 suo,
751 1747 792 1804 sic
808 1745 968 1822 respondit:
991 1746 1146 1822 Nunquam

105 1839 255 1910 putassem
269 1833 426 1891 Dominum
447 1832 535 1891 irrisae
557 1837 617 1891 tam
640 1831 807 1890 districtum.
838 1831 913 1890 Nam
935 1833 1053 1892 minima
1071 1850 1145 1909 quae

105 1920 154 1980 hio
176 1936 234 1979 non
255 1919 359 1978 fuerint
379 1935 432 1995 per
460 1917 685 1978 satisfactionem
714 1917 824 1992 deleta⁷
847 1919 990 1977 observat.
1033 1919 1146 1981 Deinde

105 2007 254 2066 subiunxit
276 2012 305 2066 et
325 2005 390 2069 hoc.
422 2005 513 2079 Deus,
533 2006 634 2080 inquit,
655 2006 786 2080 ignoscat
799 2003 931 2079 praelatis
945 2008 1057 2081 nostris,
1079 2010 1146 2083 quia

106 2095 219 2169 magnis
241 2099 270 2152 et
290 2093 387 2152 multis
409 2109 496 2166 saepe
517 2108 571 2151 nos
593 2091 746 2150 subiiciunt
766 2093 875 2167 poenis.
918 2079 1012 2152 Valde
1033 2092 1146 2154 illorum

106 2185 262 2254 praecepta
282 2178 380 2255 ligant.
424 2177 546 2257 Quando
569 2180 644 2237 enim
664 2177 815 2238 indiscrete
837 2178 944 2253 adquid
960 2182 1147 2258 praepriunt,

107 2272 138 2324 ot
159 2265 265 2324 subditi
285 2264 341 2325 hoc
363 2267 457 2325 minus
479 2265 646 2339 attendunt,
667 2263 714 2323 vei
735 2265 960 2340 parvipendunt,
980 2265 1085 2325 futuro¹
1097 2270 1144 2326 iu-

107 2350 182 2412 dicio
204 2358 374 2412 reservatur.
415 2349 619 2411 NOVICIUS:
643 2350 718 2427 Quid
740 2350 810 2412 diois
832 2352 867 2411 de
887 2352 1035 2412 monachis
1056 2357 1145 2430 perti-

105 2437 250 2500 nacibus?
282 2437 518 2499 MONACHUS:
541 2438 704 2498 Pertinacia
724 2441 825 2499 vitium
847 2445 891 2498 est
904 2456 997 2514 poena
1020 2439 1146 2519 dignum,

107 2527 195 2586 etiam
216 2527 240 2584 si
261 2526 395 2586 fueritin
416 2521 522 2606 bono³)
545 2527 644 2586 cdntra
665 2531 821 2602 praecepta
840 2525 1042 2603 praelatorum.

440 2715 674 2784 CAPITULUM
696 2715 818 2778 XXIX.

192 2839 240 2897 De
261 2839 431 2899 scholastico
453 2841 506 2915 qui
521 2844 593 2914 post
614 2845 737 2896 mortem
760 2841 792 2896 io
813 2839 903 2898 Pauli
925 2839 1060 2902 tabidam

473 2927 669 3000 permusitat
692 2923 785 2986 scidit.

173 3045 208 3105 In
228 3061 317 3124 regno
339 3043 479 3104 Francius
502 3044 604 3105 domus
627 3051 671 3109 esi
695 3062 770 3121 quae
791 3042 899 3125 Proui)
930 3046 1047 3124 dicitur,
1069 3048 1154 3130 ordi-³

106 3135 152 3194 nis
175 3133 379 3192 Cisterciensis.
421 3131 457 3190 In
476 3131 533 3192 hac
554 3133 684 3192 recenter
706 3135 824 3209 contigit
845 3149 891 3192 ros
912 3136 981 3194 satis
1003 3137 1149 3213 mirabilis,

107 3223 184 3280 sicut
202 3217 601 3279 retuleruntnobisAbbates
622 3222 710 3277 nostri
731 3237 806 3278 anno
828 3224 979 3296 praeterito
1000 3229 1149 3284 reverten-

108 3314 152 3367 tes
168 3307 204 3366 de
225 3303 351 3384 generali
367 3304 510 3381 Capitulo.
541 3305 617 3364 Nam
632 3305 748 3380 quidam
769 3307 806 3365 ab
821 3305 938 3368 Abbate
958 3310 988 3367 in
1001 3326 1057 3386 quo
1075 3313 1148 3370 visio

73 3468 75 3478 Ι
107 3394 186 3454 iacta
209 3400 252 3452 est
274 3409 305 3452 se
328 3391 474 3452 audivisse
483 3387 503 3472 ⁵)
525 3394 622 3451 testati
641 3398 716 3451 sunt.
766 3391 944 3454 Adolescens
974 3397 1091 3473 quidam
1119 3400 1149 3457 In

109 3479 213 3542 eadem
235 3479 320 3540 domo
342 3479 435 3538 iactus
465 3485 508 3540 cst
536 3481 682 3554 novicius,
711 3496 797 3555 quem
826 3484 962 3558 magister
989 3501 1059 3543 suus
1081 3501 1149 3544 mox

127 3595 159 3664 1)
177 3595 248 3648 Duc
266 3595 405 3649 maritus
424 3610 527 3658 meus,
544 3594 565 3648 a
583 3611 621 3646 ne
639 3595 690 3648 vir
707 3611 801 3647 meus.
822 3625 852 3636 -
872 3597 904 3666 2)
923 3596 966 3650 CF
984 3597 1047 3650 tibi
1065 3598 1151 3649 refe-

179 3681 253 3717 ram.
268 3697 298 3705 -
314 3665 345 3786 33
363 3663 404 3716 ΕΡ
415 3664 427 3715 f
432 3666 520 3716 uerit
538 3664 629 3716 bona.
642 3665 717 3731 -4)
735 3664 892 3728 Pruiiiacum,
909 3666 1031 3734 ProuiIly,
1049 3667 1151 3721 abbatia

130 3735 135 3742 '
177 3733 307 3787 Diocaesis
343 3734 486 3798 ananensis,
504 3733 609 3788 fundata
627 3750 642 3785 a
660 3734 804 3788 Theobaldo
822 3736 921 3789 Gemite
939 3737 1098 3806 Campaniae.
1118 3767 1150 3779 -

181 3803 315 3872 tincti
334 3803 476 3857 audisse.
