2622 4322
482 191 495 226 Ι

185 288 245 348 ses
290 285 292 298 ·
492 281 720 364 omnmonro
743 282 907 362 onasus

183 407 298 467 nomine
318 404 480 482 liudolpho,
501 413 563 467 arte
583 407 704 480 medico,
724 424 747 467 a
766 423 821 482 qno
843 409 873 465 in
894 405 1022 466 eiusdem
1043 404 1217 467 confessoris

183 495 256 554 sesto
292 493 384 554 dierat
416 495 565 568 invitatus,
600 496 630 552 in
667 511 766 554 mensa
780 491 795 573 ¹)
830 511 876 556 me
912 492 1046 553 audiente
1080 494 1217 553 recitavit

183 577 384 641 NOVICIUS:
414 580 488 656 Quia
522 580 610 640 huius
641 580 812 640 venerabilis
846 579 1001 639 sacerdotis
1028 579 1105 640 lama
1133 578 1218 638 valde

184 667 302 728 celebris
324 669 416 726 estin
437 668 509 726 urbe
531 666 657 741 Colonia,
677 673 761 743 peto,
792 673 826 726 ut
847 669 872 725 si
892 663 989 742 siliqua
1011 665 1047 724 de
1067 665 1116 725 illo
1144 667 1218 725 nosti

183 753 388 828 aedificatoria,
417 753 510 813 dicere
539 754 608 812 mihi
636 771 694 813 non
721 755 869 830 pigriteris.
911 751 1148 821 MONAcHUsz
1174 751 1217 811 llr

185 841 317 917 operibus
332 843 393 900 eius
409 840 535 915 plurimis
544 837 564 920 ²)
585 857 681 916 pauca
699 843 823 916 percepi,
844 857 918 914 quae
939 846 1035 900 tecum
1059 841 1218 899 communi·

150 941 159 960 ⁰
184 929 266 988 cabo.
307 923 416 1006 Duml)
441 927 487 986 die
509 927 633 1001 quadam
655 943 757 1002 corpus
778 927 895 986 Domini
926 926 1046 986 deferret
1067 929 1097 985 in
1124 925 1218 1004 pixide

175 1013 375 1075 adinfirmum
399 1013 673 1088 communicandum,
694 1020 723 1074 et
744 1014 904 1098 devenisset
923 1015 952 1072 in
973 1014 1100 1074 Stratam
1120 1013 1217 1073 Altam

185 1108 214 1162 et
234 1104 394 1177 angustam,
416 1117 503 1175 quam
517 1117 571 1176 ego
592 1103 705 1175 saepius
720 1100 872 1174 ambulavi,
894 1107 1026 1176 essetque
1038 1101 1137 1176 platea
1159 1102 1216 1159 eius

32 1231 36 1241 .
85 1261 89 1266 Ι
184 1190 267 1247 nimis
276 1187 372 1246 lutosa
381 1193 468 1262 atque
478 1183 654 1266 profundat),
667 1188 769 1246 obvios
779 1186 880 1246 habuit
890 1187 1135 1254 azinosfrumento
1147 1203 1216 1246 one·

184 1281 271 1335 ratos.
292 1273 375 1334 Sacci
389 1275 464 1332 enim
476 1275 614 1348 parietem
627 1291 661 1332 ox
676 1279 757 1348 parte
768 1291 826 1332 una
834 1271 854 1352 ⁵)
870 1275 1080 1350 contingebant,
1094 1292 1131 1333 ex
1145 1272 1216 1333 alte·

91 1354 93 1358 ’
184 1380 218 1421 ra
246 1361 391 1420 desirata
420 1360 626 1434 dependebant.
676 1352 820 1420 Scholaris
838 1376 923 1435 vero,
952 1363 1001 1435 qui
1027 1359 1218 1436 praecedebat

185 1445 279 1527 eume)
303 1464 369 1506 cum
389 1446 506 1521 laterna,
518 1463 623 1523 magno
646 1463 711 1506 curn
732 1446 840 1522 labore,
861 1463 937 1506 nunc
951 1449 1047 1506 acinos
1060 1447 1216 1523 impellens,

88 1595 91 1607 ,
184 1552 260 1595 nunc
287 1534 324 1593 ab
353 1535 423 1609 ipsis
450 1533 589 1609 impulsus
617 1536 806 1608 pertransivit.
848 1533 988 1594 Sacerdos
1009 1533 1083 1593 haec
1105 1533 1216 1604 videns,

186 1627 214 1682 et
235 1619 313 1697 quod
334 1623 378 1679 vir
401 1637 489 1680 senex
510 1625 586 1680 esset
607 1637 642 1680 ac
665 1619 764 1680 debilis
786 1620 976 1694 considerans,
996 1619 1104 1696 pallere
1126 1621 1216 1695 coepit

185 1725 220 1768 ae
241 1714 377 1782 tremere,
398 1709 500 1766 timens
521 1708 559 1766 ab
581 1710 669 1767 acinis
689 1707 809 1783 impelli,
831 1714 859 1766 et
880 1709 909 1764 in
929 1706 982 1766 luti
1002 1706 1077 1766 illius
1098 1707 1215 1784 profun-

159 1839 162 1848 ,
185 1796 303 1854 ditatam
324 1812 389 1854 cum
411 1800 589 1854 sacramento
610 1795 798 1869 praecipitari.
839 1793 964 1853 Necesse
987 1800 1048 1853 erat
1068 1801 1102 1853 ut
1123 1799 1214 1854 tenta·

184 1885 225 1942 tio
246 1881 311 1942 talis
331 1883 439 1940 iustum
459 1882 609 1957 probaret,
638 1887 778 1956 quatenus
799 1879 871 1940 fides
899 1883 960 1940 eius
981 1880 1104 1957 amplius
1126 1880 1215 1941 clare-

186 1974 286 2030 sceret.
330 1968 455 2028 Cemens
473 1968 630 2027 humanum
646 1967 745 2026 deesse
766 1967 911 2042 auxilium,
933 1968 970 2027 ab
993 1985 1131 2043 ecquem
1150 1984 1217 2043 por·
1288 1991 1292 2006 ⁴

186 2057 268 2117 tabat
287 2055 449 2131 inspiratus,
467 2054 580 2114 inhaec
601 2055 692 2113 verba
703 2055 847 2129 prorupit:
870 2054 945 2130 Quid
966 2061 1010 2114 est
1030 2055 1110 2130 quod
1130 2055 1218 2131 agitis,

187 2161 204 2202 o
227 2142 322 2202 acini?
371 2141 518 2216 Numquid
545 2159 603 2200 non
625 2140 809 2200 consideratis
832 2158 917 2217 quem
945 2147 1056 2218 gestem
1076 2143 1108 2200 in
1129 2141 1217 2200 mani·

186 2232 241 2290 bns
251 2226 294 2310 ²)‘l
325 2227 425 2302 State,
457 2227 620 2288 descendite
628 2225 666 2307 ³),
698 2229 764 2287 date
791 2227 929 2287 honorem
958 2227 1085 2288 Creatori
1116 2233 1218 2289 vestro.

186 2317 220 2376 ln
248 2318 310 2375 eius
338 2315 479 2390 siquidem
506 2317 621 2374 nomine
649 2315 732 2374 vobis
760 2317 912 2390 praecipio.
955 2314 1030 2374 Mira
1058 2313 1218 2375 obedientia

186 2402 351 2463 animalium
385 2403 541 2461 bmtorum.
595 2399 644 2460 Ad
679 2418 781 2461 vocem
817 2401 972 2460 sacerdotis
1006 2401 1090 2461 simul
1122 2416 1217 2462 omnes

186 2494 333 2564 steterunt,
354 2487 439 2547 simul
446 2485 467 2567 ⁹)
485 2486 700 2548 descenderunt.
742 2487 873 2548 Accessit
886 2488 1054 2548 miraculum
1074 2486 1217 2548 miraculo.

187 2576 261 2635 Cum
273 2581 349 2636 esset
363 2575 517 2660 descensus
534 2574 703 2649 laboriosus,
724 2592 782 2636 uon
796 2580 862 2633 sunt
882 2574 956 2650 lapsi
975 2576 1051 2644 sacci
1073 2576 1110 2636 de
1132 2573 1217 2634 dorsis

187 2665 331 2722 acinorum
346 2659 385 2740 ¹⁰).
414 2661 542 2737 Quomm
554 2661 745 2721 obedientiam
756 2663 800 2720 vir
812 2669 928 2721 sanctus
939 2661 1091 2737 admirans,
1108 2663 1217 2722 Deum-

188 2768 243 2826 que
280 2747 458 2825 glorifioans‚
486 2750 547 2808 sine
575 2748 700 2824 periculo
734 2748 771 2808 ad
801 2748 943 2808 infirmum
971 2751 1109 2824 pervenit
1156 2747 1217 2806 Hoc

186 2837 294 2896 lactum
330 2837 399 2894 satis
437 2835 548 2894 celebre
585 2841 629 2895 est
660 2852 750 2910 usque
778 2834 865 2894 hodie
893 2837 923 2893 in
952 2838 1066 2896 civitate
1095 2834 1216 2895 Colonia
1289 2855 1290 2862 ¹

188 2924 319 3000 Quantae
339 2922 423 2982 luerit
444 2922 625 2997 humilitatis,
649 2923 733 2981 lectio
755 2937 877 2996 sequens
900 2921 1063 2982 declarabit
1105 2921 1218 2983 Solebat

188 3029 223 3070 ex
237 3009 442 3070 consuetudine
459 3025 599 3086 pauperes
617 3010 655 3068 ad
675 3008 825 3084 prandium
847 3026 931 3068 snum
952 3026 1066 3069 vocare.
1109 3006 1217 3067 Inducti
1289 3017 1290 3022 ’

187 3101 254 3156 sunt
267 3095 313 3155 die
336 3096 461 3171 quadam
475 3096 541 3170 duo,
564 3113 599 3155 ex
621 3097 724 3172 quibus
746 3112 819 3153 nnus
841 3097 881 3154 ita
904 3100 965 3154 erat
985 3095 1122 3170 infirmus,
1141 3097 1217 3170 ipso-

189 3199 245 3259 que
265 3189 385 3259 aspectn
400 3189 459 3241 tam
479 3182 619 3254 horridus,
642 3191 674 3242 ut
695 3181 766 3241 alter
783 3198 853 3240 oum
873 3181 921 3242 illo
943 3183 1116 3242 manducare
1137 3195 1216 3240 reon-

188 3276 272 3330 saret
313 3269 422 3329 Fuerat
443 3271 484 3329 eis
509 3269 640 3329 mensula
662 3287 697 3330 ex
718 3270 848 3345 opposito
871 3268 1027 3329 sacerdotis
1043 3272 1216 3346 praeparata.

189 3356 274 3432 Quod
296 3373 362 3417 cum
375 3359 419 3416 vir
432 3355 489 3416 Dei
507 3355 722 3430 considerasset,
743 3371 900 3431 pauperem
926 3354 1093 3432 despectum
1114 3367 1216 3415 vocant

636 3555 646 3566 Ι

208 3580 238 3647 1)
256 3581 288 3631 in
305 3593 414 3630 mensa
432 3576 482 3629 add
498 3576 548 3630 BG.
568 3607 598 3616 -
617 3577 649 3643 2)
667 3577 816 3644 plurimis
834 3575 883 3629 add
901 3575 974 3629 ABD.
988 3607 1021 3615 -
1040 3577 1071 3644 3)
1089 3576 1127 3630 GP
1144 3586 1214 3625 cnm.

260 3677 290 3688 -
311 3646 569 3716 4JGimmunda3
592 3647 658 3697 conl.
677 3647 725 3708 lll,
747 3647 789 3700 51.
809 3677 839 3688 -
868 3647 900 3714 5)
918 3645 959 3698 BG
976 3661 1013 3696 ex
1039 3658 1101 3697 una
1127 3649 1216 3712 parts

258 3719 422 3787 parietem.
442 3716 518 3768 Paulo
536 3713 631 3783 post'c
648 3731 685 3766 ex
703 3715 808 3768 altera
826 3724 926 3784 parte.
946 3745 976 3754 -
996 3715 1029 3784 6)
1046 3732 1113 3768 eum
1126 3711 1175 3766 add
1189 3707 1214 3760 G.

260 3817 291 3828 -
310 3788 342 3856 7)
366 3786 430 3839 AllP
455 3784 601 3836 manibus
622 3787 711 3836 mois.
731 3814 759 3825 -
788 3786 820 3852 8)
838 3784 1012 3852 subintellige,
1035 3785 1068 3837 de
1090 3784 1170 3853 platea
1192 3779 1214 3829 in

258 3856 389 3909 lutum—
404 3855 436 3923 9)
453 3855 473 3908 Β
492 3853 586 3907 simul
604 3870 723 3907 omnes.
740 3885 772 3893 —
793 3855 842 3924 10)
859 3855 879 3908 Β
897 3869 1015 3906 eorum.

530 4059 533 4071 ¹
555 4093 570 4132 a
