2580 4316
152 298 172 354 2
563 293 785 360 PROLOGUS.

151 419 260 493 silium,
293 416 398 494 quibus
426 418 619 478 contradicere
650 419 760 480 licitum
787 425 920 481 nonest
969 416 1084 482 Memor
1105 417 1194 481 etiam

151 523 314 602 praedictae
350 524 508 582 sentcntiae
530 523 703 600 Salvatoris,
735 524 798 584 aliis
826 542 917 601 panes
945 526 1070 602 integros
1099 527 1193 586 turbis

129 639 132 644 ·
149 628 354 706 frangentibus,
375 627 405 685 id
426 634 478 701 est,
498 627 586 687 sortes
611 629 815 703 scripturarum
838 632 1021 706 quaestiones
1043 641 1193 706 exponen·-

149 733 236 806 tibus,
256 734 317 790 sive
340 729 542 791 excellentiora
562 732 692 791 moderni
713 735 849 810 temporis
870 740 936 793 acta
958 735 1147 794 scribentibus
1165 730 1193 813 ¹),

151 854 205 915 ego
234 837 324 894 micas
354 835 519 896 decidentes
545 835 698 914 colligens,
724 844 842 914 propter
862 839 978 914 inopes,
1010 856 1067 898 non
1089 840 1193 914 gratia,

150 942 202 1002 sed
222 940 384 1013 literatura,
405 939 556 999 duodecim
579 957 614 999 ex
637 941 678 999 eis
700 940 851 1017 sportellas
879 942 1004 1018 implevi.
1056 941 1193 1003 Totidem

151 1047 227 1106 enim
239 1042 466 1104 distinctionibus
482 1060 566 1104 omne
579 1041 601 1126 ²)
623 1059 696 1120 opus
719 1044 809 1104 divisi.
852 1045 950 1112 Pn'ma
972 1047 1114 1128 distipctio
1129 1048 1194 1123 agit

151 1149 187 1208 de
209 1149 404 1222 conversione,
426 1148 553 1206 secunda
575 1148 610 1208 ds
633 1151 815 1224 contritione,
837 1153 920 1208 tertia
942 1150 978 1209 de
1001 1149 1193 1224 consessione,

150 1259 253 1328 quarta
275 1252 310 1310 de
331 1254 497 1326 tentatione,
519 1253 619 1328 quinta
641 1251 676 1312 de
699 1251 902 1328 daemonibus,
924 1259 1007 1312 sexta
1028 1253 1064 1312 dc
1085 1254 1195 1313 virtute

149 1356 354 1433 simplicitatis,
376 1359 500 1433 septima
521 1356 557 1415 de
578 1357 666 1415 beata
687 1358 797 1432 virgine
818 1355 928 1431 Maria,
960 1364 1065 1416 octava
1087 1355 1123 1415 de
1144 1357 1195 1416 di·

150 1463 240 1521 versis
261 1461 432 1534 visionibus,
464 1477 542 1519 nona
568 1458 604 1520 de
633 1467 812 1520 sacramento
842 1463 967 1537 corporis
995 1467 1024 1519 et
1044 1461 1196 1538 sanguinis

151 1564 265 1640 Christi,
286 1564 398 1624 decima
420 1563 455 1623 de
476 1559 633 1639 miraculis,
655 1563 808 1624 undecima
830 1564 865 1640 de
886 1565 1088 1640 morientibus,
1115 1563 1195 1626 duo-

149 1667 262 1728 decima
284 1668 319 1727 de
341 1685 436 1745 poena
458 1674 487 1727 et
500 1663 521 1748 ³)
543 1667 634 1744 gloria
656 1675 844 1729 mortuorum.
891 1668 931 1728 Ut
952 1675 1049 1729 autem
1072 1685 1196 1745 compe·

148 1774 255 1831 tentius
276 1772 408 1848 exempla
436 1771 614 1847 ordinarem,
635 1789 715 1832 more
737 1772 843 1850 dialogi
865 1772 937 1832 duas
958 1771 1102 1830 introduxi
1121 1789 1195 1850 per·-

150 1895 253 1952 sonas,
281 1879 386 1936 novicii
407 1875 542 1935 videlicet
562 1879 761 1954 interrogantis
783 1884 812 1937 et
824 1877 958 1937 monachi
978 1876 1195 1953 respondentis:

148 1983 216 2056 quia
238 1979 306 2040 dum
328 1981 459 2040 dictantis
470 1977 492 2060 ⁸)
515 1997 620 2040 nomen
642 1984 752 2058 pagina
765 1965 923 2057 supprimit,
944 1981 1119 2040 detrahentis
1132 1980 1194 2040 lin-

149 2101 207 2162 gua
229 2087 311 2158 citius
335 2083 431 2144 deficit
452 2091 482 2144 et
503 2087 615 2144 arescit.
657 2085 795 2146 Attamen
823 2087 872 2161 qui
899 2102 1005 2144 nomen
1034 2087 1095 2144 cius
1116 2085 1193 2146 scire

148 2188 299 2263 desiderat,
319 2191 411 2263 prima
427 2187 639 2247 distinctionum
654 2187 796 2247 clementa
811 2191 976 2264 compingat
988 2184 1018 2268 ὅ).
1060 2187 1193 2248 Plurima

148 2295 234 2352 etiam
254 2294 359 2350 inserui
370 2288 391 2372 ε)
415 2309 489 2366 quae
511 2298 591 2350 extra
612 2291 741 2352 ordinem
764 2294 959 2374 contigerunt,
982 2308 1017 2354 eo
1040 2289 1117 2368 quod
1139 2307 1191 2349 es-

148 2403 212 2456 sent
233 2395 435 2471 sedificatoria,
458 2402 487 2455 et
507 2413 526 2454 a
547 2398 615 2455 viris
637 2396 785 2473 religiosis,
806 2399 880 2456 sicut
902 2402 931 2454 et
945 2394 1055 2471 reliqua
1067 2392 1097 2476 τ),
1118 2395 1192 2455 mihi

147 2503 274 2561 recitata.
317 2501 411 2560 Testis
435 2506 478 2559 est
499 2499 569 2558 mihi
589 2499 748 2576 Dominus,
781 2517 834 2560 ncc
855 2517 945 2558 unum
968 2500 1084 2575 quidem
1106 2501 1191 2576 capi·

147 2604 238 2663 tulurn
260 2607 290 2663 in
311 2605 367 2664 hoc
379 2603 506 2681 Dialogo
529 2621 576 2664 me
597 2604 722 2664 finxisse.
766 2603 851 2680 Quod
872 2603 1007 2679 sialiqua
1020 2601 1093 2662 sorte
1107 2603 1192 2662 aliter

148 2716 216 2768 sunt
236 2714 327 2785 gesta,
351 2725 438 2786 quam
452 2726 528 2768 ame
550 2712 664 2784 scripta,
686 2711 778 2786 msgls
799 2708 844 2767 his
854 2708 968 2768 videtur
987 2705 1190 2782 imputandum

148 2830 211 2874 csse
222 2811 254 2893 8),
275 2815 412 2888 aquibus
426 2813 496 2871 mihi
507 2819 574 2872 sunt
595 2813 686 2872 relata
697 2808 728 2893 ⁹).
770 2811 809 2871 Et
830 2815 899 2887 quia
911 2814 1084 2872 continentia
1100 2811 1189 2872 huius

44 2999 49 3022 ὀ
150 2917 267 2996 Dialogi
280 2911 539 2980 ‘sausmiracutosa
561 2923 613 2992 est,
634 2933 739 2976 nomeu
761 2918 787 2976 ei
800 2915 914 2976 indatur
925 2912 954 2998 ¹⁰)
975 2914 1117 2994 Dialogus
1126 2914 1189 2974 Mi-

148 3022 320 3085 raculorum.
362 3022 417 3082 Est
446 3029 475 3084 ct
495 3023 568 3080 ratio
591 3038 679 3096 quare
702 3021 896 3082 distinctiones
917 3022 959 3080 sic
979 3021 1036 3078 sint
1050 3016 1079 3102 ¹¹)
1107 3019 1189 3080 ordi-

164 3225 194 3294 1)
212 3223 290 3278 verbu
313 3225 436 3277 sive-
462 3222 691 3277 scribentibus
715 3237 757 3274 om
775 3221 805 3274 11.
825 3252 856 3262 -
875 3221 908 3290 2)
925 3221 946 3274 G
964 3231 1075 3276 totum.
1095 3249 1126 3264 ·-
1152 3221 1203 3293 3)'

214 3309 379 3371 oceano
397 3325 537 3362 necnon
555 3319 594 3361 et.
613 3339 645 3352 -
670 3309 702 3377 l]
727 3309 888 3363 dictantis
915 3308 1009 3361 dictum
1033 3324 1080 3377 pro
1103 3311 1187 3363 scri·

213 3399 339 3462 bentis,
356 3399 506 3449 auctoris.
527 3426 558 3436 -
579 3397 610 3465 5)
628 3398 723 3464 primae
741 3395 829 3448 literae
846 3395 979 3450 duodecim
996 3396 1185 3448 distinctionum

213 3487 361 3537 coniunctae
382 3492 575 3552 repraesentent
592 3483 641 3536 hoc
659 3482 785 3537 cusnitit
803 3481 919 3536 uiduus
939 3511 970 3524 --
995 3483 1027 3551 6)
1045 3483 1066 3537 Ο
1081 3486 1186 3535 iuter·
1286 3555 1287 3558 Ἴ

214 3573 398 3640 serui-7]
417 3572 437 3626 0
454 3580 617 3634 catecu-
637 3571 669 3638 8)
687 3570 707 3622 B
725 3572 824 3639 magls
842 3569 976 3622 videtur
993 3586 1066 3622 esse
1083 3572 1185 3638 impu·
1286 3611 1287 3620 ,

185 3647 187 3656 ’
213 3657 358 3722 candum,
382 3659 406 3710 b
433 3661 537 3727 magis
563 3657 697 3710 videtur
729 3658 778 3710 bis
803 3656 1029 3726 imputandum.
1047 3687 1080 3698 -
1105 3658 1137 3726 9)
1161 3657 1183 3710 Β

213 3747 366 3800 recitata.
380 3746 474 3815 -10)
492 3745 512 3798 Β
530 3760 644 3798 nornen
663 3753 713 3798 est
731 3744 872 3798 inditum
890 3747 975 3798 si.-·-
996 3745 1044 3814 11)
1062 3743 1081 3798 Ρ
1099 3753 1183 3799 suut.
