2538 4314
168 209 209 267 96
468 204 696 268 DISTINCTIO
710 205 895 267 SECUNDA

166 329 219 390 tadi
239 327 338 389 ordine
361 345 500 390 conversa
528 337 572 390 est
592 329 631 389 ad
645 321 747 388 'tidem
791 329 916 388 Clericus
938 326 1055 403 quddam
1074 326 1211 388 Rencnrs

167 418 291 490 nomine,
313 415 477 492 capellanus
492 417 584 476 Ducis
605 415 754 476 Lovauiac
770 413 796 496 ¹),
819 415 919 475 solitus
942 422 1003 474 erat
1023 417 1127 474 intrate
1150 413 1210 473 do·

170 521 250 562 mum
270 501 377 562 Judaci
399 503 526 563 ciusdem
555 505 693 578 civitatis,
723 510 752 562 et
779 503 923 578 disputare
946 519 1012 562 cum
1034 519 1068 560 eo
1091 501 1127 560 de
1149 499 1211 560 fide

172 590 341 649 Christiana.
382 590 521 650 Habebat
541 597 639 651 autem
661 590 749 650 tiliam
769 590 934 665 parvulam,
957 607 1031 664 quaa
1053 587 1137 648 valde
1161 588 1210 646 di-

169 676 290 753 ligenter
310 677 476 738 intendebat
498 678 695 754 disputationi,
727 677 886 737 secundum
908 679 1097 752 capacitatem
1120 675 1212 734 intel-

169 764 261 823 lectus
282 767 327 822 sui
346 764 508 840 ponderans
529 772 589 823 tam
610 764 700 823 verba
722 763 816 824 clerici
827 766 996 840 opponentis
1009 781 1096 839 quam
1117 762 1212 822 verba

167 850 274 910 Judaei
294 851 500 927 respondentis.
531 850 648 925 ‘sicque
675 854 780 910 sensim
808 868 859 926 per
888 851 1014 910 divinam
1041 851 1211 925 dispositio-

167 955 235 998 nem
262 939 445 997 imbuebatur
473 938 512 997 ad
538 936 626 998 fidem
655 938 834 996 catholicam.
877 937 971 997 Suasa
999 939 1085 996 ctiam
1106 953 1125 994 a
1147 936 1210 995 cle-

168 1027 236 1098 rico,
256 1033 365 1084 secrete
387 1033 492 1100 amen,
514 1027 635 1084 contrita
656 1031 700 1083 cst
720 1027 749 1083 in
771 1031 891 1099 tantum
912 1030 945 1082 ut
960 1024 1067 1083 diceret
1088 1023 1211 1082 sevclle

168 1112 315 1188 baptisari.
358 1111 497 1171 Adhibita
518 1120 562 1170 cst
583 1114 609 1170 ci
631 1111 738 1185 mulier,
761 1129 836 1187 quac
858 1114 918 1170 sinc
940 1119 1010 1170 nota
1023 1110 1149 1186 puellam
1172 1110 1210 1168 de

169 1199 254 1258 domo
282 1201 371 1273 patris
403 1198 545 1258 educeret.
589 1198 683 1274 Quam
710 1199 830 1257 clericus
859 1201 918 1257 iam
947 1198 1039 1257 dictus
1068 1198 1211 1272 baptizari

168 1286 250 1360 iecit,
270 1302 390 1359 eamque
404 1287 433 1343 in
448 1287 619 1344 monasterio
636 1285 740 1344 ordim's
755 1285 957 1359 Cistercicnsis,
976 1283 1053 1360 quod
1065 1285 1177 1343 Parcus
1187 1282 1209 1362 ²)

170 1371 290 1445 dicitur,
311 1372 426 1431 locavit
461 1372 583 1447 Cognita
605 1375 666 1431 cius
685 1375 886 1446 conversione,
907 1379 988 1446 pater
1009 1371 1130 1430 infidelis
1153 1370 1211 1430 do-

168 1457 230 1533 luit,
251 1457 371 1517 multam
392 1461 543 1534 pecuniam
560 1459 681 1518 offerens
703 1459 788 1533 Duci,
809 1467 951 1534 quatenus
972 1459 1026 1518 sibi
1047 1461 1212 1517 restitueret

168 1545 264 1620 filiam,
288 1562 375 1620 quam
395 1545 497 1604 furtive
513 1546 741 1620 conquerebatur
761 1545 849 1605 bruce
863 1545 1015 1604 sublatam.
1047 1545 1116 1603 Dux
1138 1563 1211 1604 vero

171 1649 237 1692 cum
259 1631 345 1691 vellet
365 1635 440 1708 patri
460 1635 610 1692 restituere
631 1633 727 1706 tiliam,
747 1631 863 1693 Judaeo
886 1632 993 1692 scilicet
1008 1632 1211 1707 Christianam,

171 1720 272 1778 restitit
293 1720 320 1777 ei
340 1716 517 1798 Walterus³)
541 1718 676 1794 clericus,
698 1719 811 1778 dicens:
831 1719 970 1793 Domine,
992 1721 1016 1778 si
1036 1719 1092 1778 hoc
1114 1718 1211 1779 scelus

172 1807 369 1865 commiseritis
391 1813 490 1866 contra
511 1806 607 1865 Deum
629 1812 659 1865 et
680 1824 820 1882 sponsam
839 1809 912 1881 eius,
940 1823 1088 1881 nunquam
1108 1805 1209 1866 salva-

171 1894 248 1952 bitur
268 1895 364 1952 anima
384 1900 490 1953 vestra.
531 1893 648 1952 Restitit
675 1896 701 1953 ei
728 1898 757 1952 at
785 1893 916 1952 dominus
937 1893 1083 1952 Walterus
1104 1892 1210 1954 Abbas

171 1979 347 2049 Vilariensis.
389 1980 500 2041 Videns
521 1978 652 2040 Judaeus
675 1997 707 2040 sc
727 1980 894 2039 frustratum
915 1997 976 2056 spe,
998 1997 1086 2056 quam
1106 1979 1210 2039 habuit

172 2083 241 2144 erga
256 2066 379 2142 Ducem,
401 2070 560 2143 corrupisse
583 2067 684 2128 dicitur
706 2066 852 2128 dominum
865 2067 1021 2143 Hugonem
1032 2067 1209 2143 Episcopum

171 2153 368 2214 Leodiensem.
413 2153 469 2230 Qui
496 2152 610 2214 Judaeo
641 2156 670 2212 in
700 2161 812 2214 tantm
837 2155 968 2227 favebat,
994 2160 1027 2212 ut
1056 2156 1209 2214 conventui

171 2240 431 2300 sanctimonialium
460 2241 496 2300 de
517 2241 610 2300 Pareo
624 2240 718 2300 ,literis
740 2244 799 2300 suis
820 2241 984 2315 mandaret,
1006 2247 1148 2316 quatenus
1168 2241 1209 2298 illi

172 2326 260 2388 filiam
289 2329 478 2386 restituerent.
520 2328 662 2388 Veniente
691 2345 760 2388 vero
792 2326 908 2388 Judaeo
937 2327 976 2387 ad
1002 2330 1062 2386 iam
1088 2325 1208 2406 tatami)

173 2414 343 2474 coenobium
370 2431 436 2474 curn
464 2417 563 2474 enticis
585 2421 615 2474 et
636 2418 764 2491 cognatis
791 2417 865 2490 suis,
893 2417 974 2490 virgo
1001 2415 1074 2474 infra
1099 2416 1211 2475 consti-

172 2507 243 2576 tuta,
266 2517 332 2560 cum
348 2500 384 2560 dc
395 2501 508 2560 illorum
529 2501 656 2561 adventu
677 2519 794 2578 prorsus
814 2502 855 2562 nil
875 2504 968 2576 sciret,
989 2505 1093 2562 sentire
1114 2504 1211 2578 coepit

172 2587 310 2648 foetorem
324 2605 475 2664 maguum,
495 2591 535 2647 ita
557 2595 589 2647 ut
602 2589 699 2664 palam
715 2588 834 2648 diceret:
855 2589 959 2650 Nescio
982 2589 1058 2648 unde
1079 2591 1124 2663 sit,
1144 2589 1210 2648 foc-

173 2682 218 2734 tor
246 2673 385 2734 Judaicus
407 2693 454 2735 mc
468 2682 578 2751 gravat.
621 2676 739 2734 Interim
760 2673 881 2735 Judaeis
902 2675 1083 2752 pulsantibus
1104 2675 1143 2735 ad
1163 2676 1210 2736 te-

172 2768 314 2835 nestram,
344 2779 410 2821 cum
430 2762 543 2838 puellae
566 2762 672 2822 diceret
692 2761 858 2837 Abbatissa,
878 2768 911 2822 ut
930 2768 1016 2837 puto:
1048 2762 1123 2821 Filia
1142 2762 1211 2823 Ka-

172 2848 292 2923 therina,
314 2851 355 2908 sic
376 2851 453 2908 enim
469 2856 574 2908 vocata
594 2849 647 2908 finit
667 2851 696 2908 in
718 2850 870 2925 baptismo,
891 2859 1024 2925 parentes
1045 2851 1094 2908 tui'
1108 2849 1211 2908 volunt

173 2943 202 2996 te
230 2934 343 3012 videre;
372 2936 519 3012 respondit
545 2935 607 2995 illa:
636 2935 713 2996 Ecce
740 2939 795 2996 iste
817 2943 860 2996 cst
890 2937 983 2996 foetor
1011 2953 1096 3012 quem
1124 2937 1212 2996 sensi.

173 3023 239 3082 Non
260 3022 366 3082 videbo
388 3022 460 3082 illos.
503 3023 541 3081 Et
568 3040 626 3082 non
655 3026 800 3099 acquievit
821 3026 905 3083 exire.
948 3022 1035 3082 Anno
1056 3025 1211 3098 praeterito

168 3115 324 3169 'accusatus
352 3110 404 3168 tuit
430 3109 507 3170 idem
532 3110 692 3186 Episcopus
717 3109 885 3170 Leodiensis
912 3127 965 3186 pro
997 3110 1099 3169 eadem
1120 3127 1212 3169 causa

174 3213 271 3256 coram
301 3195 414 3256 domino
442 3196 607 3273 Engilbcrto
636 3196 861 3274 Archiepiscopo
885 3196 1020 3257 Coloniae
1040 3200 1069 3256 in
1090 3196 1210 3273 Synodo

174 3285 244 3359 cius,
265 3289 294 3343 et
313 3290 499 3360 pracceptum
520 3285 573 3342 luit
594 3286 628 3358 ei,
656 3299 693 3344 na
715 3283 751 3344 de
774 3291 867 3344 cetero
888 3284 1053 3343 molestaret
1074 3284 1211 3360 supradi-

174 3377 252 3430 ctum
274 3371 444 3429 coenobium
469 3387 522 3446 pro
546 3370 643 3446 puella
664 3372 816 3447 baptizata
859 3371 940 3431 Tune
970 3371 1085 3447 quidem
1115 3371 1212 3430 subti-

174 3459 240 3532 cuit,
262 3456 313 3515 scd
333 3473 391 3516 non
407 3456 541 3517 obedivit.
584 3458 691 3518 Postea
711 3475 779 3517 vero
800 3458 887 3518 literis
909 3459 968 3517 suis
989 3458 1115 3534 puellam
1136 3460 1212 3518 cita—

193 3643 224 3712 1)
242 3641 281 3694 BP
298 3642 445 3694 Lovauil.
465 3673 495 3682 -
514 3643 546 3711 2)
563 3643 657 3696 Parcus
674 3644 843 3709 Dominarum,
865 3645 894 3696 le
911 3643 990 3698 Parc
1007 3660 1068 3696 aux
1084 3643 1212 3704 Deuca,
1259 3701 1260 3704 ,

63 3779 70 3789 Ι
184 3757 188 3762 .
243 3711 344 3763 abbatia
361 3712 454 3765 Galliac
473 3728 552 3780 prope
573 3714 671 3783 Creapy
694 3717 751 3768 sita.
771 3744 801 3756 -
822 3714 890 3785 aJP
914 3714 1063 3766 Renerus.
1085 3743 1114 3754 -
1139 3714 1211 3782 ¹00

245 3782 304 3833 iam
323 3782 508 3849 praelatum.

1253 4137 1258 4266 l
