2642 4330
145 287 207 350 eoo
355 287 358 293 ·
403 313 407 332 ι
457 277 684 348 orsrmorro
707 283 856 366 comm

145 411 220 470 circa
242 397 273 468 se
295 417 510 488 congregantes,
534 427 642 470 errores
664 429 732 470 suos
753 411 807 470 illis
828 410 1073 486 praedicaremnt.
1107 409 1184 488 Qui·
1214 465 1216 474 s

146 498 201 556 bns
224 513 289 555 cum
317 497 434 572 quidam
463 514 498 556 ex
515 497 636 556 rclericis
666 498 806 558 dicerent:
845 499 907 557 Vos
936 497 1057 574 domini,
1085 515 1182 559 nonne
1239 529 1245 536 ·

146 584 304 659 Apostolus
337 583 416 643 dicit:
457 585 611 662 Quomodo
639 585 865 660 praedicabunt,
887 589 943 644 niet
963 588 1123 644 minantur
1138 582 1203 657 ¹)?'

146 670 279 748 volumus
300 672 371 729 scire
394 673 456 745 quis
477 688 530 730 vos
552 673 657 730 miserit
684 671 741 731 huo
762 672 942 748 praedicare3
972 671 1183 748 respondemnt

146 756 199 842 illi:
227 757 356 833 Spiritus.
398 757 463 816 Non
494 761 569 817 enim
596 765 709 833 poterat
735 759 788 817 illis
810 759 970 835 Episcopus
998 761 1057 819 vim
1078 759 1181 818 inferre

146 852 262 920 propter
289 844 428 919 quosdam
448 851 579 920 potentes
602 847 739 920 civitatis,
772 847 821 920 qui
852 862 901 904 eos
930 848 959 903 in
989 844 1086 904 odium
1107 846 1180 921 Epi-

147 934 227 1008 scopi
247 929 391 1006 fovebant,
414 948 448 990 eo
471 931 548 1007 quod
569 932 713 1006 quendam
734 935 894 991 usurarium
907 931 1080 993 deiirnctum
1100 934 1181 1008 ipsc·

147 1036 211 1077 rum
232 1025 386 1094 cognatum
408 1017 444 1077 de
466 1021 536 1077 atrio
559 1018 696 1080 ecelesiae
717 1021 855 1078 eiecisset.
887 1019 1001 1078 Revera
1017 1021 1096 1078 missi
1115 1019 1181 1078 fue·

146 1112 211 1163 rant
231 1121 249 1164 a
270 1107 369 1180 spiritu
390 1108 504 1180 erroris,
530 1122 582 1181 per
603 1123 725 1180 quorum
747 1123 797 1165 ora
817 1106 951 1165 haereses
971 1105 1180 1183 Valdosian'ae,

147 1192 184 1250 ab
207 1208 373 1252 unoeorum
395 1194 435 1250 sio
458 1192 558 1266 dictae,
579 1195 608 1250 in
630 1193 731 1252 eadem
744 1195 857 1252 civitate
879 1200 945 1251 sunt
966 1195 1128 1267 seminatae,
1151 1201 1181 1252 et

146 1277 268 1337 necdum
289 1295 405 1353 prorsus
428 1282 582 1338 exstinctae
595 1275 625 1358 ²).
668 1277 871 1339 NOVICIUS:
893 1279 960 1339 Heu
972 1279 1049 1354 quod
1070 1279 1194 1339 rotho-¹

111 1375 115 1380 '
147 1363 191 1423 die
220 1365 353 1424 haereses
382 1371 447 1423 sunt
474 1368 503 1422 in
533 1365 661 1425 ecclesia.
703 1365 937 1426 MONACHUS:
967 1366 1032 1426 Hoc
1052 1367 1129 1426 furor
1151 1374 1181 1426 et

145 1451 253 1511 malitia
273 1451 379 1511 diaboli
401 1452 501 1511 effecit.

493 1607 724 1668 CAPITULUM
744 1609 833 1668 XXI.

468 1730 517 1789 De
537 1731 650 1788 homost
670 1725 860 1790 albicerium.

210 1852 399 1928 Temporibus
426 1851 584 1911 Innocentii
612 1851 711 1927 Papae
742 1851 969 1928 praedecessoris
999 1852 1098 1928 huius,
1130 1853 1181 1927 qui

144 1957 219 1998 nunc
240 1939 384 2014 Papatum
405 1944 490 2013 tenet,
511 1937 640 2012 Honorii,
662 1937 780 1998 durante
802 1939 896 1998 adhuc
918 1939 1079 2013 schismate,
1101 1939 1181 2013 quod

145 2033 206 2087 erat
226 2029 298 2086 iuter
318 2026 539 2102 Philippumet
510 2024 696 2084 etOttonem
717 2025 813 2102 Reges
834 2027 1044 2100 Romanomm,
1073 2025 1181 2085 diaboli

142 2113 250 2172 invidia
269 2113 402 2172 haereses
423 2112 602 2172 Albiensium
618 2119 772 2186 coeperunt
792 2112 940 2187 pullulare,
961 2112 1009 2172 vel
1029 2069 1063 2171 dt
1081 2115 1182 2172 verius

144 2199 247 2274 dicam,
267 2206 467 2260 maturescere.
511 2198 598 2258 Cuius
620 2201 693 2256 vires
716 2205 796 2258 erant
816 2205 876 2258 tam
897 2200 1019 2274 validae,
1040 2206 1072 2256 ut
1092 2215 1180 2258 omne

143 2289 265 2346 triticum
293 2286 360 2347 fidei
388 2289 481 2362 gentis
501 2286 576 2344 illius
597 2303 712 2345 versum
733 2285 878 2345 videretur
898 2288 927 2344 in
947 2286 1046 2344 lolium
1068 2287 1181 2344 erroris.

141 2373 224 2432 Missi
243 2379 310 2432 sunt
329 2372 460 2432 Abbates
482 2373 586 2430 ordinis
607 2375 694 2430 nostri
723 2389 788 2432 cum
821 2371 992 2448 quibusdam
1013 2371 1180 2448 Episcopis,

143 2462 192 2535 qui
213 2461 321 2519 zizania
347 2467 437 2518 rastro
466 2459 622 2518 catholicae
651 2458 870 2534 praedicationis
892 2459 1076 2518 eradicarent.
1118 2458 1180 2518 Sed

87 2615 90 2620 ¹
143 2547 297 2606 obsistente
318 2545 433 2604 homine
453 2547 580 2620 inimico,
608 2547 657 2620 qui
677 2545 725 2603 illa
747 2547 951 2620 seminaverat,
972 2544 1116 2604 modicum
1137 2546 1181 2605 ibi

141 2634 329 2709 proiecerunt.
370 2631 573 2692 NOVICIUS:
604 2631 673 2707 Quis
694 2632 746 2690 luit
767 2649 845 2690 error
866 2630 1000 2694 illorum?
1042 2629 1180 2692 MONA-

143 2719 259 2780 CHUS:
289 2716 470 2798 Quaedam)
498 2719 713 2778 haeresiarchae
743 2735 842 2778 eorum
870 2718 1043 2794 collegerant
1070 2725 1181 2794 puncta

142 2824 178 2868 ex
200 2808 331 2867 docmate
342 2805 513 2880 Manichaei,
533 2803 675 2880 quaedam
697 2822 731 2863 ex
754 2807 901 2886 erroribus,
923 2823 997 2880 quae
1018 2807 1047 2864 in
1060 2805 1180 2864 Perier-

142 2894 216 2953 chon
237 2896 383 2970 scripsisse
404 2893 492 2952 iertur
514 2890 666 2967 Origenes,
694 2891 816 2966 plurima
838 2895 935 2966 etiam,
969 2909 1042 2967 quae
1065 2891 1100 2951 de
1122 2910 1179 2952 suo
1246 2897 1249 2908 “

61 3045 63 3050 ,
143 2981 227 3042 corde
248 2982 389 3040 finxerant
409 2979 581 3038 adiicientes.
603 2977 670 3036 Duo
684 2978 802 3037 credunt
824 2997 889 3038 cum
902 2978 1073 3038 Manichaeo
1094 2981 1179 3054 prin-

140 3069 229 3145 cipia,
251 3068 335 3128 deum
356 3068 465 3126 bonum
487 3071 515 3124 et
531 3065 617 3124 deum
637 3064 759 3139 malum,
779 3065 809 3123 id
831 3072 888 3140 est,
912 3065 1066 3140 diabolum,
1089 3083 1179 3140 quem

140 3148 237 3215 dicunt
249 3157 345 3215 omnia
359 3171 453 3212 creare
469 3165 595 3227 corpora,
619 3153 692 3209 sicut
706 3152 791 3210 deum
814 3154 922 3212 bonum
937 3169 1034 3211 omnes
1056 3155 1179 3212 animas.

139 3241 342 3302 NOVICIUS:
371 3240 490 3316 Moyses
520 3245 548 3296 et
575 3254 694 3313 corpora
721 3245 749 3298 et
775 3241 885 3297 animas
908 3239 1057 3298 confirmat
1077 3238 1179 3299 Deum

140 3347 266 3404 creasse,
289 3329 400 3387 dicens:
421 3323 578 3385 Formoott
599 3325 682 3384 Deus
703 3327 857 3398 honitatem,
879 3325 908 3383 id
931 3332 983 3399 cst,
1005 3342 1117 3400 corpus,
1140 3327 1179 3386 da

139 3417 208 3475 limo
232 3423 335 3488 meroe,
359 3421 386 3472 cl
407 3415 561 3488 inspiravit
583 3417 616 3469 tn
634 3411 742 3487 facian
765 3416 826 3471 occa
847 3413 1029 3488 spirocmom
1050 3408 1177 3486 cited),

137 3502 166 3561 id
189 3510 240 3578 est,
258 3505 393 3562 animam.
421 3497 657 3558 MONAOHUS:
681 3498 845 3574 SiMoysen
868 3504 896 3556 et
917 3498 1077 3573 Prophetas
1099 3501 1177 3558 reoi-

137 3597 244 3665 petent,
266 3588 400 3647 haeretici
421 3603 479 3644 non
491 3591 593 3645 essen
616 3583 773 3661 Corporum
795 3587 1029 3645 resurrectionem
1051 3593 1176 3662 negant3

154 3723 273 3794 lJliom
285 3723 326 3784 lo
345 3722 429 3774 15
441 3713 960 3788 tJBclaeresisValdosranak-
974 3718 1108 3771 dicta-
1123 3731 1175 3774 est

205 3794 414 3844 seminata-
447 3790 672 3841 exstincta—
698 3787 1022 3858 3)chu1damluc
1047 3790 1174 3858 etpaulo

204 3870 319 3929 post.—
291 3860 371 3929 -4)
390 3860 479 3913 Genes
498 3859 523 3924 2,
542 3861 566 3910 7.
