<?xml version="1.0" encoding="UTF-8"?>
<!DOCTYPE html PUBLIC "-//W3C//DTD XHTML 1.0 Transitional//EN"
    "http://www.w3.org/TR/xhtml1/DTD/xhtml1-transitional.dtd">
<html xmlns="http://www.w3.org/1999/xhtml" xml:lang="en" lang="en">
 <head>
  <title>
</title>
<meta http-equiv="Content-Type" content="text/html;charset=utf-8" />
  <meta name='ocr-system' content='tesseract 3.04.00' />
  <meta name='ocr-capabilities' content='ocr_page ocr_carea ocr_par ocr_line ocrx_word'/>
</head>
<body>
  <div class='ocr_page' id='page_1' title='image "./caesariiheister05stragoog/caesariiheister05stragoog_0084.png"; bbox 0 0 2580 4316; ppageno 0'>
   <div class='ocr_carea' id='block_1_1' title="bbox 416 281 1226 348">
    <p class='ocr_par' dir='ltr' id='par_1_1' title="bbox 416 281 1226 348">
     <span class='ocr_line' id='line_1_1' title="bbox 416 281 1226 348; baseline 0.007 -5"><span class='ocrx_word' id='word_1_1' title='bbox 416 283 483 344; x_wconf 84' lang='lat' dir='ltr'>DE</span> <span class='ocrx_word' id='word_1_2' title='bbox 508 281 780 347; x_wconf 67' lang='lat' dir='ltr'>commmoda.</span> <span class='ocrx_word' id='word_1_3' title='bbox 1083 287 1124 348; x_wconf 83' lang='grc'>69</span> <span class='ocrx_word' id='word_1_4' title='bbox 1223 331 1226 336; x_wconf 50' lang='lat'>2</span> 
     </span>
    </p>
   </div>
   <div class='ocr_carea' id='block_1_2' title="bbox 82 401 1125 748">
    <p class='ocr_par' dir='ltr' id='par_1_2' title="bbox 82 401 1125 748">
     <span class='ocr_line' id='line_1_2' title="bbox 82 401 1125 486; baseline 0.007 -23"><span class='ocrx_word' id='word_1_5' title='bbox 82 419 137 463; x_wconf 82' lang='lat' dir='ltr'>cnm</span> <span class='ocrx_word' id='word_1_6' title='bbox 153 401 241 463; x_wconf 90' lang='lat' dir='ltr'>adhuc</span> <span class='ocrx_word' id='word_1_7' title='bbox 262 405 416 466; x_wconf 89' lang='lat' dir='ltr'>miserum</span> <span class='ocrx_word' id='word_1_8' title='bbox 431 406 559 482; x_wconf 88' lang='lat' dir='ltr'>amplius</span> <span class='ocrx_word' id='word_1_9' title='bbox 572 409 744 486; x_wconf 86' lang='lat' dir='ltr'>interrogare</span> <span class='ocrx_word' id='word_1_10' title='bbox 758 407 854 484; x_wconf 87' lang='lat' dir='ltr'>vellet,</span> <span class='ocrx_word' id='word_1_11' title='bbox 875 407 1037 485; x_wconf 83' lang='lat' dir='ltr'>respondit:</span> <span class='ocrx_word' id='word_1_12' title='bbox 1058 408 1125 470; x_wconf 87' lang='lat' dir='ltr'>Non</span> 
     </span>
     <span class='ocr_line' id='line_1_3' title="bbox 83 489 1123 570; baseline 0.01 -22"><span class='ocrx_word' id='word_1_13' title='bbox 83 489 138 549; x_wconf 91' lang='lat' dir='ltr'>licet</span> <span class='ocrx_word' id='word_1_14' title='bbox 153 491 216 549; x_wconf 94' lang='lat' dir='ltr'>mibi</span> <span class='ocrx_word' id='word_1_15' title='bbox 236 491 285 550; x_wconf 92' lang='lat' dir='ltr'>hic</span> <span class='ocrx_word' id='word_1_16' title='bbox 309 493 431 554; x_wconf 91' lang='lat' dir='ltr'>diutius</span> <span class='ocrx_word' id='word_1_17' title='bbox 453 496 573 569; x_wconf 86' lang='lat' dir='ltr'>morari,</span> <span class='ocrx_word' id='word_1_18' title='bbox 600 498 666 570; x_wconf 93' lang='lat' dir='ltr'>qnia</span> <span class='ocrx_word' id='word_1_19' title='bbox 687 496 768 554; x_wconf 90' lang='lat' dir='ltr'>multi</span> <span class='ocrx_word' id='word_1_20' title='bbox 791 497 945 555; x_wconf 88' lang='lat' dir='ltr'>daemones</span> <span class='ocrx_word' id='word_1_21' title='bbox 966 496 1034 558; x_wconf 87' lang='lat' dir='ltr'>foris</span> <span class='ocrx_word' id='word_1_22' title='bbox 1056 503 1123 558; x_wconf 82' lang='lat' dir='ltr'>anto</span> 
     </span>
     <span class='ocr_line' id='line_1_4' title="bbox 85 579 1124 658; baseline 0.009 -24"><span class='ocrx_word' id='word_1_23' title='bbox 85 579 171 636; x_wconf 88' lang='lat' dir='ltr'>ostium</span> <span class='ocrx_word' id='word_1_24' title='bbox 189 579 416 653; x_wconf 83' lang='lat' dir='ltr'><strong>praestolantur</strong></span> <span class='ocrx_word' id='word_1_25' title='bbox 437 581 564 640; x_wconf 89' lang='lat' dir='ltr'>reditum</span> <span class='ocrx_word' id='word_1_26' title='bbox 584 600 688 641; x_wconf 87' lang='lat' dir='ltr'>meum</span> <span class='ocrx_word' id='word_1_27' title='bbox 731 582 796 643; x_wconf 89' lang='lat' dir='ltr'>Hoc</span> <span class='ocrx_word' id='word_1_28' title='bbox 827 583 919 658; x_wconf 88' lang='lat' dir='ltr'>dieto,</span> <span class='ocrx_word' id='word_1_29' title='bbox 949 584 1045 642; x_wconf 88' lang='lat' dir='ltr'>statim</span> <span class='ocrx_word' id='word_1_30' title='bbox 1066 585 1124 643; x_wconf 92' lang='lat' dir='ltr'>im·</span> 
     </span>
     <span class='ocr_line' id='line_1_5' title="bbox 86 663 1122 748; baseline 0.008 -26"><span class='ocrx_word' id='word_1_31' title='bbox 86 663 166 740; x_wconf 86' lang='lat' dir='ltr'>pulsus</span> <span class='ocrx_word' id='word_1_32' title='bbox 186 673 213 724; x_wconf 90' lang='lat' dir='ltr'>et</span> <span class='ocrx_word' id='word_1_33' title='bbox 234 667 384 741; x_wconf 90' lang='lat' dir='ltr'>expulsus</span> <span class='ocrx_word' id='word_1_34' title='bbox 411 687 482 728; x_wconf 88' lang='lat' dir='ltr'>eum</span> <span class='ocrx_word' id='word_1_35' title='bbox 504 668 621 728; x_wconf 84' lang='lat' dir='ltr'>stridore</span> <span class='ocrx_word' id='word_1_36' title='bbox 644 675 672 728; x_wconf 90' lang='lat' dir='ltr'>et</span> <span class='ocrx_word' id='word_1_37' title='bbox 693 668 805 728; x_wconf 86' lang='lat' dir='ltr'>ululatu</span> <span class='ocrx_word' id='word_1_38' title='bbox 822 666 838 748; x_wconf 85' lang='lat'>¹)</span> <span class='ocrx_word' id='word_1_39' title='bbox 860 671 1005 745; x_wconf 86' lang='lat' dir='ltr'>maximo,</span> <span class='ocrx_word' id='word_1_40' title='bbox 1027 670 1065 729; x_wconf 89' lang='lat' dir='ltr'>ab</span> <span class='ocrx_word' id='word_1_41' title='bbox 1088 687 1122 730; x_wconf 86' lang='lat' dir='ltr'>eo</span> 
     </span>
    </p>
   </div>
   <div class='ocr_carea' id='block_1_3' title="bbox 86 751 1124 3336">
    <p class='ocr_par' dir='ltr' id='par_1_3' title="bbox 86 751 1124 3336">
     <span class='ocr_line' id='line_1_6' title="bbox 87 751 1123 832; baseline 0.006 -22"><span class='ocrx_word' id='word_1_42' title='bbox 87 751 208 827; x_wconf 79' lang='lat' dir='ltr'>discessit,</span> <span class='ocrx_word' id='word_1_43' title='bbox 235 757 450 831; x_wconf 82' lang='lat' dir='ltr'>transiensque</span> <span class='ocrx_word' id='word_1_44' title='bbox 476 773 558 814; x_wconf 89' lang='lat' dir='ltr'>secus</span> <span class='ocrx_word' id='word_1_45' title='bbox 579 756 737 831; x_wconf 84' lang='lat' dir='ltr'>stabulum,</span> <span class='ocrx_word' id='word_1_46' title='bbox 766 757 916 830; x_wconf 87' lang='lat' dir='ltr'>animalia,</span> <span class='ocrx_word' id='word_1_47' title='bbox 937 758 1011 815; x_wconf 90' lang='lat' dir='ltr'>sieut</span> <span class='ocrx_word' id='word_1_48' title='bbox 1030 758 1123 832; x_wconf 90' lang='lat' dir='ltr'>prius,</span> 
     </span>
     <span class='ocr_line' id='line_1_7' title="bbox 86 839 1123 918; baseline 0.008 -22"><span class='ocrx_word' id='word_1_49' title='bbox 86 839 110 896; x_wconf 90' lang='lat' dir='ltr'>in</span> <span class='ocrx_word' id='word_1_50' title='bbox 126 845 264 914; x_wconf 87' lang='lat' dir='ltr'>stuporem</span> <span class='ocrx_word' id='word_1_51' title='bbox 288 847 320 900; x_wconf 83' lang='lat' dir='ltr'>et</span> <span class='ocrx_word' id='word_1_52' title='bbox 336 844 566 901; x_wconf 82' lang='lat' dir='ltr'>commotionem</span> <span class='ocrx_word' id='word_1_53' title='bbox 579 845 724 902; x_wconf 87' lang='lat' dir='ltr'>convertit.</span> <span class='ocrx_word' id='word_1_54' title='bbox 757 843 929 918; x_wconf 90' lang='lat' dir='ltr'>Bertolpbus</span> <span class='ocrx_word' id='word_1_55' title='bbox 942 861 1008 902; x_wconf 91' lang='lat' dir='ltr'>vero</span> <span class='ocrx_word' id='word_1_56' title='bbox 1022 846 1123 904; x_wconf 87' lang='lat' dir='ltr'>timore</span> 
     </span>
     <span class='ocr_line' id='line_1_8' title="bbox 88 926 1123 1005; baseline 0.006 -22"><span class='ocrx_word' id='word_1_57' title='bbox 88 932 135 984; x_wconf 87' lang='lat' dir='ltr'>tarn</span> <span class='ocrx_word' id='word_1_58' title='bbox 152 926 312 986; x_wconf 83' lang='lat' dir='ltr'>horrendae</span> <span class='ocrx_word' id='word_1_59' title='bbox 336 932 464 988; x_wconf 86' lang='lat' dir='ltr'>visionis</span> <span class='ocrx_word' id='word_1_60' title='bbox 477 928 622 988; x_wconf 85' lang='lat' dir='ltr'>saeculum</span> <span class='ocrx_word' id='word_1_61' title='bbox 636 929 767 1005; x_wconf 76' lang='lat' dir='ltr'>deseruit,</span> <span class='ocrx_word' id='word_1_62' title='bbox 790 938 818 989; x_wconf 91' lang='lat' dir='ltr'>et</span> <span class='ocrx_word' id='word_1_63' title='bbox 838 932 868 988; x_wconf 89' lang='lat' dir='ltr'>in</span> <span class='ocrx_word' id='word_1_64' title='bbox 891 929 976 989; x_wconf 90' lang='lat' dir='ltr'>domo</span> <span class='ocrx_word' id='word_1_65' title='bbox 997 930 1123 1004; x_wconf 84' lang='lat' dir='ltr'>quadam</span> 
     </span>
     <span class='ocr_line' id='line_1_9' title="bbox 89 1012 1123 1096; baseline 0.005 -25"><span class='ocrx_word' id='word_1_66' title='bbox 89 1012 175 1072; x_wconf 89' lang='lat' dir='ltr'>ordinis</span> <span class='ocrx_word' id='word_1_67' title='bbox 195 1018 295 1090; x_wconf 89' lang='lat' dir='ltr'>nostri,</span> <span class='ocrx_word' id='word_1_68' title='bbox 320 1033 402 1090; x_wconf 89' lang='lat' dir='ltr'>quae</span> <span class='ocrx_word' id='word_1_69' title='bbox 424 1022 547 1076; x_wconf 85' lang='lat' dir='ltr'>vocatur</span> <span class='ocrx_word' id='word_1_70' title='bbox 568 1015 756 1075; x_wconf 90' lang='lat' dir='ltr'>Hersethusin</span> <span class='ocrx_word' id='word_1_71' title='bbox 769 1013 806 1096; x_wconf 85' lang='lat'>²),</span> <span class='ocrx_word' id='word_1_72' title='bbox 827 1016 970 1092; x_wconf 82' lang='lat' dir='ltr'>religionis</span> <span class='ocrx_word' id='word_1_73' title='bbox 992 1016 1123 1076; x_wconf 81' lang='lat' dir='ltr'>habitum</span> 
     </span>
     <span class='ocr_line' id='line_1_10' title="bbox 90 1099 1123 1178; baseline 0.006 -20"><span class='ocrx_word' id='word_1_74' title='bbox 90 1102 203 1176; x_wconf 87' lang='lat' dir='ltr'>suscepit</span> <span class='ocrx_word' id='word_1_75' title='bbox 247 1101 360 1161; x_wconf 87' lang='lat' dir='ltr'>Abbas</span> <span class='ocrx_word' id='word_1_76' title='bbox 384 1103 444 1163; x_wconf 90' lang='lat' dir='ltr'>loci</span> <span class='ocrx_word' id='word_1_77' title='bbox 467 1099 556 1176; x_wconf 85' lang='lat' dir='ltr'>illius,</span> <span class='ocrx_word' id='word_1_78' title='bbox 578 1121 611 1163; x_wconf 93' lang='lat' dir='ltr'>eo</span> <span class='ocrx_word' id='word_1_79' title='bbox 636 1103 713 1178; x_wconf 92' lang='lat' dir='ltr'>quod</span> <span class='ocrx_word' id='word_1_80' title='bbox 734 1103 922 1164; x_wconf 88' lang='lat' dir='ltr'>intellexisset</span> <span class='ocrx_word' id='word_1_81' title='bbox 944 1120 1010 1162; x_wconf 90' lang='lat' dir='ltr'>eum</span> <span class='ocrx_word' id='word_1_82' title='bbox 1030 1106 1123 1164; x_wconf 85' lang='lat' dir='ltr'>virum</span> 
     </span>
     <span class='ocr_line' id='line_1_11' title="bbox 90 1188 1123 1266; baseline 0.005 -21"><span class='ocrx_word' id='word_1_83' title='bbox 90 1188 303 1248; x_wconf 52' lang='lat' dir='ltr'>esse2literatum</span> <span class='ocrx_word' id='word_1_84' title='bbox 326 1197 358 1248; x_wconf 89' lang='lat' dir='ltr'>et</span> <span class='ocrx_word' id='word_1_85' title='bbox 374 1191 568 1265; x_wconf 89' lang='lat' dir='ltr'>eloquentem,</span> <span class='ocrx_word' id='word_1_86' title='bbox 588 1197 621 1248; x_wconf 90' lang='lat' dir='ltr'>ut</span> <span class='ocrx_word' id='word_1_87' title='bbox 643 1193 669 1249; x_wconf 91' lang='lat' dir='ltr'>ei</span> <span class='ocrx_word' id='word_1_88' title='bbox 683 1190 721 1248; x_wconf 88' lang='lat' dir='ltr'>ad</span> <span class='ocrx_word' id='word_1_89' title='bbox 732 1190 845 1249; x_wconf 89' lang='lat' dir='ltr'>ordines</span> <span class='ocrx_word' id='word_1_90' title='bbox 866 1189 965 1248; x_wconf 89' lang='lat' dir='ltr'>liceret</span> <span class='ocrx_word' id='word_1_91' title='bbox 977 1190 1123 1266; x_wconf 86' lang='lat' dir='ltr'>accedere,</span> 
     </span>
     <span class='ocr_line' id='line_1_12' title="bbox 92 1276 1123 1352; baseline 0.004 -20"><span class='ocrx_word' id='word_1_92' title='bbox 92 1277 147 1333; x_wconf 86' lang='lat' dir='ltr'>satis</span> <span class='ocrx_word' id='word_1_93' title='bbox 165 1276 241 1351; x_wconf 89' lang='lat' dir='ltr'>apud</span> <span class='ocrx_word' id='word_1_94' title='bbox 265 1277 422 1336; x_wconf 93' lang='lat' dir='ltr'>dominum</span> <span class='ocrx_word' id='word_1_95' title='bbox 444 1277 557 1352; x_wconf 91' lang='lat' dir='ltr'>Papam</span> <span class='ocrx_word' id='word_1_96' title='bbox 578 1276 777 1336; x_wconf 87' lang='lat' dir='ltr'>Innocentium</span> <span class='ocrx_word' id='word_1_97' title='bbox 797 1277 948 1350; x_wconf 87' lang='lat' dir='ltr'>laboravit,</span> <span class='ocrx_word' id='word_1_98' title='bbox 970 1277 1022 1336; x_wconf 90' lang='lat' dir='ltr'>sed</span> <span class='ocrx_word' id='word_1_99' title='bbox 1045 1277 1123 1336; x_wconf 88' lang='lat' dir='ltr'>obti-</span> 
     </span>
     <span class='ocr_line' id='line_1_13' title="bbox 91 1363 1124 1439; baseline 0.004 -21"><span class='ocrx_word' id='word_1_100' title='bbox 91 1378 144 1420; x_wconf 89' lang='lat' dir='ltr'>nere</span> <span class='ocrx_word' id='word_1_101' title='bbox 163 1380 219 1421; x_wconf 93' lang='lat' dir='ltr'>non</span> <span class='ocrx_word' id='word_1_102' title='bbox 239 1367 349 1439; x_wconf 89' lang='lat' dir='ltr'>potuit.</span> <span class='ocrx_word' id='word_1_103' title='bbox 392 1363 474 1422; x_wconf 88' lang='lat' dir='ltr'>Ante</span> <span class='ocrx_word' id='word_1_104' title='bbox 495 1363 551 1422; x_wconf 92' lang='lat' dir='ltr'>hoc</span> <span class='ocrx_word' id='word_1_105' title='bbox 573 1365 726 1438; x_wconf 85' lang='lat' dir='ltr'>biennium,</span> <span class='ocrx_word' id='word_1_106' title='bbox 748 1367 822 1423; x_wconf 88' lang='lat' dir='ltr'>sieut</span> <span class='ocrx_word' id='word_1_107' title='bbox 843 1364 912 1422; x_wconf 91' lang='lat' dir='ltr'>mihi</span> <span class='ocrx_word' id='word_1_108' title='bbox 925 1363 1021 1423; x_wconf 91' lang='lat' dir='ltr'>retulit</span> <span class='ocrx_word' id='word_1_109' title='bbox 1042 1364 1124 1423; x_wconf 88' lang='lat' dir='ltr'>Prior</span> 
     </span>
     <span class='ocr_line' id='line_1_14' title="bbox 91 1446 1123 1530; baseline 0.002 -24"><span class='ocrx_word' id='word_1_110' title='bbox 91 1446 119 1507; x_wconf 88' lang='lat' dir='ltr'>de</span> <span class='ocrx_word' id='word_1_111' title='bbox 137 1447 242 1525; x_wconf 83' lang='lat' dir='ltr'>Campo</span> <span class='ocrx_word' id='word_1_112' title='bbox 254 1448 287 1530; x_wconf 83' lang='lat'>³),</span> <span class='ocrx_word' id='word_1_113' title='bbox 309 1453 342 1510; x_wconf 91' lang='lat' dir='ltr'>in</span> <span class='ocrx_word' id='word_1_114' title='bbox 364 1467 464 1524; x_wconf 88' lang='lat' dir='ltr'>manu,</span> <span class='ocrx_word' id='word_1_115' title='bbox 487 1468 573 1525; x_wconf 90' lang='lat' dir='ltr'>quam</span> <span class='ocrx_word' id='word_1_116' title='bbox 588 1450 754 1510; x_wconf 84' lang='lat' dir='ltr'>extenderat</span> <span class='ocrx_word' id='word_1_117' title='bbox 767 1458 874 1510; x_wconf 87' lang='lat' dir='ltr'>temere</span> <span class='ocrx_word' id='word_1_118' title='bbox 888 1450 926 1511; x_wconf 88' lang='lat' dir='ltr'>ad</span> <span class='ocrx_word' id='word_1_119' title='bbox 947 1469 1045 1510; x_wconf 87' lang='lat' dir='ltr'>arcam</span> <span class='ocrx_word' id='word_1_120' title='bbox 1057 1450 1123 1526; x_wconf 89' lang='lat' dir='ltr'>Dei,</span> 
     </span>
     <span class='ocr_line' id='line_1_15' title="bbox 91 1537 1123 1614; baseline 0.002 -21"><span class='ocrx_word' id='word_1_121' title='bbox 91 1537 183 1610; x_wconf 89' lang='lat' dir='ltr'>morbo,</span> <span class='ocrx_word' id='word_1_122' title='bbox 206 1541 258 1612; x_wconf 87' lang='lat' dir='ltr'>qui</span> <span class='ocrx_word' id='word_1_123' title='bbox 277 1538 407 1596; x_wconf 87' lang='lat' dir='ltr'>anthrax</span> <span class='ocrx_word' id='word_1_124' title='bbox 429 1537 540 1611; x_wconf 87' lang='lat' dir='ltr'>dicitur,</span> <span class='ocrx_word' id='word_1_125' title='bbox 561 1540 677 1613; x_wconf 89' lang='lat' dir='ltr'>punitus</span> <span class='ocrx_word' id='word_1_126' title='bbox 700 1544 752 1596; x_wconf 82' lang='lat' dir='ltr'>est</span> <span class='ocrx_word' id='word_1_127' title='bbox 796 1538 877 1614; x_wconf 85' lang='lat' dir='ltr'>Quae</span> <span class='ocrx_word' id='word_1_128' title='bbox 895 1555 960 1596; x_wconf 90' lang='lat' dir='ltr'>oum</span> <span class='ocrx_word' id='word_1_129' title='bbox 983 1540 1017 1613; x_wconf 91' lang='lat' dir='ltr'>ei,</span> <span class='ocrx_word' id='word_1_130' title='bbox 1039 1540 1123 1613; x_wconf 88' lang='lat' dir='ltr'>quasi</span> 
     </span>
     <span class='ocr_line' id='line_1_16' title="bbox 91 1623 1123 1700; baseline 0.005 -21"><span class='ocrx_word' id='word_1_131' title='bbox 91 1638 134 1696; x_wconf 92' lang='lat' dir='ltr'>pro</span> <span class='ocrx_word' id='word_1_132' title='bbox 151 1625 283 1698; x_wconf 89' lang='lat' dir='ltr'>remedio,</span> <span class='ocrx_word' id='word_1_133' title='bbox 309 1642 345 1684; x_wconf 91' lang='lat' dir='ltr'>eo</span> <span class='ocrx_word' id='word_1_134' title='bbox 369 1624 451 1699; x_wconf 92' lang='lat' dir='ltr'>quod</span> <span class='ocrx_word' id='word_1_135' title='bbox 471 1625 587 1684; x_wconf 90' lang='lat' dir='ltr'>morbus</span> <span class='ocrx_word' id='word_1_136' title='bbox 610 1642 726 1700; x_wconf 87' lang='lat' dir='ltr'>serpens</span> <span class='ocrx_word' id='word_1_137' title='bbox 749 1627 798 1699; x_wconf 87' lang='lat' dir='ltr'>sit,</span> <span class='ocrx_word' id='word_1_138' title='bbox 821 1625 1031 1700; x_wconf 85' lang='lat' dir='ltr'>abscideretur,</span> <span class='ocrx_word' id='word_1_139' title='bbox 1052 1623 1123 1684; x_wconf 91' lang='lat' dir='ltr'>nihil</span> 
     </span>
     <span class='ocr_line' id='line_1_17' title="bbox 92 1707 1123 1791; baseline 0.004 -25"><span class='ocrx_word' id='word_1_140' title='bbox 92 1707 122 1766; x_wconf 92' lang='lat' dir='ltr'>illi</span> <span class='ocrx_word' id='word_1_141' title='bbox 138 1711 245 1786; x_wconf 82' lang='lat' dir='ltr'>proluit,</span> <span class='ocrx_word' id='word_1_142' title='bbox 267 1715 330 1770; x_wconf 92' lang='lat' dir='ltr'>imo</span> <span class='ocrx_word' id='word_1_143' title='bbox 347 1711 441 1770; x_wconf 89' lang='lat' dir='ltr'>dolori</span> <span class='ocrx_word' id='word_1_144' title='bbox 455 1711 536 1770; x_wconf 90' lang='lat' dir='ltr'>dolor</span> <span class='ocrx_word' id='word_1_145' title='bbox 557 1711 680 1786; x_wconf 89' lang='lat' dir='ltr'>additus,</span> <span class='ocrx_word' id='word_1_146' title='bbox 701 1719 823 1770; x_wconf 90' lang='lat' dir='ltr'>mortem</span> <span class='ocrx_word' id='word_1_147' title='bbox 844 1708 938 1791; x_wconf 65' lang='lat' dir='ltr'>ainsi)</span> <span class='ocrx_word' id='word_1_148' title='bbox 960 1715 1055 1787; x_wconf 90' lang='lat' dir='ltr'>potius</span> <span class='ocrx_word' id='word_1_149' title='bbox 1070 1728 1123 1770; x_wconf 88' lang='lat' dir='ltr'>ec·</span> 
     </span>
     <span class='ocr_line' id='line_1_18' title="bbox 94 1795 1122 1878; baseline 0.002 -24"><span class='ocrx_word' id='word_1_150' title='bbox 94 1796 216 1857; x_wconf 84' lang='lat' dir='ltr'>celeravit.</span> <span class='ocrx_word' id='word_1_151' title='bbox 261 1799 367 1858; x_wconf 92' lang='lat' dir='ltr'>Voluit</span> <span class='ocrx_word' id='word_1_152' title='bbox 383 1815 458 1857; x_wconf 85' lang='lat' dir='ltr'>eum</span> <span class='ocrx_word' id='word_1_153' title='bbox 478 1797 559 1862; x_wconf 87' lang='lat' dir='ltr'>Deus</span> <span class='ocrx_word' id='word_1_154' title='bbox 572 1795 601 1878; x_wconf 84' lang='lat'>⁵),</span> <span class='ocrx_word' id='word_1_155' title='bbox 623 1817 644 1856; x_wconf 93' lang='lat' dir='ltr'>u</span> <span class='ocrx_word' id='word_1_156' title='bbox 678 1815 774 1873; x_wconf 91' lang='lat' dir='ltr'>spero,</span> <span class='ocrx_word' id='word_1_157' title='bbox 796 1801 896 1874; x_wconf 90' lang='lat' dir='ltr'>punire</span> <span class='ocrx_word' id='word_1_158' title='bbox 916 1799 945 1856; x_wconf 92' lang='lat' dir='ltr'>in</span> <span class='ocrx_word' id='word_1_159' title='bbox 966 1799 1122 1873; x_wconf 84' lang='lat' dir='ltr'>praesenti,</span> 
     </span>
     <span class='ocr_line' id='line_1_19' title="bbox 93 1884 1121 1960; baseline 0.001 -20"><span class='ocrx_word' id='word_1_160' title='bbox 93 1899 122 1942; x_wconf 87' lang='lat' dir='ltr'>ne</span> <span class='ocrx_word' id='word_1_161' title='bbox 137 1887 245 1960; x_wconf 90' lang='lat' dir='ltr'>puniret</span> <span class='ocrx_word' id='word_1_162' title='bbox 267 1888 300 1944; x_wconf 92' lang='lat' dir='ltr'>in</span> <span class='ocrx_word' id='word_1_163' title='bbox 321 1887 429 1943; x_wconf 84' lang='lat' dir='ltr'>futuro.</span> <span class='ocrx_word' id='word_1_164' title='bbox 471 1885 547 1944; x_wconf 86' lang='lat' dir='ltr'>Eece</span> <span class='ocrx_word' id='word_1_165' title='bbox 573 1888 628 1944; x_wconf 88' lang='lat' dir='ltr'>iste</span> <span class='ocrx_word' id='word_1_166' title='bbox 650 1884 760 1945; x_wconf 82' lang='lat' dir='ltr'>villicus</span> <span class='ocrx_word' id='word_1_167' title='bbox 783 1884 899 1959; x_wconf 86' lang='lat' dir='ltr'>cecidit,</span> <span class='ocrx_word' id='word_1_168' title='bbox 928 1892 956 1944; x_wconf 91' lang='lat' dir='ltr'>et</span> <span class='ocrx_word' id='word_1_169' title='bbox 976 1903 1035 1944; x_wconf 90' lang='lat' dir='ltr'>non</span> <span class='ocrx_word' id='word_1_170' title='bbox 1056 1903 1121 1944; x_wconf 88' lang='lat' dir='ltr'>sur-</span> 
     </span>
     <span class='ocr_line' id='line_1_20' title="bbox 94 1969 1122 2047; baseline 0.002 -19"><span class='ocrx_word' id='word_1_171' title='bbox 94 1973 158 2028; x_wconf 84' lang='lat' dir='ltr'>rexit.</span> <span class='ocrx_word' id='word_1_172' title='bbox 198 1972 313 2032; x_wconf 86' lang='lat' dir='ltr'>Sinon</span> <span class='ocrx_word' id='word_1_173' title='bbox 337 1971 501 2046; x_wconf 90' lang='lat' dir='ltr'>cecidisset,</span> <span class='ocrx_word' id='word_1_174' title='bbox 522 1989 706 2047; x_wconf 90' lang='lat' dir='ltr'>nequaquam</span> <span class='ocrx_word' id='word_1_175' title='bbox 728 1972 879 2030; x_wconf 90' lang='lat' dir='ltr'>damnatus</span> <span class='ocrx_word' id='word_1_176' title='bbox 900 1972 1007 2030; x_wconf 85' lang='lat' dir='ltr'>suisset</span> <span class='ocrx_word' id='word_1_177' title='bbox 1049 1969 1122 2030; x_wconf 91' lang='lat' dir='ltr'>NO-</span> 
     </span>
     <span class='ocr_line' id='line_1_21' title="bbox 94 2052 1123 2134; baseline 0.001 -19"><span class='ocrx_word' id='word_1_178' title='bbox 94 2055 222 2118; x_wconf 81' lang='lat' dir='ltr'>VICIUS:</span> <span class='ocrx_word' id='word_1_179' title='bbox 244 2061 293 2118; x_wconf 87' lang='lat' dir='ltr'>Ex</span> <span class='ocrx_word' id='word_1_180' title='bbox 315 2059 403 2116; x_wconf 91' lang='lat' dir='ltr'>huius</span> <span class='ocrx_word' id='word_1_181' title='bbox 425 2075 520 2134; x_wconf 90' lang='lat' dir='ltr'>poena</span> <span class='ocrx_word' id='word_1_182' title='bbox 540 2052 695 2134; x_wconf 86' lang='lat' dir='ltr'>perpendo,</span> <span class='ocrx_word' id='word_1_183' title='bbox 718 2076 804 2134; x_wconf 90' lang='lat' dir='ltr'>quam</span> <span class='ocrx_word' id='word_1_184' title='bbox 821 2058 1013 2133; x_wconf 81' lang='lat' dir='ltr'>periculosum</span> <span class='ocrx_word' id='word_1_185' title='bbox 1035 2061 1071 2116; x_wconf 92' lang='lat' dir='ltr'>sit</span> <span class='ocrx_word' id='word_1_186' title='bbox 1093 2060 1123 2116; x_wconf 92' lang='lat' dir='ltr'>in</span> 
     </span>
     <span class='ocr_line' id='line_1_22' title="bbox 94 2144 1122 2220; baseline 0.002 -18"><span class='ocrx_word' id='word_1_187' title='bbox 94 2146 188 2204; x_wconf 86' lang='lat' dir='ltr'>mortali</span> <span class='ocrx_word' id='word_1_188' title='bbox 207 2163 329 2206; x_wconf 89' lang='lat' dir='ltr'>manere</span> <span class='ocrx_word' id='word_1_189' title='bbox 351 2151 483 2220; x_wconf 89' lang='lat' dir='ltr'>peccato.</span> <span class='ocrx_word' id='word_1_190' title='bbox 524 2144 759 2204; x_wconf 83' lang='lat' dir='ltr'><strong>MONACHUS:</strong></span> <span class='ocrx_word' id='word_1_191' title='bbox 782 2145 863 2204; x_wconf 87' lang='lat' dir='ltr'>Scias</span> <span class='ocrx_word' id='word_1_192' title='bbox 877 2163 935 2218; x_wconf 88' lang='lat' dir='ltr'>non</span> <span class='ocrx_word' id='word_1_193' title='bbox 951 2145 1044 2204; x_wconf 92' lang='lat' dir='ltr'>solum</span> <span class='ocrx_word' id='word_1_194' title='bbox 1059 2161 1122 2204; x_wconf 90' lang='lat' dir='ltr'>esse</span> 
     </span>
     <span class='ocr_line' id='line_1_23' title="bbox 94 2231 1123 2308; baseline -0.001 -17"><span class='ocrx_word' id='word_1_195' title='bbox 94 2233 285 2308; x_wconf 85' lang='lat' dir='ltr'>periculosum,</span> <span class='ocrx_word' id='word_1_196' title='bbox 307 2232 361 2291; x_wconf 89' lang='lat' dir='ltr'>sed</span> <span class='ocrx_word' id='word_1_197' title='bbox 385 2237 414 2292; x_wconf 91' lang='grc'>51</span> <span class='ocrx_word' id='word_1_198' title='bbox 436 2231 613 2292; x_wconf 87' lang='lat' dir='ltr'>damnosum.</span> <span class='ocrx_word' id='word_1_199' title='bbox 657 2232 853 2292; x_wconf 89' lang='lat' dir='ltr'>Periculosum</span> <span class='ocrx_word' id='word_1_200' title='bbox 876 2238 932 2307; x_wconf 91' lang='lat' dir='ltr'>est,</span> <span class='ocrx_word' id='word_1_201' title='bbox 961 2235 1028 2307; x_wconf 91' lang='lat' dir='ltr'>quia</span> <span class='ocrx_word' id='word_1_202' title='bbox 1050 2233 1123 2290; x_wconf 88' lang='lat' dir='ltr'>sieut</span> 
     </span>
     <span class='ocr_line' id='line_1_24' title="bbox 94 2316 1122 2394; baseline 0.002 -20"><span class='ocrx_word' id='word_1_203' title='bbox 94 2316 163 2378; x_wconf 84' lang='lat' dir='ltr'>febris</span> <span class='ocrx_word' id='word_1_204' title='bbox 183 2328 271 2380; x_wconf 87' lang='lat' dir='ltr'>acuta</span> <span class='ocrx_word' id='word_1_205' title='bbox 300 2337 333 2378; x_wconf 88' lang='lat' dir='ltr'>se</span> <span class='ocrx_word' id='word_1_206' title='bbox 364 2319 454 2376; x_wconf 88' lang='lat' dir='ltr'>habet</span> <span class='ocrx_word' id='word_1_207' title='bbox 481 2319 519 2380; x_wconf 90' lang='lat' dir='ltr'>ad</span> <span class='ocrx_word' id='word_1_208' title='bbox 548 2325 683 2393; x_wconf 88' lang='lat' dir='ltr'>mortem,</span> <span class='ocrx_word' id='word_1_209' title='bbox 712 2322 751 2377; x_wconf 92' lang='lat' dir='ltr'>ita</span> <span class='ocrx_word' id='word_1_210' title='bbox 772 2318 891 2378; x_wconf 87' lang='lat' dir='ltr'>mortale</span> <span class='ocrx_word' id='word_1_211' title='bbox 912 2325 1061 2394; x_wconf 90' lang='lat' dir='ltr'>peccatum</span> <span class='ocrx_word' id='word_1_212' title='bbox 1084 2317 1122 2376; x_wconf 89' lang='lat' dir='ltr'>ed</span> 
     </span>
     <span class='ocr_line' id='line_1_25' title="bbox 95 2405 1123 2482; baseline 0.001 -19"><span class='ocrx_word' id='word_1_213' title='bbox 95 2405 254 2482; x_wconf 67' lang='lat' dir='ltr'>gebennam</span> <span class='ocrx_word' id='word_1_214' title='bbox 280 2407 453 2465; x_wconf 90' lang='lat' dir='ltr'>damnosum</span> <span class='ocrx_word' id='word_1_215' title='bbox 475 2413 587 2480; x_wconf 88' lang='lat' dir='ltr'>autem,</span> <span class='ocrx_word' id='word_1_216' title='bbox 610 2408 678 2480; x_wconf 92' lang='lat' dir='ltr'>quia</span> <span class='ocrx_word' id='word_1_217' title='bbox 699 2406 834 2481; x_wconf 90' lang='lat' dir='ltr'>quicquid</span> <span class='ocrx_word' id='word_1_218' title='bbox 855 2409 967 2464; x_wconf 90' lang='lat' dir='ltr'>interim</span> <span class='ocrx_word' id='word_1_219' title='bbox 988 2411 1123 2482; x_wconf 89' lang='lat' dir='ltr'>peccator</span> 
     </span>
     <span class='ocr_line' id='line_1_26' title="bbox 96 2491 1122 2568; baseline 0.001 -18"><span class='ocrx_word' id='word_1_220' title='bbox 96 2491 150 2550; x_wconf 90' lang='lat' dir='ltr'>boni</span> <span class='ocrx_word' id='word_1_221' title='bbox 168 2495 243 2568; x_wconf 82' lang='lat' dir='ltr'>lacit,</span> <span class='ocrx_word' id='word_1_222' title='bbox 263 2499 360 2552; x_wconf 89' lang='lat' dir='ltr'>totum</span> <span class='ocrx_word' id='word_1_223' title='bbox 381 2492 483 2566; x_wconf 89' lang='lat' dir='ltr'>perdit.</span> <span class='ocrx_word' id='word_1_224' title='bbox 525 2492 603 2551; x_wconf 88' lang='lat' dir='ltr'>Nihil</span> <span class='ocrx_word' id='word_1_225' title='bbox 623 2492 689 2552; x_wconf 92' lang='lat' dir='ltr'>inde</span> <span class='ocrx_word' id='word_1_226' title='bbox 702 2500 834 2552; x_wconf 90' lang='lat' dir='ltr'>aeternae</span> <span class='ocrx_word' id='word_1_227' title='bbox 856 2493 995 2552; x_wconf 87' lang='lat' dir='ltr'>mercedis</span> <span class='ocrx_word' id='word_1_228' title='bbox 1018 2509 1122 2552; x_wconf 88' lang='lat' dir='ltr'>conse-</span> 
     </span>
     <span class='ocr_line' id='line_1_27' title="bbox 97 2578 1122 2654; baseline 0.002 -18"><span class='ocrx_word' id='word_1_229' title='bbox 97 2581 183 2652; x_wconf 89' lang='lat' dir='ltr'>quitur.</span> <span class='ocrx_word' id='word_1_230' title='bbox 223 2579 431 2640; x_wconf 86' lang='lat' dir='ltr'>NOVICIUS:</span> <span class='ocrx_word' id='word_1_231' title='bbox 454 2578 566 2654; x_wconf 85' lang='lat' dir='ltr'>Quaero</span> <span class='ocrx_word' id='word_1_232' title='bbox 583 2582 677 2654; x_wconf 89' lang='lat' dir='ltr'>etiam,</span> <span class='ocrx_word' id='word_1_233' title='bbox 699 2587 794 2638; x_wconf 90' lang='lat' dir='ltr'>utrum</span> <span class='ocrx_word' id='word_1_234' title='bbox 816 2598 899 2639; x_wconf 88' lang='lat' dir='ltr'>casus</span> <span class='ocrx_word' id='word_1_235' title='bbox 921 2583 957 2639; x_wconf 91' lang='grc'>511</span> <span class='ocrx_word' id='word_1_236' title='bbox 979 2597 1015 2638; x_wconf 88' lang='lat' dir='ltr'>ex</span> <span class='ocrx_word' id='word_1_237' title='bbox 1037 2578 1122 2654; x_wconf 87' lang='lat' dir='ltr'>culpa</span> 
     </span>
     <span class='ocr_line' id='line_1_28' title="bbox 97 2663 1121 2743; baseline 0.002 -21"><span class='ocrx_word' id='word_1_238' title='bbox 97 2663 201 2726; x_wconf 89' lang='lat' dir='ltr'>hominis</span> <span class='ocrx_word' id='word_1_239' title='bbox 214 2669 372 2743; x_wconf 84' lang='lat' dir='ltr'>peccantis,</span> <span class='ocrx_word' id='word_1_240' title='bbox 394 2665 442 2724; x_wconf 86' lang='lat' dir='ltr'>vel</span> <span class='ocrx_word' id='word_1_241' title='bbox 464 2684 499 2724; x_wconf 86' lang='lat' dir='ltr'>ex</span> <span class='ocrx_word' id='word_1_242' title='bbox 518 2669 670 2726; x_wconf 88' lang='lat' dir='ltr'>occasione</span> <span class='ocrx_word' id='word_1_243' title='bbox 692 2669 800 2742; x_wconf 84' lang='lat' dir='ltr'>gratiae</span> <span class='ocrx_word' id='word_1_244' title='bbox 820 2665 1000 2726; x_wconf 75' lang='lat' dir='ltr'>recedentis?</span> <span class='ocrx_word' id='word_1_245' title='bbox 1043 2664 1121 2724; x_wconf 89' lang='grc' dir='ltr'>ΜΟ-</span> 
     </span>
     <span class='ocr_line' id='line_1_29' title="bbox 98 2749 1122 2829; baseline 0.002 -19"><span class='ocrx_word' id='word_1_246' title='bbox 98 2749 252 2814; x_wconf 75' lang='lat' dir='ltr'>incude:</span> <span class='ocrx_word' id='word_1_247' title='bbox 281 2754 476 2828; x_wconf 88' lang='lat' dir='ltr'>Nequaquam</span> <span class='ocrx_word' id='word_1_248' title='bbox 502 2753 611 2812; x_wconf 90' lang='lat' dir='ltr'>homini</span> <span class='ocrx_word' id='word_1_249' title='bbox 632 2754 941 2829; x_wconf 33' lang='lat' dir='ltr'>,subtrahiturgratia</span> <span class='ocrx_word' id='word_1_250' title='bbox 968 2754 1023 2812; x_wconf 92' lang='lat' dir='ltr'>nisi</span> <span class='ocrx_word' id='word_1_251' title='bbox 1043 2755 1122 2828; x_wconf 88' lang='lat' dir='ltr'>prius</span> 
     </span>
     <span class='ocr_line' id='line_1_30' title="bbox 98 2839 1122 2917; baseline 0.002 -21"><span class='ocrx_word' id='word_1_252' title='bbox 98 2841 233 2912; x_wconf 87' lang='lat' dir='ltr'>praecedat</span> <span class='ocrx_word' id='word_1_253' title='bbox 262 2841 366 2915; x_wconf 82' lang='lat' dir='ltr'>culpa3</span> <span class='ocrx_word' id='word_1_254' title='bbox 400 2839 525 2914; x_wconf 88' lang='lat' dir='ltr'>alioquin</span> <span class='ocrx_word' id='word_1_255' title='bbox 554 2843 657 2898; x_wconf 91' lang='lat' dir='ltr'>merito</span> <span class='ocrx_word' id='word_1_256' title='bbox 686 2840 881 2899; x_wconf 83' lang='lat' dir='ltr'>refunderetur</span> <span class='ocrx_word' id='word_1_257' title='bbox 910 2846 1061 2917; x_wconf 89' lang='lat' dir='ltr'>peccatum</span> <span class='ocrx_word' id='word_1_258' title='bbox 1091 2842 1122 2898; x_wconf 91' lang='lat' dir='ltr'>in</span> 
     </span>
     <span class='ocr_line' id='line_1_31' title="bbox 100 2925 1121 3004; baseline 0.002 -21"><span class='ocrx_word' id='word_1_259' title='bbox 100 2935 225 2986; x_wconf 89' lang='lat' dir='ltr'>auctorem</span> <span class='ocrx_word' id='word_1_260' title='bbox 257 2930 369 3004; x_wconf 80' lang='lat' dir='ltr'>gratiae</span> <span class='ocrx_word' id='word_1_261' title='bbox 402 2926 506 2986; x_wconf 87' lang='lat' dir='ltr'>Deum.</span> <span class='ocrx_word' id='word_1_262' title='bbox 559 2925 767 2987; x_wconf 83' lang='lat' dir='ltr'>NOVICIUS:</span> <span class='ocrx_word' id='word_1_263' title='bbox 800 2927 900 2986; x_wconf 84' lang='lat' dir='ltr'>Placet</span> <span class='ocrx_word' id='word_1_264' title='bbox 933 2926 1010 3002; x_wconf 92' lang='lat' dir='ltr'>quod</span> <span class='ocrx_word' id='word_1_265' title='bbox 1043 2926 1121 2985; x_wconf 91' lang='lat' dir='ltr'>dicis.</span> 
     </span>
     <span class='ocr_line' id='line_1_32' title="bbox 100 3010 1121 3088; baseline 0.001 -17"><span class='ocrx_word' id='word_1_266' title='bbox 100 3010 315 3074; x_wconf 84' lang='lat' dir='ltr'>llOllACHUS:</span> <span class='ocrx_word' id='word_1_267' title='bbox 338 3013 474 3072; x_wconf 89' lang='lat' dir='ltr'>Delectat</span> <span class='ocrx_word' id='word_1_268' title='bbox 493 3021 522 3073; x_wconf 93' lang='lat' dir='ltr'>te</span> <span class='ocrx_word' id='word_1_269' title='bbox 546 3014 644 3073; x_wconf 90' lang='lat' dir='ltr'>audire</span> <span class='ocrx_word' id='word_1_270' title='bbox 666 3014 760 3074; x_wconf 88' lang='lat' dir='ltr'>adhue</span> <span class='ocrx_word' id='word_1_271' title='bbox 782 3014 818 3073; x_wconf 95' lang='lat' dir='ltr'>de</span> <span class='ocrx_word' id='word_1_272' title='bbox 840 3013 895 3082; x_wconf 81' lang='lat' dir='ltr'>alio</span> <span class='ocrx_word' id='word_1_273' title='bbox 918 3014 1043 3088; x_wconf 90' lang='lat' dir='ltr'>quodam</span> <span class='ocrx_word' id='word_1_274' title='bbox 1064 3015 1121 3072; x_wconf 91' lang='lat' dir='ltr'>mi-</span> 
     </span>
     <span class='ocr_line' id='line_1_33' title="bbox 103 3101 1121 3179; baseline 0.004 -23"><span class='ocrx_word' id='word_1_275' title='bbox 103 3115 160 3174; x_wconf 87' lang='lat' dir='ltr'>sero,</span> <span class='ocrx_word' id='word_1_276' title='bbox 178 3105 222 3176; x_wconf 90' lang='lat' dir='ltr'>qui</span> <span class='ocrx_word' id='word_1_277' title='bbox 241 3107 362 3177; x_wconf 90' lang='lat' dir='ltr'>propter</span> <span class='ocrx_word' id='word_1_278' title='bbox 384 3118 466 3179; x_wconf 78' lang='lat' dir='ltr'>suam</span> <span class='ocrx_word' id='word_1_279' title='bbox 488 3101 603 3176; x_wconf 87' lang='lat' dir='ltr'>culpam</span> <span class='ocrx_word' id='word_1_280' title='bbox 617 3117 742 3175; x_wconf 88' lang='lat' dir='ltr'>poenam</span> <span class='ocrx_word' id='word_1_281' title='bbox 764 3103 819 3160; x_wconf 89' lang='lat' dir='ltr'>sibi</span> <span class='ocrx_word' id='word_1_282' title='bbox 840 3103 869 3158; x_wconf 92' lang='lat' dir='ltr'>in</span> <span class='ocrx_word' id='word_1_283' title='bbox 882 3101 1014 3177; x_wconf 83' lang='lat' dir='ltr'>gebenna</span> <span class='ocrx_word' id='word_1_284' title='bbox 1035 3117 1121 3176; x_wconf 85' lang='lat' dir='ltr'>prae-</span> 
     </span>
     <span class='ocr_line' id='line_1_34' title="bbox 104 3186 1120 3264; baseline 0.004 -21"><span class='ocrx_word' id='word_1_285' title='bbox 104 3194 210 3258; x_wconf 83' lang='lat' dir='ltr'>paratam</span> <span class='ocrx_word' id='word_1_286' title='bbox 230 3189 320 3262; x_wconf 87' lang='lat' dir='ltr'>vidit,</span> <span class='ocrx_word' id='word_1_287' title='bbox 343 3193 431 3263; x_wconf 88' lang='lat' dir='ltr'>atque</span> <span class='ocrx_word' id='word_1_288' title='bbox 453 3190 489 3248; x_wconf 89' lang='lat' dir='ltr'>ab</span> <span class='ocrx_word' id='word_1_289' title='bbox 511 3189 609 3246; x_wconf 81' lang='lat' dir='ltr'>inferis</span> <span class='ocrx_word' id='word_1_290' title='bbox 629 3187 760 3264; x_wconf 88' lang='lat' dir='ltr'>rediens,</span> <span class='ocrx_word' id='word_1_291' title='bbox 782 3191 927 3264; x_wconf 87' lang='lat' dir='ltr'>poenitere</span> <span class='ocrx_word' id='word_1_292' title='bbox 949 3186 1120 3248; x_wconf 82' lang='lat' dir='ltr'>contemsit?</span> 
     </span>
     <span class='ocr_line' id='line_1_35' title="bbox 104 3269 413 3336; baseline 0.006 -6"><span class='ocrx_word' id='word_1_293' title='bbox 104 3269 283 3336; x_wconf 82' lang='lat' dir='ltr'>NOVICIUS:</span> <span class='ocrx_word' id='word_1_294' title='bbox 306 3275 413 3333; x_wconf 87' lang='lat' dir='ltr'>Etiam.</span> 
     </span>
    </p>
   </div>
   <div class='ocr_carea' id='block_1_4' title="bbox 121 3576 1121 3910">
    <p class='ocr_par' dir='ltr' id='par_1_4' title="bbox 121 3576 1121 3909">
     <span class='ocr_line' id='line_1_36' title="bbox 121 3576 1120 3649; baseline 0.006 -21"><span class='ocrx_word' id='word_1_295' title='bbox 121 3576 145 3647; x_wconf 82' lang='lat' dir='ltr'>l)</span> <span class='ocrx_word' id='word_1_296' title='bbox 158 3579 195 3632; x_wconf 80' lang='lat' dir='ltr'>tc</span> <span class='ocrx_word' id='word_1_297' title='bbox 210 3581 347 3634; x_wconf 85' lang='lat' dir='ltr'>eiulatu.</span> <span class='ocrx_word' id='word_1_298' title='bbox 368 3595 399 3621; x_wconf 69' lang='lat'>2—</span> <span class='ocrx_word' id='word_1_299' title='bbox 422 3583 454 3649; x_wconf 85' lang='lat'>2)</span> <span class='ocrx_word' id='word_1_300' title='bbox 483 3581 670 3643; x_wconf 79' lang='lat' dir='ltr'>Hersethusen,</span> <span class='ocrx_word' id='word_1_301' title='bbox 697 3583 868 3647; x_wconf 87' lang='lat' dir='ltr'>Harthausen,</span> <span class='ocrx_word' id='word_1_302' title='bbox 891 3584 1070 3635; x_wconf 85' lang='lat' dir='ltr'>monasterium</span> <span class='ocrx_word' id='word_1_303' title='bbox 1093 3584 1120 3634; x_wconf 91' lang='lat' dir='ltr'>in</span> 
     </span>
     <span class='ocr_line' id='line_1_37' title="bbox 160 3649 1121 3722; baseline 0.003 -21"><span class='ocrx_word' id='word_1_304' title='bbox 160 3649 307 3718; x_wconf 77' lang='lat' dir='ltr'>Episcopatu</span> <span class='ocrx_word' id='word_1_305' title='bbox 332 3650 527 3705; x_wconf 81' lang='lat' dir='ltr'>Pederbornensi</span> <span class='ocrx_word' id='word_1_306' title='bbox 551 3668 631 3720; x_wconf 89' lang='lat' dir='ltr'>propo</span> <span class='ocrx_word' id='word_1_307' title='bbox 649 3653 775 3722; x_wconf 85' lang='lat' dir='ltr'>Warburg</span> <span class='ocrx_word' id='word_1_308' title='bbox 793 3654 875 3704; x_wconf 86' lang='lat' dir='ltr'>situm.</span> <span class='ocrx_word' id='word_1_309' title='bbox 894 3683 926 3692; x_wconf 87' lang='lat'>-—</span> <span class='ocrx_word' id='word_1_310' title='bbox 954 3654 986 3720; x_wconf 83' lang='grc'>3)</span> <span class='ocrx_word' id='word_1_311' title='bbox 1003 3652 1121 3720; x_wconf 76' lang='lat' dir='ltr'>intelligit</span> 
     </span>
     <span class='ocr_line' id='line_1_38' title="bbox 160 3719 1120 3786; baseline 0.005 -19"><span class='ocrx_word' id='word_1_312' title='bbox 160 3719 251 3772; x_wconf 82' lang='lat' dir='ltr'>Veteris</span> <span class='ocrx_word' id='word_1_313' title='bbox 276 3721 363 3786; x_wconf 84' lang='lat' dir='ltr'>Campi</span> <span class='ocrx_word' id='word_1_314' title='bbox 386 3723 530 3775; x_wconf 85' lang='lat' dir='ltr'>coenobium</span> <span class='ocrx_word' id='word_1_315' title='bbox 549 3721 644 3774; x_wconf 88' lang='lat' dir='ltr'>ordinis</span> <span class='ocrx_word' id='word_1_316' title='bbox 667 3723 839 3775; x_wconf 77' lang='lat' dir='ltr'>cisterciensis</span> <span class='ocrx_word' id='word_1_317' title='bbox 863 3723 888 3774; x_wconf 87' lang='lat' dir='ltr'>in</span> <span class='ocrx_word' id='word_1_318' title='bbox 906 3721 1021 3773; x_wconf 86' lang='lat' dir='ltr'>Dioccesi</span> <span class='ocrx_word' id='word_1_319' title='bbox 1043 3721 1120 3774; x_wconf 80' lang='lat' dir='ltr'>Golo-</span> 
     </span>
     <span class='ocr_line' id='line_1_39' title="bbox 160 3790 1120 3909; baseline 0.003 -70"><span class='ocrx_word' id='word_1_320' title='bbox 160 3791 235 3909; x_wconf 45' lang='grc' dir='ltr'><strong>11315ηεί</strong></span> <span class='ocrx_word' id='word_1_321' title='bbox 270 3805 352 3856; x_wconf 90' lang='lat' dir='ltr'>prope</span> <span class='ocrx_word' id='word_1_322' title='bbox 380 3791 569 3863; x_wconf 82' lang='lat' dir='ltr'>llbenobergam</span> <span class='ocrx_word' id='word_1_323' title='bbox 599 3794 682 3844; x_wconf 86' lang='lat' dir='ltr'>situm.</span> <span class='ocrx_word' id='word_1_324' title='bbox 708 3823 740 3833; x_wconf 92' lang='lat'>-</span> <span class='ocrx_word' id='word_1_325' title='bbox 770 3793 802 3860; x_wconf 83' lang='grc'>4)</span> <span class='ocrx_word' id='word_1_326' title='bbox 834 3791 872 3844; x_wconf 84' lang='lat' dir='ltr'>GP</span> <span class='ocrx_word' id='word_1_327' title='bbox 901 3793 939 3842; x_wconf 89' lang='lat' dir='ltr'>ei.</span> <span class='ocrx_word' id='word_1_328' title='bbox 964 3821 994 3832; x_wconf 92' lang='lat'>-</span> <span class='ocrx_word' id='word_1_329' title='bbox 1026 3791 1058 3859; x_wconf 88' lang='lat'>5)</span> <span class='ocrx_word' id='word_1_330' title='bbox 1081 3790 1120 3843; x_wconf 84' lang='lat' dir='ltr'>GP</span> 
     </span>
    </p>

    <p class='ocr_par' dir='ltr' id='par_1_5' title="bbox 186 3875 317 3910">
     <span class='ocr_line' id='line_1_40' title="bbox 186 3875 317 3910; baseline -0.015 0"><span class='ocrx_word' id='word_1_331' title='bbox 186 3875 317 3910; x_wconf 79' lang='lat' dir='ltr'>ominus.</span> 
     </span>
    </p>
   </div>
   <div class='ocr_carea' id='block_1_5' title="bbox 0 0 1308 4316">
    <p class='ocr_par' dir='ltr' id='par_1_6' title="bbox 0 0 1308 4316">
     <span class='ocr_line' id='line_1_41' title="bbox 0 0 1308 4316; baseline 0 0"><span class='ocrx_word' id='word_1_332' title='bbox 0 0 1308 4316; x_wconf 95' lang='lat' dir='ltr'> </span> 
     </span>
    </p>
   </div>
  </div>
 </body>
</html>
