2622 4322
443 279 498 340 DE
521 279 785 344 TENTATIONE.
1073 283 1135 344 263

95 403 195 478 tona,
215 405 330 462 tantum
353 401 428 462 circa
447 401 527 460 illum
549 403 697 478 strepitum
719 401 854 462 excitavit
866 395 898 482 ¹),
919 405 952 462 ut
972 399 1138 482 superficies

95 491 183 550 totius
197 489 365 564 pavimenti,
385 489 414 546 in
429 505 486 563 quo
500 489 605 564 stabat,
628 491 752 549 coturnis
761 485 781 569 ²)
796 486 1003 548 monachorum
1026 487 1138 553 discm-
1224 539 1229 552 i

95 578 218 636 rentium
248 577 333 635 atteri
357 575 507 639 videratur.
551 575 607 651 Qui
629 593 695 635 cum
717 575 753 635 de
774 576 826 663 ηιξ
845 575 1046 652 phantasmate
1067 573 1139 637 nihil

95 669 223 737 onaret,
254 669 283 721 et
312 662 459 738 completis
484 664 660 723 orationibus
688 664 795 736 abiret,
825 664 906 738 quasi
928 661 1138 722 multitudinem

93 751 281 810 Mauroruma
294 755 360 825 post
387 765 419 808 se
445 751 621 809 venientium
648 749 728 809 vidit.
771 748 838 808 Alio
866 756 994 825 tempore
1021 751 1137 825 spiritus

93 838 298 910 fornicationis,
321 838 400 895 cuius
422 836 564 895 anhelitus
586 853 693 912 prunas
708 836 807 895 ardere
821 833 929 914 iacit³),
950 852 1054 911 corpus
1076 837 1137 896 eius
1235 881 1240 898 ,

92 927 159 1001 igne
187 922 315 982 libidinis
343 921 558 1004 intolerabiliter
583 922 739 983 succendit.
783 922 871 982 Cuius
895 924 1138 998 importunitatem

92 1009 267 1070 venerabihs
298 1013 340 1068 vir
367 1006 444 1089 ilice)
474 1010 672 1085 considerans,
704 1012 734 1069 iu
762 1009 835 1069 haec
860 1009 951 1070 verba
976 1009 1036 1068 alta
1064 1025 1138 1068 voca
1222 1031 1227 1040 ¹

91 1100 239 1174 prorupit:
263 1095 339 1172 Quid
353 1115 399 1156 me
412 1103 471 1155 tam
487 1097 638 1158 crudeliter
653 1099 772 1171 crucias,
790 1113 807 1155 o
823 1094 959 1156 diabolo?
980 1096 1047 1156 Non
1061 1097 1138 1154 enim

91 1187 124 1244 in
145 1181 220 1264 mc⁵)
243 1183 367 1259 amphus
379 1184 476 1244 iacere
494 1186 609 1261 poteris,
630 1200 758 1259 quama
778 1183 844 1243 Deo
865 1185 1021 1259 permissus
1042 1182 1137 1242 hreris.

91 1272 239 1331 Dominus
259 1287 358 1345 meus,
379 1273 440 1346 ipsc
462 1277 506 1330 est
526 1267 642 1350 etiami)
664 1276 693 1329 ct
715 1271 858 1330 Dominus
879 1276 955 1328 tuus.
997 1269 1138 1330 Doctrina

93 1365 140 1419 est
152 1356 294 1434 praedicti
308 1357 485 1416 confessoris.
527 1357 577 1416 Ad
592 1375 680 1433 quam
696 1374 799 1417 vocem
819 1357 870 1416 tali
892 1356 990 1416 ordine
1012 1361 1138 1416 tentator

93 1446 132 1506 ab
156 1461 191 1504 eo
215 1443 368 1504 discessit·
398 1445 501 1504 Verbis
520 1445 635 1520 quidem
658 1445 792 1519 prolatis,
814 1461 882 1504 mox
904 1446 998 1519 coepit
1018 1447 1048 1502 in
1069 1460 1138 1504 ver·

93 1534 151 1592 tice
175 1533 254 1607 eius,
287 1532 371 1606 quasi
398 1531 506 1606 aliquid
527 1531 663 1591 motabile
673 1527 692 1610 ²)
715 1548 845 1607 serpere,
877 1537 906 1591 et
927 1531 1064 1607 paulatim
1085 1547 1139 1606 per

92 1625 233 1693 utrasque
266 1635 351 1677 aures
382 1635 474 1693 usque
507 1619 545 1678 ad
578 1617 683 1678 collum
716 1618 889 1678 descendere
927 1634 992 1677 cum
1024 1617 1137 1678 sudore.

92 1705 210 1765 Deinde
227 1722 280 1780 per
303 1703 436 1780 scapulas
459 1711 488 1764 et
509 1704 614 1781 latera,
635 1723 687 1780 per
708 1722 795 1764 coxas
824 1712 853 1764 et
875 1723 958 1764 crura
979 1708 1084 1764 sensim
1105 1723 1137 1766 se

93 1793 221 1866 trahens,
241 1809 294 1867 per
318 1792 393 1850 telos
419 1795 513 1852 suvia
556 1792 594 1851 Et
622 1795 696 1852 sicut
723 1793 792 1850 mihi
814 1793 961 1851 confessus
991 1797 1034 1850 est
1060 1791 1137 1852 idem
1182 1843 1198 1852 .

93 1879 273 1954 monachus,
293 1880 335 1937 ita
356 1881 471 1954 spiritus
492 1879 555 1954 ille,
577 1881 688 1938 utiam
710 1879 817 1938 dietum
840 1884 899 1953 est,
921 1877 1062 1954 gradatim
1084 1877 1138 1938 de·

93 1965 216 2041 scandit,
230 1972 263 2024 ut
287 1967 439 2024 sentiretur
458 1968 488 2024 in
508 1961 566 2025 rino
588 1963 703 2046 10000),
716 1972 744 2024 et
764 1984 823 2024 non
843 1969 873 2024 in
895 1966 959 2024 alio.
981 1964 1049 2044 ,Qui
1069 1983 1146 2025 mon¹

93 2059 128 2112 ut
156 2070 210 2128 per
238 2053 328 2128 pedes
357 2055 455 2111 exiens
470 2053 570 2129 lugit,
597 2055 670 2129 ignis
698 2053 736 2111 ab
766 2069 800 2112 eo
829 2055 968 2111 excitatus
995 2052 1136 2128 refriguit,

94 2146 126 2199 et
154 2141 276 2198 tentatio
306 2141 398 2198 omnis
428 2143 559 2199 cessavit.
601 2138 804 2200 NOVICIUS:
834 2139 937 2214 Miror,
967 2141 990 2196 si
1011 2139 1138 2214 adquam

95 2228 280 2287 occasionem
308 2227 472 2301 praebuerit
499 2227 609 2301 spiritui
637 2227 830 2285 iomicationis
857 2229 899 2285 sic
925 2225 1085 2284 terribiliter
1105 2243 1137 2286 se

96 2315 260 2374 cruciantis.
281 2311 518 2372 MONACHUS:
533 2313 614 2372 Sicut
631 2314 668 2372 ab
685 2315 745 2372 eius
759 2331 808 2372 ore
822 2312 927 2387 audivi,
949 2312 994 2372 die
1011 2311 1137 2387 quadam

96 2418 164 2459 cum
174 2402 305 2458 visitaret
320 2416 386 2458 curn
398 2398 515 2458 Abbate
531 2402 561 2458 in
575 2400 700 2475 quodam
719 2399 842 2459 claustro
864 2399 1136 2479 sanctimonialium,

95 2494 228 2546 matrona
242 2486 386 2562 quaedam
408 2485 535 2546 eiusdem
560 2489 795 2563 congregationis,
817 2504 904 2562 quam
925 2493 992 2546 ente
1014 2504 1136 2546 conver-

95 2577 208 2633 sionem
241 2575 317 2632 hene
356 2579 491 2647 noverat,
522 2573 672 2632 brachium
699 2592 784 2632 suum
813 2591 899 2650 super
939 2567 1044 2632 collum
1075 2577 1136 2634 eius

94 2663 207 2737 posuit,
241 2660 341 2720 oculos
374 2663 404 2718 iu
437 2677 504 2719 eum
535 2659 670 2737 defigens.
722 2660 808 2736 Quod
836 2678 902 2720 eum
930 2661 1137 2720 considerasset

95 2746 162 2824 plus
191 2765 279 2823 quam
308 2753 465 2823 oporteret,
492 2753 561 2806 tuno
590 2748 705 2824 quidem
734 2748 803 2806 nihil
832 2765 868 2807 ex
895 2748 951 2807 hoe
972 2749 1136 2808 tentationis

96 2836 193 2909 sensit,
216 2834 268 2894 sed
280 2840 391 2910 postea,
413 2833 527 2909 quando
544 2833 675 2894 diabolus
696 2833 774 2894 illam
796 2834 944 2895 oculorum
965 2834 1136 2894 defixiouem

95 2924 185 2981 menti
207 2924 269 2981 eius
289 2921 421 2995 reduxit,
455 2923 497 2979 ita
517 2927 644 2980 tentatus
677 2928 721 2981 est
742 2922 779 2982 ab
800 2922 850 2980 illa
871 2922 956 2997 hora,
986 2927 1014 2981 et
1034 2927 1136 2997 postea
1211 2935 1213 2942 '

95 3025 147 3083 per
168 3025 261 3068 annos
274 3007 392 3086 ahquot,
413 3013 446 3066 ut
463 3024 530 3067 eum
546 3011 643 3068 vivere
658 3009 793 3068 taederet
836 3009 950 3085 Quanto
973 3010 1048 3067 enim
1070 3010 1135 3083 quis

95 3095 248 3172 perfectior
262 3096 313 3169 est,
335 3100 415 3154 tanto
432 3095 497 3169 plus
519 3111 620 3156 sensus
641 3113 708 3155 suos
720 3099 889 3172 restringere
912 3095 1005 3170 debet,
1025 3101 1135 3154 tactum

95 3185 221 3242 maxime
235 3187 265 3241 et
277 3185 380 3240 visum.
423 3181 554 3257 Tectum,
576 3185 644 3257 quia
661 3185 735 3242 sicut
754 3185 784 3241 in
805 3183 1004 3258 Vitaspatrum
1024 3182 1135 3258 legitur,

96 3285 202 3345 corpus
230 3268 356 3328 mulieris
383 3269 456 3344 ignis
482 3276 533 3327 cst.
576 3270 693 3345 Visum,
723 3271 790 3345 quia
811 3286 887 3330 mors
907 3268 1063 3346 ingreditur
1083 3286 1135 3344 per

93 3356 234 3415 fenestras
264 3355 421 3416 oculorum.
465 3355 611 3431 Quantum
638 3363 735 3417 tamen
763 3357 921 3416 monachus
944 3359 997 3415 iste
1018 3358 1047 3414 iu
1067 3361 1135 3415 ten·

94 3442 253 3506 talionibus
287 3444 435 3516 meruerit,
468 3459 591 3518 sequens
619 3460 712 3504 senno
742 3443 906 3504 declarabit.
957 3442 1030 3502 Cum
1059 3449 1135 3503 esset

93 3529 178 3588 Prior
216 3531 246 3587 in
286 3528 418 3588 Claustro
461 3530 641 3605 supradictus
680 3530 878 3606 Hermannus,
916 3547 993 3589 nuuc
1031 3528 1152 3603 Abbas¹

113 3645 147 3715 1)
164 3645 186 3698 0
202 3647 393 3714 generavit3
411 3645 477 3698 torte
492 3649 630 3711 creavit,
647 3655 675 3698 ut
690 3647 755 3699 inira
766 3647 830 3711 Vlll,
847 3647 889 3699 37:
909 3655 1021 3713 „tantum
1038 3648 1134 3698 crearit

167 3718 323 3784 strepitum.“
337 3746 366 3755 -
377 3715 408 3782 2]
420 3717 439 3768 Β
458 3719 606 3770 catervis.
619 3746 649 3756 —-
661 3717 692 3783 3)
705 3715 752 3768 lob
764 3719 807 3782 li,
820 3718 939 3785 12.-t)
952 3716 993 3768 ΒΟ
1010 3718 1057 3768 vir
1074 3715 1134 3767 ille

166 3785 388 3849 venerabilis,
406 3786 426 3836 l)
445 3788 493 3838 vir
510 3785 713 3841 venerabilis
731 3785 796 3838 ille.
814 3818 845 3827 -
864 3788 896 3853 5)
914 3788 944 3838 in
962 3799 1007 3837 rnc
1025 3784 1133 3837 addBG.

166 3858 239 3927 —6J
257 3857 357 3909 etiarn
376 3853 595 3925 achach—7)
614 3858 704 3910 Genea.
724 3857 894 3924 1,21.-a)
913 3856 954 3908 ac
971 3853 1045 3907 loco
1062 3869 1132 3906 uuo.
