2594 4302
140 253 200 312 ms
450 249 677 314 DISTINOTIO
701 249 865 313 OCTAVA

138 377 214 434 exire
248 371 426 449 compellam
476 371 680 434 uovtcrus:
716 372 839 433 Mirifice
867 378 933 431 sunt
962 388 1038 447 quae
1068 375 1178 432 recitas

99 487 109 520 ·.
137 457 372 521 MONAOHUS:
406 460 459 520 Vis
487 477 563 520 nunc
591 460 690 520 audire
719 467 823 520 octavo
852 459 930 519 loco*
946 477 982 518 ex
1010 460 1055 519 his
1083 459 1179 536 alque

139 563 214 624 quaa
235 549 314 620 visu,
337 545 437 606 auditu
459 553 489 606 et
509 553 595 624 gustu
616 554 754 623 percepta
775 553 859 621 sunt,
889 563 944 606 nee
973 551 1069 607 mmcn
1091 563 1179 623 prae·

140 634 222 694 dictis
251 633 396 693 ordinibus
423 633 724 710 proptordlstantiam
745 635 832 693 umeri
851 632 1026 709 potuerunt?
1062 633 1179 693 NOVI-

141 719 242 782 CIUS:
279 721 354 780 Volo
391 737 426 780 ao
461 721 599 783 desidero.
649 719 884 780 Monncflusz
917 720 999 780 Sicut
1026 723 1054 780 in
1085 721 1180 796 cupite

139 805 224 868 huius
255 807 448 866 distinctionis·
469 809 656 883 praemissum
679 812 736 882 est,
768 807 989 884 acclamarent,
1017 825 1070 884 per
1091 825 1180 883 quam

138 894 282 954 humanae
299 896 402 954 visioni
423 897 515 954 sancti
535 893 805 971 condescenderent,
826 896 906 954 cuius
929 893 986 954 duo
1008 893 1099 954 latera
1121 893 1180 954 duo

143 981 199 1040 dixi
227 999 333 1058 genera
361 982 518 1057 visionur'n,
551 981 698 1058 corporale
726 988 756 1041 et
783 981 938 1057 spirituale.
989 979 1062 1040 Octo
1093 983 1182 1040 etiam

139 1071 246 1128 inserui
264 1067 410 1142 scandilia,
432 1085 597 1144 supremum
618 1070 776 1128 attribuens
799 1068 920 1144 Christo,
939 1067 1065 1143 reliquos
1077 1064 1096 1148 ¹)
1119 1085 1182 1142 sen,

138 1173 190 1217 sex
211 1155 357 1216 ordinibus
387 1163 563 1229 sanctorum,
593 1153 629 1214 de
659 1155 762 1230 quibus
790 1155 961 1214 sufficienter
990 1155 1098 1214 dictum
1128 1160 1183 1214 est.

138 1241 174 1302 Iu
203 1250 305 1302 octavo
335 1247 432 1302 eutem
460 1241 551 1318 gradu
581 1241 771 1301 diversamm·
785 1258 879 1300 rerum
908 1243 1033 1302 visiones
1059 1241 1183 1316 locabo,

138 1333 230 1406 primo
252 1336 348 1388 temen
371 1345 435 1390 eam
457 1346 532 1404 quae
555 1331 616 1388 visa
638 1334 682 1388 est
703 1328 739 1388 de
760 1327 825 1387 loco
847 1334 955 1388 nostro.
1065 1361 1069 1369 ι

490 1466 723 1528 CAPITULUM
749 1466 831 1526 XOI.

75 1667 77 1672 Α
199 1591 248 1649 De
264 1555 313 1649 *his
334 1607 412 1666 quac
433 1589 627 1678 Hermonnus
648 1587 748 1648 Abbas
771 1587 843 1678 vidit
866 1588 901 1646 de
923 1589 986 1647 loco
1007 1595 1120 1648 nostro.
1186 1603 1191 1610 ·

203 1709 263 1770 Diu
277 1717 433 1788 antequam
450 1718 608 1772 conventus
621 1719 720 1772 noster
735 1711 770 1770 de
785 1709 917 1770 claustro
933 1711 1053 1769 emissus
1072 1710 1185 1784 suisset,

142 1798 273 1859 dominus
294 1797 492 1874 Humanum,
513 1817 590 1859 nunc
610 1797 717 1858 Abbas'
735 1797 807 1858 Loci
828 1803 944 1856 sanctae
965 1796 1092 1872 Mariae,
1112 1802 1186 1856 tunc

142 1885 263 1962 simplex
280 1886 438 1946 monachus
459 1887 488 1945 in
510 1885 652 1961 Oleastro,
672 1890 757 1944 nocte
779 1883 904 1960 quadam
925 1885 1093 1960 pervisum
1115 1888 1186 1944 ante

142 1972 265 2050 gradum
292 1973 462 2049 presbyterii
491 1974 545 2032 sibi
573 1979 650 2032 stare
679 1971 845 2046 videbatur,
875 1978 904 2031 et
932 1971 1016 2035 datus
1039 1977 1084 2032 est
1106 1971 1133 2029 ei
1152 1971 1185 2028 iu

142 2075 245 2119 manus
268 2059 437 2135 crucifixus,
458 2066 491 2119 ut
511 2059 572 2119 fieri
594 2059 667 2120 solet
688 2061 717 2116 in
739 2058 889 2117 emissione
911 2058 1031 2119 alicuius
1053 2073 1186 2117 conven-

143 2152 199 2206 tus.
241 2145 365 2208 Stabant
393 2151 423 2205 et
451 2147 528 2206 eirca
554 2163 620 2206 eum
648 2147 701 2205 viri
729 2143 882 2205 candidati.
932 2144 1012 2204 Vidit
1028 2147 1125 2204 etiam
1153 2145 1186 2204 iu

144 2233 231 2293 choro
253 2233 372 2292 fluvium
393 2232 628 2308 limpidissimum,
651 2233 702 2308 qui
722 2249 774 2308 per
795 2235 947 2308 utrumque
968 2231 1087 2290 chorum
1107 2231 1186 2290 flue-

143 2319 210 2395 bat,
233 2321 311 2379 etin
334 2336 368 2379 eo
390 2321 498 2380 navim.
542 2319 638 2395 Quam
658 2317 869 2392 conscendens,
890 2336 957 2380 oum
978 2325 1038 2377 tam
1058 2316 1186 2393 rapidis-

143 2409 232 2467 simus
249 2412 326 2467 esset
344 2424 443 2466 cursus
466 2407 534 2483 eius,
556 2413 588 2467 ut
608 2408 691 2466 navis
711 2407 741 2465 in
762 2423 850 2464 unam
872 2404 1068 2466 columnarum
1088 2406 1187 2480 impc-

143 2495 248 2572 gisset‚
276 2496 331 2553 nisi
356 2509 407 2570 per
428 2493 593 2553 themonsm
615 2496 675 2554 eius
688 2493 836 2553 'industria
855 2492 956 2552 luisset
976 2508 1095 2566 aversa,
1124 2505 1187 2550 non

145 2576 240 2642 stetit
259 2579 350 2641 donee
386 2583 495 2641 veniret
520 2580 559 2640 ad
586 2580 683 2642 locum
711 2578 854 2656 quendam
882 2579 1056 2639 infirmitorio
1084 2583 1187 2638 nostro

144 2671 314 2744 proximum.
362 2668 512 2728 Venerunt
528 2713 532 2722 ,
546 2674 575 2728 et
607 2685 672 2728 oum
702 2683 737 2727 eo
767 2665 920 2741 supradicti
948 2667 1002 2724 viri
1030 2663 1188 2724 candidati.

145 2753 228 2814 Tunc
249 2770 317 2814 ossa
337 2755 417 2816 arida
438 2754 565 2827 humens
587 2772 652 2815 cum
675 2749 814 2830 capitibus
837 2769 873 2812 ex
894 2754 971 2810 omni
991 2757 1073 2827 parte
1093 2753 1188 2811 mua-

145 2841 195 2901 bili
224 2841 351 2917 quadam
378 2843 483 2901 virtute
507 2841 650 2902 adeloris
672 2840 747 2900 ultra
767 2857 880 2898 mumm
902 2838 1052 2899 cadebant
1094 2835 1188 2898 Erant

146 2929 238 3004 enim,
261 2935 295 2987 ut
314 2923 472 2988 Ezechielis
493 2930 610 2988 visionis
631 2927 763 2987 recorder
770 2923 806 3006 ²),
834 2925 925 2986 multa
946 2923 1041 2984 vulde.
1082 2921 1188 2986 Stante

146 3021 290 3076 conventu
304 3017 378 3075 inter
397 3022 524 3074 montem
545 3015 713 3091 Stromberg
735 3020 764 3073 et
784 3015 842 3072 iam
864 3012 971 3073 dictum
991 3011 1097 3086 locum,
1117 3009 1189 3071 Sal-

145 3109 229 3162 vator
250 3104 300 3178 qui
320 3105 393 3162 inter
415 3119 464 3162 eos
486 3109 563 3162 stare
582 3104 662 3162 visus
683 3107 742 3174 est,
774 3117 864 3159 unum
886 3097 1091 3160 exmonachis
1114 3097 1189 3160 dure

145 3193 216 3250 satis
228 3192 354 3263 retraxit,
374 3189 462 3250 elium
475 3189 632 3248 modestius
654 3204 792 3248 amovens
812 3204 940 3258 seorsum
962 3187 1071 3245 statuit.
1107 3184 1190 3247 Ecce

146 3277 212 3337 talis
239 3277 293 3336 fuit
320 3278 402 3336 visio.
452 3272 656 3336 NOVIGIUS:
686 3274 768 3352 Quae
797 3280 841 3334 est
867 3273 941 3335 illius
969 3270 1189 3348 interpretatio?

146 3361 383 3424 MONACHUS:
421 3361 502 3423 Deus
537 3363 578 3422 iili
612 3361 807 3438 praeostendit
835 3377 910 3437 quae
929 3359 1025 3420 littura
1047 3363 1128 3420 erant
1151 3357 1190 3420 de

146 3449 332 3526 loconesse,
353 3457 421 3510 tunc
439 3449 555 3526 quidem
569 3450 707 3524 obseura,
728 3447 814 3507 modo
836 3445 924 3523 plana
943 3445 1039 3526 valde.
1079 3443 1190 3506 Domi-

147 3555 203 3597 nus
224 3536 374 3613 Philippus
402 3537 578 3597 Coloniensis
605 3535 846 3611 Archiepiscopus
875 3535 974 3612 sciens
988 3531 1118 3607 ordinem
1138 3533 1191 3592 vi-

147 3639 215 3702 gere
230 3625 259 3681 in
272 3623 494 3699 Hemmenrode‚
516 3630 545 3684 et
558 3624 594 3684 de
605 3621 654 3685 illo
676 3621 873 3700 limpidissimo
894 3619 1001 3680 fluento
1023 3617 1190 3680 ariditatem

148 3727 218 3772 suae
229 3710 378 3772 Dioecesis
395 3712 511 3789 irrigare
528 3709 702 3786 desiderans,
724 3709 760 3790 de
783 3707 884 3769 eadem
906 3707 991 3786 domo
1013 3713 1191 3776 conventum

168 3826 200 3894 1)
216 3825 328 3897 reliquos
344 3827 446 3898 gradus.
465 3827 483 3880 l’
507 3827 643 3898 reliqua.
663 3856 693 3869 -
712 3828 745 3897 2)
762 3826 807 3881 nr
829 3825 997 3880 recordor.
1030 3822 1124 3878 llaeeh.
1143 3824 1190 3877 37.
