2580 4316
437 219 500 278 nn
525 219 807 309 couvnusroun.
1101 225 1142 284 ss

431 376 670 438 CAPITULUM
689 379 809 438 XXIX.

126 496 168 554 Dc
187 501 337 556 canonico
365 498 408 556 ob
435 499 667 559 erubescentiam
689 501 842 560 cuiusdam
861 501 940 576 furit
961 517 1108 562 cooemso.

143 635 261 695 Juvenis
286 637 423 713 quidam
447 639 478 694 in
502 637 586 696 domo
608 645 705 697 nostra
725 641 853 699 novicius
868 640 928 715 suit,
951 658 1037 715 quem
1051 658 1139 702 occa·

89 723 123 782 sio
142 722 307 782 huiusmodi
332 724 378 783 ad
404 723 540 782 ordinem
561 727 654 783 traxit.
695 726 802 785 Fuerat
823 727 964 801 siquidem
986 732 1139 788 canonicus

86 811 222 868 cutmdam
246 812 404 870 ecclcsiae
429 814 461 868 in
478 810 604 870 Colonia.
649 811 703 887 Qui
725 831 790 872 cum
811 813 924 872 iecisset
946 813 1060 875 domino
1076 833 1138 890 suo,

85 896 174 955 clerico
195 899 347 972 honesto,
376 901 466 957 cuius
489 904 556 956 tunc
577 902 711 974 temporis
734 900 930 959 commensalis
951 901 1003 960 suit
1022 899 1055 981 ¹),
1076 903 1137 961 tur-

84 989 148 1056 tum,
179 986 248 1044 lieet
270 1003 414 1061 parvum
429 981 472 1063 ²),
497 992 525 1042 et
546 1003 564 1043 a
585 988 674 1044 servis
694 987 768 1045 illius
799 987 993 1062 deprehensus
1022 989 1135 1064 fuisset,

82 1071 107 1126 in
124 1079 233 1129 tantum
259 1074 403 1146 erubuit,
440 1078 475 1129 ut
498 1072 533 1130 de
555 1072 669 1130 saeculo
683 1068 703 1152 ³)
725 1075 835 1150 fugiens
856 1078 1060 1134 monasterium
1081 1093 1136 1134 no-

82 1165 160 1216 strum
179 1166 299 1235 peteret
325 1165 426 1234 atquc
450 1161 581 1217 novicius
599 1159 686 1218 fieret.
720 1159 823 1218 Maluit
832 1161 897 1220 Deo
912 1165 1026 1236 servire,
1048 1181 1135 1239 quam

82 1251 179 1304 antam
209 1248 429 1306 confusionem
463 1248 537 1303 iuter
568 1262 636 1304 suos
669 1247 820 1306 confratres
831 1243 853 1327 ⁴)
875 1251 1023 1308 sustinere.
1070 1250 1134 1326 Ego

82 1333 171 1392 eodem
194 1341 336 1409 tempore
361 1337 392 1390 in
420 1333 525 1391 eadem
548 1333 668 1391 eeclesia
685 1331 704 1412 ⁵)
727 1337 850 1409 positus,
873 1353 990 1394 eausam
1013 1354 1133 1396 conver-

79 1422 156 1478 sionis
179 1424 252 1496 eius,
276 1427 313 1480 ut
338 1423 402 1479 iam
429 1419 538 1478 dietum
560 1426 621 1492 est,
643 1421 782 1494 intellexi,
805 1428 834 1479 et
856 1425 924 1497 quia
945 1423 1054 1483 stabilis
1075 1442 1132 1483 non

80 1515 145 1567 esset
165 1508 232 1568 talis
257 1509 436 1580 conversio,
460 1509 529 1565 satis
550 1509 639 1564 timui.

434 1747 667 1808 CAPITULUM
687 1749 792 1809 XXX.

104 1875 147 1932 De
169 1875 376 1946 adolescente,
403 1875 455 1928 eui
477 1873 714 1944 sanctimoniale,
738 1872 776 1930 ab
797 1877 860 1948 ipso
882 1877 1098 1950 imprueyuoto,

410 1976 505 2016 cacco
525 1957 587 2034 fuit
608 1963 811 2018 conversionis.

133 2097 217 2158 Alius
243 2098 375 2175 quidam
399 2095 569 2155 adolescens
592 2097 834 2156 sanctimonialem
847 2096 992 2172 quondam
1006 2099 1130 2173 imprae-

78 2181 212 2266 gnavit⁶),
237 2194 270 2246 et
295 2186 473 2245 confusione
495 2189 613 2259 urgente
635 2183 775 2259 simulque
797 2188 907 2258 timore,
930 2201 964 2242 eo
987 2185 1063 2260 quod
1085 2187 1130 2244 i-

78 2275 146 2333 mina
166 2274 280 2332 nobilis
306 2273 396 2344 toret,
420 2287 574 2328 conversus
597 2276 640 2328 est
661 2273 690 2328 in
712 2271 808 2330 ordine
822 2278 919 2331 nostro
933 2268 962 2352 ²).
993 2271 1129 2347 thuam

78 2359 202 2419 diabolus
228 2364 255 2419 ei
280 2362 517 2435 praeparaverat
537 2359 567 2413 in
588 2358 712 2432 ruinam,
742 2375 794 2433 per
815 2361 995 2418 occasionem
1013 2360 1089 2418 sacta
1106 2357 1128 2440 ⁸)

77 2453 114 2505 est
142 2448 182 2505 1111
213 2450 245 2524 in
277 2445 421 2504 salutem.
465 2442 580 2502 ‚iuvene
608 2445 787 2520 supradicto,
819 2449 892 2505 iusto
921 2446 978 2505 Dei
1010 2447 1127 2521 iudicio,

77 2534 197 2594 ordinem
221 2534 396 2605 deserente,
419 2533 473 2589 iste
496 2529 589 2588 adhuc
602 2539 773 2606 perseverat,
795 2549 827 2592 se
840 2531 1147 2612 misencordiaDeisl
1186 2607 1190 2620 ¹

78 2629 275 2682 conservante.
327 2616 534 2677 NOVICIUS:
556 2616 596 2676 Ut
617 2619 709 2693 video,
729 2636 788 2676 non
810 2626 854 2677 est
874 2620 1014 2693 volentis,
1033 2638 1128 2695 neque

79 2693 242 2783 currentis,'
256 2705 318 2767 sed
341 2706 502 2764 miserentis
525 2711 567 2764 est
588 2704 646 2764 Dei
663 2703 701 2784 ¹⁰).
743 2704 979 2767 MONACHUS:
1007 2707 1054 2767 Ita
1075 2713 1128 2766 est.

80 2793 156 2869 Quod
179 2795 311 2871 quidam
335 2795 424 2851 etiam
441 2787 470 2870 ¹¹)
493 2798 692 2851 convertantur
715 2793 752 2852 ob
774 2794 932 2869 periculrnn
953 2795 1029 2854 vitae
1050 2801 1127 2854 tem-

79 2883 184 2958 poralis,
207 2883 270 2942 hoe
297 2879 433 2955 exemplo
457 2877 613 2938 doceberis.

96 3173 123 3240 1)
139 3174 180 3226 Dl’
199 3181 289 3226 erat.
310 3201 342 3210 —
372 3170 405 3237 2)
424 3169 517 3220 lurtum
540 3170 587 3242 suit
612 3171 685 3222 unius
703 3179 800 3222 tantum
818 3172 898 3237 pomi3
920 3170 978 3223 vide
997 3171 1060 3222 inira
1078 3171 1125 3235 lV,

142 3246 185 3296 tt.
206 3273 241 3283 -
264 3243 298 3310 3)
317 3240 338 3294 G
355 3249 391 3291 ut
409 3239 583 3291 saeculum.
603 3269 634 3279 -
653 3242 685 3309 4)
704 3239 724 3292 G
741 3240 922 3292 confratres
941 3257 1024 3293 suos.
1041 3271 1071 3282 -
1092 3243 1125 3309 5)

143 3313 337 3366 Geoclesia
356 3309 486 3364 eadem.
501 3338 531 3347 -
552 3311 586 3378 6)
601 3310 642 3362 DP
659 3313 951 3378 impraeguaverat.
970 3339 1001 3349 -
1021 3312 1053 3378 7)
1070 3327 1126 3362 no-

144 3393 197 3434 stro
218 3399 263 3435 om
283 3380 311 3434 G.
332 3411 364 3420 -
394 3381 426 3447 8)
445 3394 598 3446 proquam
617 3380 754 3431 -facta
778 3383 904 3431 auctorem
929 3382 1042 3447 suspicor
1061 3383 1124 3433 scri-

144 3457 228 3521 psisse
259 3450 345 3520 quod
371 3449 548 3500 -iuctum
575 3449 647 3513 Vlll,
674 3451 721 3502 59:
749 3449 805 3500 sed
832 3450 927 3502 militi
955 3452 1059 3501 cessit
1085 3450 1124 3502 ad

145 3523 306 3590 gloriam,
338 3518 428 3588 quod
461 3517 611 3570 diabolus
645 3529 898 3586 praeparaverat
930 3519 967 3570 ad
992 3521 1122 3573 utrinam.

144 3591 188 3655 111,
207 3594 238 3643 9:
257 3589 342 3660 quod
361 3587 511 3641 oleribus
534 3589 564 3638 in
581 3589 771 3651 remedium,
789 3589 864 3640 mihi
883 3597 969 3640 teste
988 3587 1124 3642 diabolo

145 3661 268 3714 iactum
296 3669 349 3712 cst
376 3661 408 3710 in
433 3666 634 3710 tormentum.
655 3689 685 3698 -
706 3659 737 3725 9)
756 3657 798 3709 BD
817 3657 873 3710 Dei
891 3659 1122 3712 misericordia

147 3727 941 3854 se,gl)eisenrisericordia.-iOJRom.9,16.¹—
963 3729 1010 3796 lt]
1029 3730 1124 3780 ctiam

148 3816 189 3852 orn
227 3839 233 3851 .
