2564 4306
289 283 300 310 ν
371 259 426 320 DE
447 257 629 322 resumo
651 255 919 322 MORTUORUM.
1097 258 1160 322 363

122 382 236 441 mirum.
277 379 475 458 Quadraginta
497 383 573 441 enim
595 383 676 441 annis
699 381 811 442 Christo
832 383 863 441 in
885 379 984 442 ordine
1010 381 1161 456 servierat,

122 467 271 536 adinstar
292 470 415 545 sagittae
437 467 543 528 multos
565 467 717 528 salubriter
737 468 891 529 vulnerans
912 466 1044 543 exemplo
1065 473 1162 528 rectae

122 556 361 630 conversationis,
381 557 482 631 pennis
504 554 673 616 sublevatus
697 554 953 632 contemplationis.
994 555 1030 613 In
1051 556 1159 630 sagitta

121 644 176 702 tria
197 647 272 717 sunt,
292 641 410 719 lignum,
432 657 553 718 pennae,
574 641 689 700 terrum.
731 641 766 700 In
787 641 865 720 ligno
893 648 1010 718 propter
1036 640 1161 701 fructum

122 731 288 806 exprimitur
308 730 376 789 boni
398 731 492 804 operis
513 727 675 804 plenitud03
703 745 757 804 per
776 746 902 805 pennas,
931 729 1045 805 gemina
1065 726 1096 787 id
1118 731 1163 788 est

122 815 181 876 Dei
202 820 232 875 et
251 818 373 892 proximi
395 814 524 891 dilecti03
554 817 583 874 in
604 815 678 874 ierro
701 814 779 891 quod
800 822 917 875 acutum
947 819 1014 890 est,·
1033 821 1162 875 extrema

122 904 315 978 compunctio.
357 903 434 962 Nota
459 902 538 978 quod
566 905 672 979 sagitta
698 918 756 961 non
783 909 861 962 recte
889 901 1015 975 ducitur,
1042 902 1096 960 nisi
1125 901 1162 961 sit

120 996 263 1066 pennata,
289 1005 383 1066 neque
403 992 553 1066 pervenire
573 994 670 1066 potest
690 988 728 1048 ad
756 989 852 1049 locum
881 988 1062 1048 destinatum.
1112 986 1161 1048 Sic

121 1079 218 1136 anima
239 1079 326 1136 etiam
340 1079 365 1136 si
385 1077 469 1137 iue1it
485 1079 640 1136 innumeris
662 1076 798 1154 operibus
820 1077 912 1150 bonis,
932 1074 963 1134 id
984 1080 1029 1135 est
1050 1073 1086 1134 dc
1107 1091 1162 1152 ge·

119 1179 190 1223 nere
209 1163 361 1238 bonorum,
381 1164 457 1224 bene
479 1162 629 1239 decorata,
658 1169 687 1222 et
711 1163 785 1222 ferro
808 1163 965 1222 acutissimi
994 1160 1100 1221 doloris
1121 1162 1161 1220 ti-

120 1266 201 1310 morc
221 1255 406 1326 peccatorum
426 1251 543 1327 allecta,
571 1267 720 1326 nunquam
740 1256 838 1310 umen
861 1251 922 1308 sine
951 1249 1004 1309 alis
1034 1249 1160 1308 mutatis

120 1336 160 1397 ad
187 1336 285 1396 locum
310 1340 459 1414 perveniet
487 1344 621 1397 aeternae
651 1338 762 1412 quietis.
810 1336 858 1396 Dc
885 1336 944 1396 hoc
970 1334 1036 1396 loco
1064 1333 1162 1395 David

123 1423 192 1484 dicit
212 1426 243 1483 in
263 1423 396 1484 Psalmo:
421 1425 494 1504 Quia
515 1424 599 1483 dabit
620 1425 825 1498 mebi‘permoc
846 1426 922 1482 sicut
943 1421 1112 1495 columbae,
1134 1427 1162 1482 et

121 1509 239 1584 uolaho,
261 1518 290 1569 et
309 1506 548 1587 requiescom¹)?
590 1509 797 1571 novionis:
819 1509 913 1585 Saepe
934 1512 964 1568 in
986 1511 1083 1586 specie
1109 1523 1162 1568 co-

120 1596 238 1658 lumbae
258 1599 399 1657 iustorum
420 1599 533 1657 ammae
553 1596 687 1674 leguntur
699 1597 795 1658 coelos
815 1604 992 1674 penetrasse.
1027 1593 1163 1656 MONA-

121 1683 241 1745 uHUS:
262 1683 373 1744 Verum
384 1683 463 1760 dicis3
483 1701 551 1742 nam
569 1691 599 1744 et
618 1701 708 1743 unum
729 1684 893 1762 exemplum
913 1684 1065 1744 recentiori
1085 1689 1162 1744 tem·

111 1787 192 1848 -pore
211 1775 336 1849 gestum,
356 1769 394 1831 de
414 1769 471 1831 hoc
493 1771 545 1830 tibi
566 1769 696 1830 reseram.

464 1959 697 2022 CAPITULUM
717 1960 828 2022 XLVI.

123 2083 173 2143 De
199 2082 333 2143 sobolom
364 2085 449 2143 cuius
470 2085 575 2142 ocima
595 2085 628 2143 ia
648 2086 741 2160 specie
761 2081 915 2143 columboe
936 2088 1092 2159 ossunspto
1113 2089 1164 2143 est

188 2219 224 2279 In
246 2222 362 2281 civitate
382 2221 531 2280 Bonnensi
552 2220 695 2298 quaedam
716 2220 827 2281 inclusa
849 2227 910 2281 erat
930 2221 1076 2298 habitans,
1096 2219 1164 2281 reli·

10 2319 14 2328 '
123 2307 207 2386 glosa
228 2308 298 2367 satis
319 2313 407 2384 atquc
430 2307 544 2367 devota.
587 2307 670 2368 Haec
695 2325 761 2367 cum
788 2314 872 2368 nocte
901 2307 1028 2384 quadam
1055 2307 1164 2368 rimulis

122 2393 213 2455 cellae
234 2411 305 2454 suae
327 2393 508 2470 splendorem
529 2397 642 2454 immitti
665 2401 808 2471 temeret,
836 2402 865 2455 et
887 2393 962 2455 diem
984 2411 1048 2455 esse
1075 2399 1164 2472 puta·

103 2487 180 2556 ret,
201 2483 300 2541 territa
320 2488 437 2558 propter
456 2482 543 2542 horas
564 2482 692 2541 nondum
714 2481 819 2558 dictas,
846 2484 983 2557 surrexit,
1010 2481 1164 2542 fenestram

120 2585 223 2628 versus
244 2570 413 2628 cimiterium
434 2571 561 2646 aperuit;
589 2561 624 2628 et'
640 2585 707 2629 ecce
728 2571 808 2629 iuxta
829 2576 917 2645 caput
938 2568 1082 2644 sepulchri
1109 2585 1164 2629 cu·

120 2655 234 2716 lusdam
256 2655 394 2716 scholaris
414 2663 544 2717 recenter
564 2655 631 2716 illuc
654 2656 774 2736 sepulti,
804 2658 867 2715 miri
890 2656 1000 2716 decoris
1027 2655 1163 2716 feminam

120 2747 198 2802 stare
213 2746 370 2820 conspexit.
406 2741 505 2804 Gloria
519 2745 645 2820 corporis
667 2745 728 2803 cius
746 2743 867 2803 eandem
888 2742 983 2803 lucem
1005 2747 1163 2803 creaverat.

123 2827 230 2890 Stabat
258 2836 288 2889 et
308 2829 444 2889 columba
464 2833 551 2889 nivea
570 2847 656 2906 super
677 2830 834 2906 tumulum,
856 2846 943 2906 qnam
970 2829 1020 2889 illa
1046 2831 1163 2907 rapiens

120 2917 198 2976 misit
219 2918 248 2975 in
271 2917 363 2976 sinum
385 2934 479 2976 suum.
515 2916 632 2976 Inclusa
653 2933 723 2976 vero
737 2917 803 2977 licet
816 2918 873 2976 iam
894 2915 1065 2994 intelligeret
1086 2933 1162 2997 quae

121 3009 206 3079 esset,
222 3001 324 3063 'tamen
346 3020 411 3063 cum
440 3006 602 3063 reverentia
631 3020 773 3080 quaenam
802 3003 874 3062 soret
902 3005 1058 3079 requisivit
1108 3002 1162 3064 (lui

119 3087 184 3149 illa:
205 3087 270 3166 Ego
292 3107 357 3149 sum
379 3096 471 3149 mater
493 3089 613 3166 Christi,
641 3097 670 3150 et
691 3090 816 3149 animam
838 3089 976 3149 scholaris
997 3090 1082 3149 huius
1111 3091 1160 3167 qui

120 3193 190 3236 vere
210 3183 321 3254 martyr
343 3182 387 3236 est
408 3175 507 3236 tollere
528 3178 604 3236 veni.
645 3176 760 3237 Revera
777 3177 922 3236 scholares
949 3179 974 3236 si
995 3179 1162 3236 innocenter

61 3303 63 3310 ι
118 3263 230 3338 vivunt,
251 3271 281 3322 et
297 3255 422 3324 libenter
443 3263 572 3338 discunt,
596 3269 736 3340 martyres
764 3268 840 3323 sunt
891 3262 978 3339 Quod
1006 3265 1031 3322 si
1058 3270 1161 3339 postea

118 3355 195 3409 artes
218 3349 319 3410 doctas
340 3353 370 3408 in
391 3352 524 3424 caritate,
552 3351 677 3408 maxime
698 3351 728 3409 in
749 3350 806 3409 Dei
827 3351 945 3410 servitio
967 3351 1160 3427 exercuerint,

117 3453 254 3513 magnam
283 3452 319 3497 ex
348 3436 405 3498 hoc
431 3434 594 3496 mercedem
623 3443 844 3513 consequentur.
892 3436 940 3497 De
968 3437 1026 3498 hoc
1057 3436 1160 3498 audias

117 3523 290 3600 exemplum.

135 3830 166 3902 t)
184 3829 249 3886 usai.
267 3833 310 3900 54,
328 3833 353 3886 r.
