2642 4330
135 237 198 296 290
449 231 676 296 curmono
704 233 856 312 nomm

139 359 270 418 omnibus
292 375 343 416 our
363 360 404 418 ite
426 356 545 432 diceret,
566 361 669 418 itemm
690 358 746 418 hoc
767 360 888 418 verbum
910 355 1071 432 respondite
1096 355 1179 433 Quid

140 445 176 504 de
197 445 253 504 hoc
274 444 436 504 miramini-l
480 446 576 504 Tanta
597 453 641 504 est
658 443 767 504 malitis
787 463 861 520 mea,
883 449 912 504 et
931 451 992 504 tem
1014 445 1181 506 obstinatus

140 550 203 592 sum
224 536 254 590 in
275 532 339 606 illa,
366 539 400 590 ut
427 549 485 592 non
513 535 622 610 possim
642 532 750 608 aliquid
771 532 848 591 vello
867 533 942 592 boni.
985 531 1062 592 Huic
1082 532 1180 592 verbo

139 619 254 680 alterius
277 619 425 679 cuiusdam
448 619 594 679 daemonis
617 637 711 680 sermo
733 636 792 678 nou
814 618 976 680 concordat

511 826 745 888 CAPITULUM
765 827 807 886 X.

305 985 355 1043 De
376 985 436 1044 alio
458 985 608 1057 doemone,
637 987 690 1060 qui
710 987 864 1043 contrario
886 983 1007 1043 ἀίοώαι

206 1157 240 1216 In
263 1127 383 1240 ecclesie
395 1153 412 1236 ¹)
434 1158 511 1216 beuti
523 1157 602 1232 Petri
621 1159 652 1215 in
666 1156 785 1216 Colonia
793 1154 814 1237 ²)
837 1149 902 1216 cum
915 1157 1020 1216 femine
1031 1155 1178 1232 quaedem

140 1263 160 1303 a
180 1243 319 1303 daemone
351 1245 471 1304 obsessa
502 1245 700 1308 miserabiliter
731 1251 965 1318 tormentarctur,
996 1246 1113 1321 contigit
1144 1251 1179 1304 ut
1269 1241 1277 1252 '

141 1331 197 1390 alie
220 1332 345 1390 obsesso
372 1334 588 1406 superveniret..
617 1331 688 1390 Mox
717 1349 775 1390 una
803 1338 902 1390 contra
933 1329 1053 1389 alteram
1082 1333 1178 1406 coepit

140 1421 299 1494 insurgere,
329 1417 501 1477 clamoribus
532 1424 560 1476 et
589 1418 767 1477 coutumeliis
788 1420 830 1476 sic
850 1435 882 1477 sc
903 1419 1026 1476 invicem
1047 1418 1177 1492 afficere,

140 1512 173 1564 ut
195 1521 293 1564 omnes
315 1507 481 1562 miraremur
493 1502 523 1582 ³).
565 1505 697 1562 Daemon
720 1504 851 1564 daemoni
873 1504 1000 1564 dicebat:
1022 1504 1123 1580 Miser,
1144 1511 1179 1564 ut

143 1591 212 1668 quid
232 1591 434 1650 consentiendo
456 1591 587 1650 Lucifero
610 1594 651 1650 sic
673 1591 708 1650 de
730 1591 821 1668 gloria
842 1599 958 1651 aeterna
974 1591 1107 1650 ruimus?
1127 1591 1178 1650 Ad

143 1674 225 1754 quod'
241 1679 314 1737 alter
330 1678 487 1753 respondit:
510 1678 605 1753 Quare
626 1678 738 1737 fecisti?
760 1678 890 1754 Cumque
909 1679 957 1737 ille
979 1679 1074 1738 adhuc
1095 1681 1179 1754 quasi

142 1765 332 1841 poenitudinis
353 1767 443 1826 verba
459 1767 603 1840 proferret,
625 1765 696 1826 alter
717 1767 875 1826 subiunxit:
897 1765 984 1840 Tace,
1004 1767 1180 1841 poenitentia

143 1855 198 1912 ista
218 1847 368 1912 nimis'est
389 1869 465 1926 sera,
496 1853 588 1912 redire
616 1870 673 1911 non
695 1855 809 1927 poteris.
851 1851 949 1911 Vides
964 1859 1071 1928 quauta
1092 1854 1179 1912 sitin

142 1939 197 1998 illis
212 1934 416 2018 obstinatia⁴)l
438 1939 520 1998 Idem
533 1941 648 2015 spiritus
661 1940 803 2016 malignus
825 1939 861 1998 dc
882 1939 975 1997 ruditu
996 1940 1034 1999 ed
1051 1939 1183 2015 gloriam,

145 2029 218 2086 sicut
240 2029 381 2101 superior,
403 2028 609 2102 interrogatus,
633 2027 754 2085 verbum
776 2028 898 2085 sermoni
920 2028 981 2086 eius
1002 2026 1086 2086 velde
1109 2043 1182 2084 con-

135 2116 263 2173 trarium
295 2112 428 2180 audiente
460 2131 506 2172 me
535 2113 694 2188 respondit:
727 2113 757 2172 Si
787 2120 876 2186 esset,
909 2115 1014 2187 inquit,
1046 2112 1184 2173 columna

144 2201 236 2260 ferrea
257 2206 286 2258 et
298 2203 396 2275 ignita,
417 2203 531 2258 rasoriis
554 2206 582 2258 et
595 2199 707 2258 laminis
717 2197 737 2279 ⁵)
752 2201 922 2263 acutissimis
936 2205 1053 2274 armata,
1075 2208 1184 2260 aterre

145 2305 237 2362 usquc
265 2287 304 2344 ed
331 2287 443 2345 coelum
470 2294 580 2361 crecta,
612 2304 703 2361 usque
732 2285 771 2345 ud
797 2285 874 2344 diem
900 2281 1010 2360 iudicii,
1042 2289 1128 2345 etiam
1156 2289 1182 2345 si

145 2391 260 2433 carnem
287 2373 438 2448 haberem,
463 2377 492 2432 in
515 2392 573 2448 qua
594 2376 653 2448 peti
674 2391 801 2449 possem,
830 2390 876 2431 me
897 2391 949 2448 per
968 2373 1046 2434 illum
1067 2373 1182 2435 trahere

144 2461 256 2534 vellem,
278 2477 353 2518 nunc
377 2461 567 2534 ascendendo,
588 2477 664 2518 nunc
684 2459 891 2533 descendendo,
913 2459 1067 2519 dummodo
1089 2459 1182 2521 redire

143 2565 259 2624 possem
280 2546 318 2605 ad
339 2546 459 2622 gloriam
487 2551 515 2604 in
538 2565 596 2622 qua
619 2548 668 2606 lui.
711 2544 910 2606 NOVIOIUS:
940 2547 1016 2622 Quid
1038 2545 1182 2624 estquod
1203 2597 1206 2614 ,

143 2644 203 2692 tam
226 2637 366 2693 contraria
394 2633 563 2693 senscrunt?
607 2633 842 2692 MONACHUS:
875 2634 1008 2692 Daemon
1037 2637 1182 2710 superior,

144 2723 236 2780 sciens
257 2723 479 2796 propositionem
512 2721 565 2779 sibi
586 2721 691 2778 factam
708 2732 828 2794 'prorsus
849 2721 1067 2796 impossibilem,
1096 2721 1182 2779 muli-

145 2811 215 2867 tiam
227 2825 309 2866 suern
326 2807 464 2882 ostendit3
487 2809 539 2865 iste
554 2813 692 2881 quantum
708 2803 777 2865 boni
787 2802 946 2882 perdiderit,
968 2810 1062 2867 verbis
1076 2809 1182 2882 quibus

145 2895 235 2954 valuit
255 2895 420 2954 declaravit.
462 2893 664 2953 NOVIGIUS:
695 2893 844 2952 Timentne
874 2894 1027 2953 daemones
1056 2911 1181 2970 poenam

146 2984 200 3042 sibi
228 2979 450 3058 praeparatam?
482 2979 717 3040 MONACHUSc
747 2981 879 3040 Sentiunt
901 2987 930 3039 et
951 2985 1059 3040 timent.
1102 2981 1180 3041 Hinc

145 3075 188 3129 est
210 3070 287 3144 quod
301 3085 400 3127 omnes
414 3069 572 3144 exorcismi,
593 3071 641 3142 qui
655 3067 693 3126 ed
706 3066 818 3126 illorum
829 3065 1014 3148 nequitium⁶)
1037 3083 1181 3128 enervan-

146 3155 212 3214 dam
241 3155 326 3230 fiunt,
357 3171 409 3230 per
436 3156 531 3230 ignem
560 3161 588 3212 ot
616 3161 772 3212 extremum
801 3154 936 3214 iudicium
964 3155 1180 3215 concluduntur.

145 3244 239 3320 Quem
260 3243 353 3318 parati
374 3243 430 3300 sint
450 3241 488 3300 ed
509 3241 670 3308 nocendum
687 3240 858 3316 hominibus,
879 3241 941 3300 aliis
962 3243 1014 3302 tibi
1028 3242 1180 3302 ostendum

144 3331 288 3405 exemplis.
1025 3359 1030 3366 ·
1134 3334 1138 3343 ’

165 3656 196 3724 ¹³
212 3655 297 3795 3¹23
304 3666 430 3779 ”stt
435 3673 518 3780 inlr
526 3659 567 3792 1²0³,
580 3657 658 3780 lin?
664 3657 849 3795 ll⁰1¹l³353
860 3657 896 3778 ἓξ
907 3655 1177 3782 illitisl‘ll

210 3797 357 3850 lectionem:
377 3797 520 3852 calamis.
539 3827 571 3838 —
590 3797 621 3866 6)
640 3796 681 3850 Bc
698 3796 865 3856 melitium.
