2664 4308
132 215 170 274 16
439 211 667 276 DISTINGTIO
689 210 864 280 SEPTIMA

488 404 723 466 CAPITULUM
743 403 831 464 XHL

192 527 268 588 Item
289 519 328 586 de
347 527 447 587 eodem
468 544 617 600 conuerso,
640 534 668 586 et
688 529 789 586 ceteris
811 529 957 586 conversis
977 525 1111 602 infimum,

398 631 472 690 quos
494 620 585 674 noctu
606 617 729 675 visitans
752 611 907 674 benedicit.

196 734 289 795 Nocte
311 734 437 811 quadam
466 753 531 795 eum
558 753 714 795 conversus
741 735 886 811 praelatus
915 733 1028 795 sederet
1048 737 1078 794 in
1097 733 1175 795 lecto

134 839 186 881 suo
199 824 229 880 in
241 821 426 898 infirmitorio,
448 829 477 882 et
491 825 590 882 ceteris
606 823 811 882 dormientibus
825 823 931 882 diceret
942 824 1084 882 orationes
1099 839 1176 898 suos,

133 909 204 968 vidit
217 907 373 970 Dominam
394 916 522 968 nostram
544 909 664 969 candem
688 908 820 968 cellulam
834 906 849 988 ¹)
871 912 901 968 in
923 926 1029 985 magne
1047 909 1175 968 claritate

132 998 300 1071 intrantem,
328 996 470 1055 monacho
493 996 634 1072 quodum,
664 1014 750 1072 quem
771 998 919 1056 nominare
940 996 1022 1072 nolo,
1054 1013 1176 1072 praece-

133 1082 232 1158 dente,
261 1081 399 1144 m'atrouis
428 1082 541 1142 dusbus
564 1083 814 1158 subsequentibus.
857 1082 950 1159 Super
979 1086 1064 1160 cuius
1089 1089 1178 1159 ceput

78 1241 82 1250 β
133 1186 200 1230 oum
220 1187 339 1229 manum
352 1171 503 1245 posuisset,
523 1170 614 1229 lectos
628 1169 803 1228 infirmorum
811 1165 831 1250 ²)
854 1171 1038 1246 perlustrans,
1061 1175 1089 1230 et
1107 1168 1176 1228 dor-

133 1257 287 1316 mientibus
308 1255 496 1331 benedicens,
525 1258 628 1316 iterum
649 1256 687 1316 ad
710 1273 776 1315 eum
796 1256 895 1332 rediit,
923 1274 1069 1333 manuque
1090 1272 1178 1332 super

134 1347 223 1419 ceput
244 1345 305 1402 eius
328 1343 455 1402 secundo
477 1345 587 1419 posita,
615 1345 657 1403 sic
679 1345 734 1403 eit:
763 1342 845 1403 Deus
867 1343 1019 1404 benedicet
1039 1341 1177 1419 quicquid

133 1429 181 1490 bic
209 1436 315 1489 manet.
363 1429 469 1505 Sisque
498 1447 615 1506 egresse
643 1437 696 1490 est.
742 1429 947 1491 NOVICIUS:
977 1429 1008 1490 Si
1037 1433 1077 1490 sic
1107 1430 1177 1490 dor·

134 1519 255 1576 micutes
275 1517 408 1576 noctibus
438 1534 456 1576 e
485 1517 602 1593 speculo
624 1519 712 1576 totius
735 1519 873 1577 castitatis
895 1520 1058 1593 visitentur,
1090 1515 1177 1577 valde

135 1603 231 1678 decet,
259 1608 292 1662 ut
320 1610 380 1662 tum
409 1603 537 1664 ordinate
567 1610 596 1664 et
623 1611 683 1664 tem
713 1607 870 1680 composite
900 1605 1024 1681 religiosi
1044 1606 1073 1663 in
1094 1604 1177 1664 lectis

133 1692 194 1750 suis
215 1692 308 1750 iecere
331 1690 481 1766 studeant,
509 1698 542 1750 ut
562 1693 708 1768 virgineus
729 1698 862 1768 aspectus
883 1692 913 1750 in
936 1694 976 1750 eis
1003 1679 1062 1752 uon
1084 1691 1177 1751 olien-

135 1776 228 1838 detur.
270 1774 505 1838 MONACHUS:
534 1776 619 1838 Juste
647 1780 779 1838 moveris.
821 1778 957 1838 Referam
983 1779 1035 1837 tibi
1057 1777 1093 1838 de
1120 1777 1176 1838 hoc

135 1863 314 1941 exemplum,
346 1864 424 1942 quod
445 1881 491 1925 me
518 1864 633 1925 audisse
654 1865 748 1926 recolo
771 1883 790 1926 e
810 1867 947 1942 magistro
969 1882 1034 1926 mco
1056 1867 1085 1924 in
1098 1881 1176 1950 pro·

135 1951 261 2012 batione.

487 2107 720 2170 CAPITULUM
743 2107 829 2169 XIV.

186 2229 262 2288 Item
284 2229 320 2288 de
341 2229 500 2306 mouuebb,
523 2230 630 2306 quidm
655 2229 866 2290 dormientibus
889 2229 1042 2304 benedicit,
1064 2247 1127 2290 uere

299 2323 418 2376 tumtum
439 2319 584 2393 nepteeto,
607 2321 679 2394 quta
701 2318 870 2377 inordinate
891 2316 1014 2378 iacebat.

199 2437 361 2498 Monachus
384 2438 515 2514 quidem,
544 2441 618 2498 sieut
638 2439 800 2515 frequenter
821 2440 971 2516 contingit,
1005 2455 1071 2498 cum
1091 2445 1176 2500 nocto

138 2524 264 2600 quadum
285 2525 406 2585 dormire
428 2543 485 2586 non
507 2532 621 2601 posset,
650 2524 813 2600 diceretque
835 2529 977 2584 crationes
999 2543 1082 2600 suas,
1104 2542 1176 2586 cou-

135 2611 291 2687 templatus
314 2619 357 2672 est
377 2615 407 2671 in
429 2612 593 2672 dormitorio
608 2612 743 2672 seminem
764 2615 825 2671 miri
850 2612 967 2672 decoris.
1004 2611 1087 2688 Quae
1111 2631 1175 2672 cum

136 2698 335 2758 dormientium
356 2699 447 2759 lectos
469 2702 614 2773 circuiret,
642 2699 760 2775 singulis
788 2699 948 2774 benedixit,
977 2716 1034 2758 uno
1064 2693 1209 2759 tantum‘

135 2785 278 2845 monacho
299 2785 445 2861 neglecto,
478 2803 565 2862 quem
585 2803 643 2844 non
656 2784 676 2866 ³)
698 2788 838 2862 respicere
861 2788 979 2846 curavit.
1023 2784 1108 2846 Hunc
1129 2789 1176 2846 vi-

135 2871 227 2949 gilans
251 2873 412 2949 diligentius
433 2880 551 2948 notans,
574 2890 640 2932 curn
661 2875 735 2932 visio
757 2875 783 2932 ei
804 2874 904 2932 luisset
924 2875 1055 2933 intimate
1075 2890 1175 2947 mane,

136 2958 284 3019 consessus
315 2965 359 3019 est
381 2959 457 3035 quod
480 2960 582 3019 eadem
603 2966 687 3021 nocte
707 2959 866 3019 inordinate
887 2962 1035 3035 iacuisset,
1068 2958 1175 3036 aliquid

136 3046 191 3105 sibi
214 3045 249 3105 do
270 3048 363 3123 rigore
386 3047 491 3105 ordinis
505 3045 669 3106 relaxando.
712 3045 777 3106 Non
799 3047 868 3105 mihi
882 3046 975 3106 dicere
996 3049 1089 3122 potuit
1110 3066 1175 3107 me·

134 3135 223 3209 gister
243 3150 334 3208 meus,
355 3139 451 3192 utrum
466 3133 610 3210 cingulum
624 3133 797 3210 deposuerit,
812 3133 859 3195 vel
873 3133 979 3210 caliges
995 3131 1175 3214 demiseris),

135 3221 196 3278 sire
226 3219 576 3286 tunicamdenodarerit.
624 3219 828 3280 NOVICIUS:
860 3220 891 3280 Si
919 3237 971 3296 pro
1001 3221 1086 3297 culpe
1115 3231 1175 3281 tom

135 3305 249 3366 modice
271 3307 429 3366 monachus
451 3309 504 3367 iste
525 3309 618 3384 gretie
638 3307 845 3367 benedictionis
866 3309 994 3384 privatus
1017 3315 1075 3383 est,
1103 3315 1176 3384 puto

136 3409 202 3452 oum
225 3391 342 3468 dignum
365 3411 427 3454 csse
449 3411 557 3470 poene,
591 3396 639 3469 qui
666 3394 824 3454 inordinate
855 3401 883 3453 et
911 3393 1054 3470 impudice
1081 3397 1175 3456 iacere

136 3479 278 3539 dormiens
308 3477 496 3560 consuerit⁶).
546 3479 782 3541 MONACHUS:
815 3481 862 3540 De
883 3481 939 3540 hoc
960 3480 1083 3541 terribile
1105 3485 1174 3542 satis

135 3565 226 3626 hebes
248 3565 409 3644 exemplum
430 3571 459 3628 in
475 3567 654 3659 distinctione
667 3571 768 3644 quintu
782 3567 906 3645 capitulo
919 3570 1061 3628 tricesimo
1083 3572 1175 3644 tertio,

87 3722 92 3731 ’
154 3719 185 3788 1)
202 3718 222 3771 Β
241 3718 368 3771 cellam.
388 3749 419 3760 -
439 3721 471 3789 2)
488 3717 510 3771 D
528 3720 732 3789 singulorum
749 3720 1047 3790 infirmorum-3)
1065 3721 1087 3774 B
1104 3737 1172 3776 uec.

204 3818 234 3829 —
255 3789 286 3856 4)
305 3788 386 3843 BGDl'
404 3788 576 3842 dimiserit.
597 3819 626 3830 -
648 3792 679 3859 5)
697 3790 717 3843 B
736 3791 959 3844 consueverit.
