2580 4316
169 235 227 318 rr'
495 255 870 319 nurmcnorsms

167 377 262 460 rent)
284 379 460 439 admoneret
504 380 633 456 Quantas
654 380 787 440 habuerit
807 379 1025 454 consolationes,
1046 396 1134 454 quam
1147 381 1206 438 mi-

168 466 261 526 rificas
282 468 422 541 visiones,
449 466 526 526 solus
555 467 602 526 ille
634 468 718 543 plene
730 465 751 547 2)
773 465 870 541 uovit',
899 468 949 541 qui
969 474 1071 525 auctor
1090 467 1207 544 illarum

168 553 228 612 luit
271 552 375 612 Dicam
397 555 448 613 tibi
470 554 549 629 quod
569 555 639 612 mihi
659 555 754 613 retulit
776 553 933 613 monachus
955 553 1073 628 quidam
1086 553 1207 630 religio-

167 657 217 699 sus
229 637 429 719 ³)Vilariensis
453 641 488 700 de
510 640 566 700 illo
611 639 685 700 Cum
707 647 782 700 esset
800 647 928 716 tempore
943 640 1068 716 quodam
1088 639 1207 699 bebdo-

167 726 312 785 madarius
349 729 503 803 coquinae,
543 735 572 787 et
607 729 730 788 sabbato
773 727 931 786 secundum
968 727 1207 786 consuetudinem

167 813 277 873 lavaret
297 813 385 889 pedes
407 815 620 889 monachorum,
642 815 718 874 dicto
741 814 944 890 completorio,
967 831 1033 872 eum
1055 813 1208 874 clausisset

168 903 329 975 oratorium,
352 908 412 960 erat
433 895 509 960 euim
530 903 656 976 sacrista,
679 903 810 977 apparuit
832 904 857 960 ei
868 901 1001 960 Salvator
1012 900 1098 961 linteo
1116 918 1207 976 prae-

168 989 286 1061 cinctus,
298 995 327 1046 et
338 989 444 1064 pelvim
458 991 487 1046 in
498 997 705 1062 manutenens,
728 995 756 1047 et
766 984 788 1068 ¹)
800 990 841 1046 ait
851 989 888 1046 ad
896 986 1098 1048 Godefiidum:
1119 986 1208 1063 Sede,

167 1080 200 1134 ut
221 1074 316 1134 lavem
337 1076 425 1150 pedes
447 1083 526 1151 tuos,
556 1093 590 1135 eo
620 1075 697 1151 quod
727 1075 835 1135 dudum
862 1075 965 1134 laveris
993 1075 1082 1150 pedes
1114 1090 1207 1134 meos.

168 1161 223 1237 Qui
236 1159 256 1241 ¹)
280 1179 346 1220 eum
368 1165 480 1222 territus
506 1169 651 1238 renueret,
685 1165 779 1240 coegit
807 1179 888 1237 eum,
916 1162 1053 1237 flexisque
1081 1161 1207 1238 genibus

166 1247 255 1323 pedes
277 1250 338 1307 eius
360 1250 438 1323 lavit,
460 1252 557 1324 sicque
580 1250 725 1326 disparuit.
767 1248 901 1310 Secunda
917 1249 1065 1325 leriapost
1078 1247 1207 1322 Palmas,

167 1341 245 1394 stans
267 1337 295 1393 ιιι
319 1335 414 1410 choro,
436 1337 665 1411 cumpsalmus,
686 1337 837 1396 Eructavit
858 1353 1037 1410 cormeum,
1059 1335 1164 1394 devoto
1186 1352 1207 1394 a

167 1428 310 1480 conventu
339 1417 587 1502 decantaretur),
616 1441 683 1483 ecce
716 1425 797 1500 virgo
811 1419 831 1502 ι)
860 1421 984 1500 gloriosa
1004 1423 1063 1481 Dei
1081 1423 1206 1498 genitrix

166 1507 260 1567 Maria
282 1509 317 1567 de
338 1510 516 1586 presbyterio
539 1509 733 1586 descendens,
756 1518 787 1569 et
805 1507 956 1590 chorum‘)
977 1527 1057 1569 more
1078 1507 1208 1568 Abbatis

167 1597 319 1670 circuiens,
341 1598 488 1655 monacbis
509 1598 669 1672 benedixit,
690 1600 788 1673 sicque
809 1599 882 1656 inter
902 1595 1027 1657 Abbatis
1049 1603 1078 1656 et
1097 1595 1207 1655 Prioris

166 1681 280 1742 stallum
313 1685 425 1760 exiens,
460 1687 539 1758 quasi
568 1685 607 1743 ad
642 1702 844 1744 conversorum
876 1684 995 1744 chorum
1030 1685 1206 1759 properavit

166 1767 263 1827 Exivit
282 1769 329 1829 ille
351 1776 417 1846 post
439 1788 511 1846 eam,
532 1778 564 1830 ut
585 1771 696 1832 videret
717 1789 774 1848 quo
796 1773 857 1848 iret,
879 1771 930 1830 sed
952 1788 1017 1830 eam
1037 1769 1206 1829 viderenon

165 1857 267 1930 potuit.
310 1856 421 1933 Statim,
442 1860 539 1917 nescio
561 1865 657 1918 utrum
676 1861 807 1935 proxima
827 1858 875 1918 vel
895 1860 979 1917 tertia
993 1856 1048 1931 die,
1068 1855 1207 1916 infinnari

167 1945 269 2018 coepit
297 1943 335 2002 Et
357 1962 422 2004 cum
443 1944 588 2004 laboraret
607 1948 749 2005 iu-acutis
761 1942 791 2025 ⁹),
813 1962 904 2021 usque
925 1943 1119 2004 iuPascbain
1131 1960 1206 2002 con-

166 2036 253 2088 ventu
265 2047 451 2106 perseverans
467 2028 505 2112 ¹⁰),
527 2031 701 2109 dorsumque
715 2033 947 2110 castigationibus
957 2033 1095 2105 lacerans,
1116 2036 1207 2106 atque

166 2133 263 2176 sacros
285 2135 395 2192 pannos
418 2136 483 2177 cum
504 2122 605 2178 ceteris
627 2119 741 2195 lavans,
762 2120 879 2179 undem
899 2117 1061 2178 infirmitate
1085 2117 1206 2192 depres-

167 2220 223 2278 sus,
245 2206 275 2262 in
296 2205 470 2264 infirmitorio
489 2203 515 2285 ¹¹)
539 2207 685 2282 depositus
707 2213 759 2266 est.
791 2207 847 2283 Qui
870 2224 935 2266 cum
956 2209 1014 2265 iam
1032 2206 1206 2282 agonizaret,

167 2297 196 2348 et
217 2299 293 2350 esset
313 2298 426 2369 tempus
456 2293 638 2370 comedendi,
667 2295 736 2352 dixit
765 2296 791 2352 ei
819 2295 946 2352 minister
974 2309 1058 2351 suus:
1090 2291 1207 2351 Invitus

166 2376 243 2435 vado
265 2379 430 2453 comedere,
451 2381 554 2439 timens
575 2399 612 2440 ne
633 2384 745 2440 interim
766 2382 935 2440 moriamini.
976 2378 1076 2452 Vade,
1097 2379 1206 2452 iuquit,

165 2480 298 2538 securus,
321 2472 387 2525 ante
408 2466 514 2526 videbo
536 2473 574 2525 te
617 2467 762 2543 Quicum
782 2470 812 2526 in
833 2484 932 2526 mensa
953 2465 1080 2539 sederet,
1102 2463 1207 2524 (iode-

165 2549 253 2609 fridus
275 2553 380 2611 ostium
400 2554 539 2612 refectorii
561 2557 686 2630 aperuit,
714 2554 887 2614 monachum
915 2556 1040 2628 respexit
1061 2558 1091 2610 et
1110 2552 1207 2610 bene-

166 2623 249 2713 dixit,
265 2641 363 2714 sicque
384 2656 485 2699 vorsus
508 2645 661 2700 oratorium
683 2641 811 2701 tetendit
854 2640 981 2700 Territus
1002 2637 1058 2714 ille,
1080 2638 1208 2714 putabat

166 2741 232 2784 eum
252 2726 421 2786 miraculose
443 2728 632 2788 convaluisse.
675 2729 836 2804 Statimque
857 2744 993 2803 percussa
1015 2723 1118 2785 estad
1140 2726 1205 2783 exi-

164 2819 227 2872 tum
248 2815 308 2872 eius
330 2813 441 2873 tabula¹
443 2810 479 2893 ²),
512 2821 541 2873 et
561 2815 692 2898 recordat
693 2834 727 2874 us
749 2823 793 2875 est
812 2814 999 2886 infirmarius,
1021 2815 1091 2888 quia
1096 2807 1124 2891 ¹)
1146 2812 1206 2872 boc

166 2900 192 2958 ei
212 2901 388 2976 promiserat.
431 2899 546 2960 Nudato
570 2901 630 2962 eius
652 2919 771 2979 corpore
792 2901 830 2961 ad
851 2901 1023 2975 lavandum,
1050 2902 1091 2958 ita
1118 2900 1205 2958 ‘mve-

163 2993 267 3044 nerunt
289 2986 404 3046 dorsum
426 2990 486 3046 eius
508 2989 599 3066 plagis
622 2993 767 3066 virgarum
787 2989 914 3063 lividum,
938 2993 971 3046 ut
992 3003 1092 3046 omnes
1112 2987 1205 3046 mira-

164 3079 269 3132 rentur.
311 3074 410 3149 Nuper
430 3092 482 3150 per
502 3076 706 3136 revelationem
727 3076 823 3137 levata
845 3082 911 3134 sunt
933 3077 1070 3134 ossaeius
1086 3066 1115 3151 ¹⁴)
1131 3074 1204 3131 etin

164 3162 288 3219 sacrario
310 3163 418 3236 posita,
449 3171 688 3240 reservanturque
708 3181 761 3239 pro
783 3163 917 3238 reliquiis.
958 3162 1019 3237 Ipsi
1040 3160 1131 3237 gloria
1153 3161 1204 3234 qui

165 3245 318 3306 cicadae
348 3265 500 3308 conversos
527 3251 706 3327 magnificat,
739 3247 825 3329 cui¹⁵)
849 3267 915 3309 cum
935 3248 1023 3308 Patre
1045 3251 1075 3306 et
1094 3245 1203 3322 Spiritu

183 3396 502 3466 1JGpraeperarent
525 3403 853 3468 perpetientiamoe
822 3399 1019 3469 2)pleuc
1037 3413 1078 3449 om
1096 3395 1147 3449 lili.
1168 3424 1200 3434 -

233 3468 618 3536 3)rcligiosusoan.-
640 3470 878 3538 l)etomG.—
886 3465 1149 3553 ,aputquoooe
1168 3464 1222 3535 6)Ι

232 3536 505 3591 Cdacantaretur
530 3555 545 3590 a
572 3548 743 3592 conventu.
763 3569 794 3579 -
813 3541 846 3608 7)
863 3555 957 3608 virgo
981 3535 1147 3590 addua·
1117 3533 1202 3600 -8J

232 3605 313 3658 Gadd
330 3608 610 3660 monachorum—
579 3611 656 3677 -9]
671 3608 714 3660 θ’
707 3627 738 3660 ιιι
756 3612 863 3661 acutis
880 3609 1106 3661 laboraret—
1120 3601 1202 3684 1010

233 3679 522 3743 perseveravit—
541 3679 589 3746 11)
607 3680 648 3731 BP
665 3680 903 3742 rrrlrrmatorro
926 3693 984 3730 mox
1010 3675 1086 3728 iidem
1113 3673 1201 3741 posi-

234 3754 342 3797 tus.-
312 3746 411 3814 -12J
430 3746 449 3798 Β
467 3746 580 3798 tabula
603 3749 641 3799 ad
660 3751 780 3801 exitum
798 3751 883 3813 cius,
899 3748 921 3800 ll
939 3746 1051 3800 tabula
1072 3741 1109 3796 nd
1127 3743 1200 3793 eius

233 3817 404 3867 exitum-
417 3816 465 3883 13)
483 3815 502 3870 C
520 3817 652 3884 quod·
621 3819 742 3887 -14)0
759 3822 829 3872 cius
846 3834 929 3872 ossa.
942 3847 972 3858 -
985 3817 1033 3884 15)
1050 3815 1103 3870 cui
1120 3811 1199 3864 omG.
