2580 4316
187 264 227 322 66
489 259 716 324 DISTINOTIO
736 259 921 324 SECUNDA

135 375 145 384 “
186 400 301 444 omnem
322 383 451 444 ordinem
472 386 603 460 reicum
624 383 721 444 multis
741 384 881 459 lacrimis,
913 381 1047 444 videlicet
1068 399 1155 458 quam
1174 385 1218 442 in·

187 471 272 548 digne
294 474 378 531 tertio
400 470 531 546 repulsus
553 473 589 530 sit
611 489 629 530 a
651 471 753 532 divinis
774 472 968 531 sacramentis.
1009 469 1112 531 Abbas
1140 486 1219 544 vero,

188 561 262 618 sicut
282 559 326 618 vir
347 558 472 646 prudens
494 565 523 618 et
544 559 698 634 discretus,
731 561 883 618 contritum
909 575 976 617 eum
998 573 1034 617 ex
1054 564 1116 618 toto
1138 556 1219 618 corde

187 644 388 720 considerans,
410 647 602 721 virtutemque
623 647 797 706 contritionis
818 646 941 722 probare
962 644 1079 719 volens,
1101 643 1220 704 dandam

187 734 392 810 poenitentiam
424 733 585 809 suspendit,
618 739 648 792 et
674 739 707 792 ut
740 734 820 792 ocius
847 734 901 792 iret
929 730 1074 792 celebrare
1108 732 1221 790 missam

187 820 343 896 praecepit.
385 819 438 879 Ille
460 837 528 880 vcro
551 820 634 895 quasi
654 819 720 879 Deo
742 819 880 880 obediens
902 818 1055 879 confessori
1076 833 1138 892 suo,
1159 835 1222 878 cum

189 904 279 966 multo
300 907 401 966 timore
424 911 453 966 et
465 903 481 986 ¹)
503 906 627 966 lacrimis
649 905 687 966 ad
709 907 798 966 altare
820 908 938 974 missam
959 904 1153 966 celebraturus
1172 920 1221 964 ac-

188 994 281 1066 cessit,
303 1010 390 1068 quem
411 995 476 1068 pius
497 994 647 1068 Dominus,
671 995 720 1068 qui
740 993 811 1052 nihil
831 993 934 1052 horum
956 992 1035 1068 odit,
1057 1009 1132 1067 quae
1152 990 1222 1063 lecit,

188 1079 240 1140 sed
262 1079 422 1139 dissimulat
442 1085 564 1156 peccata
584 1079 732 1156 homipum
752 1086 869 1156 propter
895 1081 1101 1156 poenitentiam
1108 1074 1143 1160 ²),
1170 1079 1222 1136 mi·

189 1165 315 1226 rabiliter
334 1165 509 1228 laetificavit
552 1167 630 1226 Ante
651 1166 753 1226 horam
774 1169 923 1226 sumtionis
946 1166 1079 1227 columba
1100 1165 1222 1238 rediens,

190 1261 248 1313 tres
269 1252 387 1327 hostias,
409 1269 481 1328 quas
503 1251 696 1334 singillatim³)
718 1254 831 1326 tulerat,
852 1251 937 1314 simul
958 1258 1049 1314 rostro
1061 1247 1223 1331 deferensl),

190 1339 330 1415 corporali
350 1342 501 1416 imposuit,
531 1347 559 1400 et
588 1341 674 1400 tn‘um
705 1343 857 1400 missarum
884 1341 1024 1417 liquorem
1050 1339 1087 1399 de
1114 1345 1223 1417 gutture

189 1444 243 1488 suo
266 1426 345 1488 calici
366 1428 490 1502 immisit,
511 1444 548 1488 ac
569 1429 695 1488 recessit.
726 1427 838 1488 Videns
859 1427 1102 1504 haecpresbytcr,
1123 1425 1223 1503 gaudio

190 1513 316 1589 repletus
337 1518 381 1572 est
402 1514 541 1589 maximo,
568 1517 675 1592 gratias
705 1531 793 1591 agens
815 1513 896 1589 Deo,
925 1516 974 1590 qui
1001 1514 1070 1574 lacit
1090 1511 1225 1574 mirabilia

190 1618 296 1677 magna
317 1597 437 1680 solus⁵).
479 1600 682 1677 Reversusque
703 1601 742 1660 ad
762 1599 928 1676 Abbatcm,
962 1601 1089 1660 divinam
1111 1603 1137 1660 ei
1158 1616 1224 1662 con-

191 1687 360 1748 solationem
381 1689 519 1762 recitavit,
541 1684 600 1767 et⁶)
622 1695 655 1747 ut
676 1689 713 1748 ab
737 1705 771 1748 eo
792 1691 822 1747 in
843 1687 1017 1748 monachum
1037 1689 1224 1764 reciperetur,

190 1773 334 1834 humiliter
355 1773 534 1850 supplicavit.
578 1774 632 1834 Cui
652 1774 928 1852 responditAbbas:
949 1775 1015 1836 Non
1036 1781 1066 1835 te
1088 1775 1225 1836 hoctem·

191 1878 261 1939 pore
281 1862 449 1942 suscipiam,
477 1861 529 1921 sed
557 1861 625 1922 volo
652 1869 685 1922 ut
711 1879 791 1922 mare
811 1867 956 1937 transeas,
985 1868 1015 1922 et
1035 1878 1088 1938 pro
1110 1866 1225 1938 peccato

191 1956 241 2008 tuo
263 1949 354 2008 tribus
375 1948 456 2008 annis
488 1949 518 2006 in
545 1947 680 2025 hospitali
705 1949 913 2009 infirmantibus
941 1950 1059 2009 servias.
1103 1949 1135 2009 Si
1162 1955 1225 2007 tunc
1266 1988 1270 1999 .

192 2052 324 2096 reversus
345 2035 438 2109 fircris,
459 2035 567 2094 nullam
588 2053 607 2094 a
627 2053 675 2096 me
696 2036 840 2113 repulsam
849 2037 974 2111 patieris.
1006 2033 1136 2096 Volebat
1147 2035 1224 2106 enlm,

180 2130 225 2182 *ut
245 2139 297 2199 per
317 2121 446 2182 laborem
467 2124 540 2181 tanti
559 2124 666 2184 itineris
688 2129 717 2184 cl
737 2123 864 2200 pericula
884 2124 985 2198 maris,
1012 2137 1138 2199 poenam
1156 2136 1223 2198 pcc·

192 2207 277 2289 cati⁷)
300 2208 422 2283 deleret,
455 2214 484 2269 ct
504 2225 646 2284 pauperes
666 2210 850 2288 infirmosque
871 2216 988 2286 propter
1008 2225 1098 2285 opera
1117 2209 1223 2268 miseri-

192 2296 306 2356 cordiae
338 2296 393 2355 sibi
428 2297 630 2356 intercessores
661 2296 776 2358 taceret.
824 2297 907 2356 Facit
936 2296 985 2356 illc
1018 2295 1098 2372 quod
1126 2296 1223 2355 Abbas

191 2371 353 2460 pracco'pit,
375 2388 404 2442 et
424 2389 490 2458 post
510 2389 568 2444 tres
589 2399 680 2442 annos
701 2389 861 2458 revertens,
883 2382 1013 2443 habitum
1034 2382 1177 2460 religionis
1197 2382 1223 2440 in

192 2471 253 2530 eius
275 2469 361 2529 domo
382 2471 515 2545 suscepit
557 2467 763 2531 NOVIOIUS:
783 2470 866 2530 Felix
886 2476 1051 2546 peccatum,
1073 2472 1155 2534 cuitu
1175 2483 1223 2528 oc·

192 2558 306 2616 cesione
338 2561 435 2616 tantus
463 2562 598 2632 peccator
624 2556 663 2616 ad
690 2562 803 2616 tantum
829 2559 959 2634 pervenit
990 2557 1109 2617 bonum
1150 2552 1223 2616 MO-

191 2641 366 2704 NACHUSr
388 2642 471 2702 Licet
492 2642 620 2704 mortalis
641 2660 717 2704 noxa
738 2646 768 2703 in
789 2660 821 2704 se
841 2643 927 2704 valde
941 2643 1072 2719 sitmala,
1095 2642 1223 2720 aliquan-

191 2728 229 2790 do
250 2737 347 2790 tamen
367 2746 420 2804 per
440 2731 621 2790 occasionem
643 2730 816 2806 quibusdam
836 2729 957 2792 efficitur
987 2732 1079 2805 bona,
1111 2729 1141 2790 id
1168 2735 1222 2800 eat,

190 2816 275 2876 utilis.
312 2816 433 2876 ,timore
453 2819 538 2876 unius
558 2819 670 2892 pcccati
701 2816 873 2894 quandoque
894 2817 980 2879 homo
1003 2835 1021 2878 a
1042 2817 1149 2894 multis,
1168 2818 1222 2874 imo

190 2905 228 2964 ab
236 2898 259 2984 ⁸)
282 2904 415 2964 omnibus
435 2905 561 2979 peccatis
581 2904 726 2964 liberatur.
768 2905 848 2964 Dum
870 2905 946 2964 enim
976 2920 1101 2980 poenam
1131 2903 1222 2964 immi·

190 2997 306 3050 nentem
326 2993 417 3065 timet,
439 2990 589 3051 confitetur
610 2997 639 3052 et
660 2991 756 3065 dolet,
778 2998 808 3051 et
828 3009 880 3068 per
900 2993 1103 3068 poenitentiam
1134 2995 1223 3050 rotun

191 3076 274 3138 delet
317 3076 519 3138 NOVIOIUS:
548 3078 629 3138 Bene
657 3078 714 3140 hoc
743 3078 821 3154 quod
843 3078 913 3138 dicis
936 3077 1076 3153 concedo,
1107 3079 1174 3154 quie
1200 3075 1222 3134 si

78 3184 81 3194 ·
190 3181 277 3222 unam
306 3163 461 3226 deformem
489 3165 632 3226 maculam
663 3167 693 3224 in
726 3171 808 3226 veste
834 3182 900 3226 mea
933 3164 1046 3239 videro,
1075 3165 1222 3226 occasione

189 3250 281 3310 illius·
297 3257 389 3310 totam
415 3259 527 3312 vestem
552 3252 629 3312 lavo.
671 3250 907 3312 MONAOHUS:
937 3252 1003 3313 Hoc
1029 3259 1126 3312 tamen
1154 3250 1221 3310 scire

84 3405 86 3414 y
190 3337 288 3410 debes,
309 3338 386 3413 quod
408 3339 672 3418 quandoqueDeus
693 3345 813 3416 peccata
831 3338 944 3398 dimittit
957 3339 1096 3414 mortalia,
1118 3346 1147 3398 et
1167 3352 1220 3396 non

191 3424 333 3500 quaedam
353 3425 490 3486 vernalia:
511 3425 642 3488 sednon
664 3425 778 3486 dimittit
799 3425 915 3502 chouod
936 3425 1057 3499 veniale,
1077 3421 1220 3484 nisisimul

210 3629 239 3695 1)
257 3628 277 3681 G
295 3644 338 3680 ac.
356 3659 387 3668 -
417 3629 448 3696 2)
466 3630 577 3696 Sapient.
597 3629 758 3692 11,2l.2⁵.
779 3659 810 3668 -
827 3629 870 3697 ’3)
896 3629 917 3682 0
942 3629 1167 3698 singulariter.
1192 3655 1219 3665 -

258 3698 291 3764 l)
309 3697 350 3750 CI)
368 3700 399 3750 in
424 3706 535 3751 rostro
562 3696 731 3764 deterens,
748 3699 820 3752 llorn.
838 3706 946 3752 rostro
963 3699 1124 3751 reterens.
1142 3727 1172 3738 -
1191 3694 1220 3760 5)

258 3766 331 3818 Psal..
343 3767 401 3830 135,
418 3769 444 3819 l.
465 3797 495 3810 -
521 3769 553 3837 6)
570 3776 597 3820 et
620 3783 660 3820 cnr
678 3767 707 3822 G.
726 3799 756 3810 -
785 3769 818 3837 7)
839 3767 860 3822 G
881 3770 1005 3836 peccari
1031 3783 1171 3836 poenam.
1191 3792 1218 3802 -

258 3836 290 3902 8)
307 3835 345 3887 ab
363 3852 403 3888 onr
419 3836 448 3889 Ι).
