2622 4322
457 271 511 332 DE
533 271 796 344 ΤΕΝΤΑΤΙΟΝΕ.
1084 275 1145 334 269

109 401 140 455 et
161 396 194 452 in
205 411 330 471 paupere
345 392 489 454 Christum
503 394 655 470 honorans,
668 394 768 472 sellem
780 396 834 455 sibi
846 390 863 475 ¹)
885 400 984 454 eontra
994 411 1027 454 se
1040 411 1147 470 ponere
1242 423 1244 432 ν

106 483 208 556 iussit,
238 487 267 540 et
294 498 331 540 ex
359 499 419 542 una
439 481 558 541 scutella
585 499 700 557 unoque
722 481 831 559 scypho
854 498 919 541 cum
941 498 976 541 eo
998 480 1146 542 comedere

107 574 138 628 et
169 569 268 628 bibere
301 584 360 627 non
393 571 549 628 contemsit.
599 568 712 628 Dicitur
741 571 827 629 etiam
854 569 941 628 iuuisse
970 566 1147 628 consuetudo

106 657 142 729 ei,
166 653 290 714 debeata
311 655 426 730 cibaria,
448 661 508 713 tum
522 661 638 736 propter
650 657 742 714 socios
759 661 787 714 et
801 654 935 730 hospites,
957 659 1019 714 tum
1031 660 1147 731 propter

105 741 236 800 infirmos
257 758 408 818 pauperes,
430 758 502 818 quos
523 744 553 800 in
587 743 718 801 domibus
739 741 820 801 lectis
849 740 991 801 decubare
1018 747 1147 815 noverat,

105 829 223 904 saepius
241 844 437 904 praeparasse.
481 827 610 906 Cumque
625 829 679 888 sibi
692 830 823 905 apposita
836 827 963 903 luissent,
985 825 1146 904 diligentius

105 914 158 974 illa
181 917 345 990 conspexit,
367 915 483 974 odorem
510 915 622 990 hausit,
649 932 737 974 manu
765 916 865 989 vertit,
889 921 922 973 ut
950 916 991 973 sic
1018 915 1147 991 appetitu

105 1008 267 1077 provocato
297 1001 419 1077 amplius
457 1008 627 1076 tentaretur,
663 1008 692 1062 et
713 1003 754 1061 eis
780 1007 896 1077 propter
922 1000 1066 1060 Christum
1089 1018 1146 1059 non

105 1087 217 1147 utendo
238 1087 304 1163 plns
326 1095 489 1148 mereretur.
539 1086 651 1147 Deinde
674 1089 744 1146 dixit
763 1105 861 1164 puero:
882 1087 966 1147 Vade
988 1086 1065 1147 defer
1078 1103 1147 1145 scu·
1169 1106 1194 1140 ιι
1301 1141 1304 1152 ,

107 1175 207 1234 tellam
228 1176 316 1234 istam
337 1175 442 1234 viduae
463 1175 517 1249 illi,
539 1175 586 1234 vel
608 1175 656 1233 tali
684 1176 804 1251 pauperi
831 1176 891 1234 sive
922 1173 1032 1232 infirmo
1040 1188 1053 1248 ,·
1080 1175 1147 1249 quis

106 1263 200 1338 magis
221 1259 379 1341 indigent²)
402 1279 489 1338 quam
511 1277 574 1337 ego.
618 1261 692 1319 Cum
712 1261 875 1320 huiusmodi
888 1259 1148 1337 operibuslucerna
1242 1287 1245 1296 ·

105 1347 158 1408 illa
179 1347 283 1407 ardens
305 1348 416 1407 luceret
435 1351 464 1405 in
486 1348 571 1408 domo
592 1347 648 1406 Dei
657 1344 687 1428 ⁸),
710 1346 819 1424 placuit
838 1349 912 1423 Deo,
933 1354 966 1407 ut
988 1364 1040 1424 per
1060 1345 1147 1406 talem

106 1436 292 1494 occasionem
321 1435 443 1510 amplius
479 1434 574 1494 adhue
602 1434 777 1494 claresceret
826 1433 967 1494 Dominus
998 1433 1147 1510 Philippus

106 1521 289 1582 Coloniensis
321 1520 562 1597 Archiepiscopus
585 1520 653 1580 dum
680 1526 796 1597 propter
820 1527 922 1596 eastra,
943 1538 1018 1596 quae
1041 1527 1148 1582 emerat

105 1609 196 1668 beatd
220 1608 324 1683 Petro,
353 1609 448 1667 multis
477 1608 580 1668 debitis
613 1614 689 1667 esset
717 1608 875 1684 obligatus,
914 1608 1022 1668 dictum
1050 1615 1094 1667 est
1122 1611 1148 1667 ci

106 1714 126 1754 a
164 1694 352 1770 quibusdam,
388 1696 465 1771 quod
498 1695 638 1771 plebanus
673 1695 852 1771 supradictus
878 1695 999 1754 multam
1028 1693 1148 1754 haberet
1186 1707 1198 1733 ⁸

105 1784 263 1858 pecuniam
280 1783 442 1858 repositam.
484 1781 566 1842 Missi
578 1787 645 1840 sunt
659 1784 707 1856 qui
720 1785 871 1858 pecuniam
890 1764 1148 1842 accommodarent.

105 1869 241 1945 Negante
263 1867 421 1944 sacerdote,
447 1867 525 1951 quod
545 1870 697 1944 pecuniam
722 1885 780 1927 non
805 1869 940 1942 haberet,
967 1866 1040 1926 datis
1064 1884 1148 1928 areae
1266 1915 1270 1923 .

106 1972 180 2015 suae
203 1956 343 2031 clavibus,
363 1955 433 2014 nihil
452 1958 482 2013 in
499 1952 564 2034 ee⁴l
586 1957 734 2014 inventum
755 1961 799 2014 est
819 1957 873 2014 nisi
885 1934 1072 2014 calciamentt'
1092 1955 1148 2014 bo-

106 2045 178 2102 vina
199 2050 229 2103 et
251 2049 354 2118 uncta,
383 2059 457 2118 quae
479 2041 517 2101 ed
545 2059 615 2100 usus
638 2059 798 2118 pauperum
821 2046 1045 2118 comparaverat
1087 2041 1148 2100 Re-

107 2132 186 2189 versi
208 2147 275 2189 cum
298 2129 495 2203 erubescentia
517 2130 567 2204 qui
588 2129 667 2186 missi
693 2129 822 2204 fuerant,
843 2130 1050 2187 nunciaverunt
1076 2127 1149 2186 haec

107 2215 265 2293 Episcopo.
316 2215 373 2291 Qui
400 2217 453 2276 sibi
475 2217 593 2289 timens,
622 2216 696 2273 sicut
724 2214 823 2274 audivi
850 2233 869 2275 a
897 2215 1023 2290 quodam
1051 2230 1149 2274 sacer-

110 2302 196 2379 dote,
231 2320 284 2378 pro
322 2301 423 2361 eodem
459 2301 616 2361 venerabih
651 2297 829 2381 sacerdotc⁵)
859 2303 950 2377 misit,
987 2300 1025 2360 ad
1060 2300 1149 2377 pedes

107 2389 183 2448 illins
220 2407 253 2449 se
288 2391 457 2465 prostravit,
494 2388 529 2447 de
565 2387 643 2447 illata
677 2390 779 2447 iniuria
812 2391 927 2448 veniam
962 2385 1149 2467 postulans⁶).

110 2475 251 2537 Ordinem
263 2482 394 2535 nostrum
414 2475 576 2552 speciahter
598 2473 703 2550 dilexit,
725 2481 754 2534 et
776 2492 842 2534 cum
862 2474 950 2535 vellet
970 2477 999 2533 in
1021 2491 1056 2534 eo
1078 2491 1149 2536 con-

108 2566 192 2639 verti,
212 2582 233 2623 a
248 2562 418 2639 quibusdam
439 2557 605 2622 Abbatihus
628 2561 756 2621 eiusdem
777 2561 883 2621 ordinis
905 2568 950 2622 est
970 2577 1097 2637 aversus,
1119 2571 1150 2622 ut
1253 2609 1257 2618 .

109 2651 252 2726 intellexi,
278 2653 401 2710 scientes
428 2652 519 2708 vitam
548 2651 609 2708 eius
638 2665 702 2708 esse
722 2650 945 2728 sanctissimam,
973 2655 1002 2708 et
1022 2650 1150 2724 personis

110 2737 308 2798 saecularibus
321 2735 405 2796 valde
421 2737 621 2796 necessariam.
665 2735 738 2794 Cum
760 2741 836 2794 esset
858 2735 1018 2811 decrepitae
1040 2737 1151 2808 aetatis,

110 2825 265 2884 virtutibus
298 2829 512 2882 consummatus
549 2823 682 2898 migravit
702 2821 741 2881 ad
761 2822 932 2896 Dominum,
965 2821 1150 2899 sepultusque
1256 2861 1258 2866 -

111 2917 156 2970 est
175 2909 340 2970 inecclcsia
357 2910 435 2969 beati
452 2907 568 2986 Georgii
589 2908 736 2985 Martyris.
774 2907 977 2969 NOVICIUS:
1006 2908 1038 2969 Si
1058 2910 1150 2967 virum

111 3005 171 3058 tam
200 3003 332 3056 sanctum
360 3002 389 3056 et
415 3002 476 3056 tam
510 3013 608 3055 senem
636 2995 748 3054 luxuria
770 2999 905 3070 tentavit,
932 3012 991 3055 non
1012 2995 1150 3070 mirabor,

112 3086 137 3142 si
165 3086 285 3144 iuvenes
309 3082 431 3141 invadit.
480 3081 716 3142 MONACHUS:
749 3081 830 3142 Sicut
857 3081 930 3158 dixi,
961 3082 1074 3142 luxuria
1102 3085 1151 3141 vix

113 3169 197 3230 alicui
224 3171 316 3246 parcit
348 3171 445 3228 aetati.
485 3169 614 3228 Luxuria
631 3169 749 3228 coluber
770 3175 813 3228 est
832 3170 862 3227 in
885 3171 950 3245 via,
979 3169 1103 3229 cerastes
1120 3173 1150 3228 in

113 3259 222 3331 semita,
244 3255 378 3315 mordens
397 3255 520 3334 ungulas
541 3258 617 3332 equi,
640 3262 673 3315 ut
694 3254 780 3315 cadat
799 3273 934 3316 ascensor
955 3257 1017 3316 eius
1037 3253 1150 3335 retro').

113 3341 190 3403 Ecce
212 3342 353 3419 exempla.

778 3577 784 3606 l

135 3632 165 3700 1)
183 3631 266 3684 ABDP
282 3632 348 3696 illi3
366 3633 441 3700 paulo
458 3641 517 3700 post
533 3631 575 3685 BG
592 3635 676 3700 poni.
703 3661 734 3672 -
753 3632 786 3699 2)
804 3631 846 3684 BD
864 3619 1001 3702 indiget.
1021 3661 1051 3673 -
1077 3631 1111 3700 3)
1128 3632 1149 3684 G

186 3699 320 3753 Domini.
334 3729 365 3740 —
383 3702 416 3769 4)
434 3704 465 3754 in
483 3715 518 3754 ea
536 3702 619 3766 om03
637 3704 716 3754 ceteri
732 3700 789 3752 libri
805 3701 900 3754 hahent
917 3705 949 3754 in
966 3705 1063 3754 eia-
1081 3701 1114 3767 5)
1131 3699 1150 3751 P

183 3770 361 3846 ¹sacerdote
384 3771 581 3836 venerabili,
599 3772 620 3823 B
637 3776 711 3825 viro
726 3770 920 3824 venerabili.
941 3801 971 3812 -
996 3771 1029 3839 6)
1046 3769 1067 3822 Β
1085 3768 1151 3822 sibi

189 3840 366 3906 postulans.
386 3869 416 3882 -
435 3843 467 3910 7)
483 3843 575 3894 Gener.
593 3843 636 3906 ⁴19,
655 3843 698 3895 17.
