2622 4322
394 251 396 261 ’
423 245 478 308 DE
501 244 765 309 TENTATIONE.
960 259 964 268 ’
1051 249 1113 314 tta

85 367 144 428 aliis
163 367 385 444 dormientibus,
416 368 479 444 ipse
504 367 641 446 vigilavit.
684 367 814 428 Tandem
842 383 878 428 ex
898 368 991 429 nimiis
1012 362 1115 446 vigiliis

85 463 112 514 et
129 455 230 531 labore,
253 457 400 516 exsiccato
421 458 478 515 iam
500 456 626 530 cerebro,
648 461 758 516 tantan
780 457 882 532 capitis
901 457 1018 516 incurrit
1031 455 1116 517 debi-

85 541 196 618 litatem,
217 550 250 602 ut
271 542 524 617 noctequadam,
544 547 700 618 autequam
722 549 880 604 conventus
901 542 939 602 ad
960 545 1115 604 maurdms

83 636 212 706 surgeret,
232 631 392 690 oratorium
412 630 537 704 intraret,
558 628 679 689 formam
700 632 877 689 noviciorum
889 629 1064 705 ascenderet,
1087 635 1116 690 et

82 715 141 776 tunc
162 733 322 793 campanae
346 715 421 775 collo
442 733 494 775 suo
528 713 769 796 circumligata-¹),
798 715 936 792 desiliret,
964 719 1114 793 ipsamque

82 821 245 880 campanam
273 803 352 863 mole
385 805 510 879 corporis
538 803 678 862 trahendo
711 803 817 862 crebris
845 803 949 863 ictibus
980 803 1116 880 pulsaret.

82 890 200 951 Territus
223 897 340 966 custos,
371 889 516 950 festinavit
535 891 565 948 iu
594 892 763 966 oratorium3
793 888 845 950 sed
873 890 963 950 multo
992 891 1115 966 amplius

70 973 185 1037 'territus
207 984 263 1053 est,
286 976 356 1036 dum
378 978 418 1036 sic
439 977 564 1052 pendere
572 973 594 1057 ²)
616 976 727 1036 videret
739 976 921 1037 monachum.
952 975 1116 1038 Accurrens

83 1069 168 1124 amen
188 1065 292 1124 sunem
312 1064 424 1144 incidit,
443 1070 472 1123 et
493 1062 588 1124 adhue
609 1061 814 1140 palpitantem,
837 1071 866 1123 et
885 1080 959 1138 pene
980 1070 1116 1140 strangu·

81 1149 322 1229 latum'dcposuit
343 1158 430 1226 atque
451 1149 626 1210 refocillavit.
668 1149 718 1211 Ab
738 1150 787 1210 illo
809 1157 937 1226 tempore
968 1168 1117 1226 nunquam
1155 1155 1159 1172 “

81 1254 188 1298 sensum
210 1240 367 1315 pristinum
394 1255 562 1314 recuperare
589 1239 690 1314 potuit.
732 1236 838 1297 Adhuc
871 1237 972 1297 dicitur
1000 1240 1116 1313 vivere,

82 1341 128 1383 nec
149 1333 192 1385 est
221 1327 251 1384 ei
280 1341 367 1384 curae
397 1323 512 1399 quando
540 1324 589 1383 vel
617 1323 686 1400 quid
715 1325 859 1400 comedat,
889 1327 950 1385 sive
979 1324 1116 1400 quamdiu
1218 1393 1221 1398 ¹

83 1410 204 1472 dormiat.
252 1411 301 1472 Sic
323 1411 497 1487 quandoque
520 1411 555 1470 de
576 1411 729 1472 indiscreto
751 1412 862 1472 fervore
878 1413 1004 1472 nascitur
1015 1413 1117 1471 vitium

72 1487 211 1559 'accidiae
256 1497 462 1558 NOVICIUS:
489 1497 608 1557 Dictum
630 1505 673 1558 est
694 1501 839 1574 superius,
868 1498 1034 1559 deaccidis
1055 1502 1116 1558 sive

81 1587 186 1646 cunda
210 1587 300 1646 etiam
321 1587 404 1645 uesci
424 1585 693 1660 pusillanimitatem.
735 1585 818 1646 Haec
838 1603 897 1645 uon
918 1586 1031 1646 videtur
1047 1585 1117 1644 mihi
1201 1581 1215 1604 ⁸

82 1689 139 1738 esse
159 1675 274 1732 vitium.
316 1670 554 1732 MONACHUS:
583 1670 679 1732 Arbor
706 1673 785 1732 mala
810 1691 868 1731 nou
900 1679 995 1749 potest
1022 1673 1117 1732 lacere

81 1758 198 1820 fructum
220 1751 372 1838 bonum2).
414 1758 497 1820 Licet
523 1759 740 1834 pusillanimitas
770 1763 870 1819 ceteris
895 1760 1010 1820 filiabus
1038 1761 1117 1819 acci·

83 1845 141 1906 diae
161 1850 224 1907 sive
246 1847 380 1905 tristitiae
401 1847 496 1905 minor
516 1847 648 1906 videatur
679 1863 742 1906 esse
770 1847 893 1922 malitia,
925 1849 995 1907 satis
1020 1853 1117 1906 tamen
1185 1858 1189 1870 “

82 1935 196 1993 tentatio
217 1933 293 1993 illius
316 1938 362 1992 est
382 1932 550 2007 periculosa.
593 1933 662 2008 Ipsa
684 1936 811 1993 converti
837 1935 966 1994 volentes
995 1932 1034 1993 ad
1061 1934 1116 1992 bo-

82 2037 144 2079 nam
165 2023 272 2096 vitam,
301 2036 392 2096 saepe
414 2022 532 2095 avertit3
561 2037 716 2080 couversos
749 2037 786 2080 ue
807 2022 957 2097 proficiant
991 2020 1118 2096 impedit.

84 2105 280 2168 NOVICIUS:
302 2107 355 2166 Da
376 2107 539 2182 exemplum
547 2103 579 2186 ⁴).

416 2261 649 2323 CAPITULUM
676 2262 787 2323 XLVI.

29 2451 36 2468 ‚
105 2385 148 2444 De
164 2387 358 2459 Scholastico,
382 2388 434 2460 qui
449 2379 569 2444 'ennam
585 2385 773 2460 probationis
795 2387 947 2462 carminat
965 2388 996 2446 in
1010 2387 1097 2461 cipro

421 2472 524 2530 ordine
547 2476 651 2532 timore
672 2474 786 2532 alentii.
865 2533 869 2544 ,
1168 2479 1172 2482 ’

143 2591 386 2654 MONACHUS:
409 2591 511 2652 Abbas
533 2593 651 2670 quidam
671 2595 744 2670 nigri
766 2594 885 2668 ordinis,
906 2593 993 2653 modo
1015 2610 1118 2653 mona·

90 2677 151 2737 chus
177 2683 206 2739 in
235 2681 339 2741 ordine
355 2684 475 2755 nosue,
496 2683 622 2739 narravit
642 2681 725 2756 mihi,
747 2680 825 2757 quod
845 2683 981 2757 magister
1002 2679 1119 2755 quidam

90 2763 245 2827 Patisierisis
267 2767 308 2827 ad
331 2767 461 2826 ordinem
482 2772 611 2826 nostrum
639 2770 736 2828 venire
765 2768 943 2842 desiderans,
976 2767 1120 2826 silentium

91 2853 165 2925 primi
184 2857 250 2914 anni
273 2872 310 2914 ex
333 2853 459 2930 quadam
490 2853 722 2929 pusillanimitate
750 2858 854 2922 mentis
881 2857 922 2913 ita
946 2855 1055 2928 timuit,
1086 2860 1120 2912 ut

93 2937 208 3000 ordinem
228 2941 386 3018 Nigrorum
406 2943 531 3016 intraret,
551 2943 647 3017 ibique
669 2942 845 3017 probationis
866 2959 973 3000 annum
990 2939 1119 3016 comple-

94 3030 139 3081 ret
178 3027 232 3104 Qui
252 3046 324 3088 mox
346 3034 380 3087 ut
399 3028 492 3087 tactus
514 3035 559 3086 est
578 3030 752 3104 monachus,
781 3029 851 3088 dixit
871 3028 909 3086 ad
931 3033 1119 3087 conventum:

95 3107 198 3172 Gratias
218 3116 303 3174 vobis
325 3132 382 3192 ago
392 3112 428 3195 ⁵),
451 3115 556 3174 domini
578 3117 649 3192 mei,
682 3115 719 3192 de
738 3116 884 3175 benefieiis
905 3115 975 3173 mihi
996 3132 1015 3174 a
1035 3113 1119 3173 vobis

95 3197 229 3276 exhibitis,
250 3203 321 3278 quia
342 3201 382 3260 ad
403 3202 481 3277 quod
502 3205 583 3279 veni,
614 3204 671 3262 hoc
693 3203 768 3279 apud
791 3219 844 3262 vos
866 3202 987 3278 explevi.
1029 3200 1119 3259 Modo

96 3298 153 3343 cum
180 3286 293 3348 licentia
322 3295 419 3348 vestra
446 3291 537 3367 migro
570 3290 607 3349 ad
636 3291 764 3351 ordinem
786 3289 1011 3350 cisterciensem.
1053 3287 1120 3346 Non

96 3372 162 3430 enim
181 3379 245 3433 veni
266 3382 300 3434 ut
321 3376 472 3435 vobiscum
493 3393 647 3452 manerem,
669 3377 721 3437 sed
742 3383 775 3435 ut
795 3380 934 3438 intervos
948 3376 1119 3434 tentationes

97 3471 159 3530 quas
178 3464 256 3520 dmui
278 3461 350 3520 mihi
371 3468 568 3538 temperarem.
611 3465 795 3539 Veniensque
821 3463 859 3523 ad
891 3461 1036 3539 quandam
1065 3461 1119 3520 do-

97 3559 166 3603 mum
186 3549 289 3608 ordinis
311 3551 409 3624 nostri,
430 3567 488 3608 uon
510 3558 543 3608 ut
562 3553 693 3612 novicius
713 3552 914 3629 probationem
923 3551 1046 3624 intravit,
1068 3546 1119 3607 sed

98 3627 213 3693 habitum
232 3643 346 3695 tantum
368 3639 499 3696 mutavit.

113 3745 140 3814 1)
156 3748 193 3803 CR
216 3751 460 3820 circumligat03
484 3753 550 3805 conl.
576 3755 633 3818 Vll,
651 3755 693 3808 38.
713 3784 743 3794 -
769 3755 802 3823 2)
824 3755 845 3807 D
866 3753 1067 3821 pendentem.
1087 3778 1117 3788 -

32 3821 36 3970 '
159 3819 187 3888 3)
204 3821 289 3873 llatih.
309 3823 334 3886 7,
354 3823 395 3874 18.
416 3852 446 3862 -
467 3822 499 3892 d)
516 3824 560 3876 Al]
579 3823 735 3892 exempla.
755 3854 785 3864 -
805 3826 836 3894 5)
855 3825 893 3880 ΟΡ
912 3839 971 3892 ago
990 3820 1093 3874 vobis.
