2538 4314
399 285 461 347 DE
483 283 756 350 CONFESSIOND.
1039 290 1098 348 lli

63 408 139 482 tetur,
157 405 209 468 sed
229 424 250 468 a
268 407 340 470 sola
355 407 462 486 puella
475 408 631 470 videbatur.
675 409 803 486 Eratque
816 413 877 468 tem
886 424 1013 484 nequam
1023 408 1100 470 idem

62 497 168 571 spin'tm,
186 501 221 554 ut
239 498 455 572 praesentium
476 503 595 571 peccata
616 496 770 574 detegeret,
792 498 910 558 erimina
922 498 1100 574 impropera·

62 589 111 657 ret,
128 599 180 644 nec
200 582 331 660 aliquod
352 589 511 660 peceatum
533 601 599 644 eum
618 584 735 659 lateret,
762 585 817 644 nisi
837 582 916 660 quod
938 599 1007 644 vera
1028 601 1100 644 con-

61 668 133 729 lesdo
152 676 274 746 tegeret
325 669 466 732 Ostendit
486 676 515 730 et
534 671 591 732 alie
612 673 694 748 signa
720 672 865 748 nequitiae
896 686 975 730 suae.
1018 669 1100 731 Ster-

63 773 124 832 core,
144 757 279 834 ollasque
304 758 472 818 confractas
493 757 560 818 iimo
581 757 691 835 plenas,
711 775 798 834 super
819 757 995 818 conduentes
1016 774 1101 836 sper-

62 845 143 920 gebat
183 845 341 905 Dixerunt
371 847 399 905 ei
428 844 559 921 quidam:
594 845 693 919 Nosti,
722 844 890 920 odiebole,
917 844 1100 906 Domiuicam

62 929 225 992 onionem‘l
272 931 488 1010 Respondente
509 931 572 1008 illo,
593 933 701 1008 optimc
721 934 797 1006 scio,
818 937 937 1008 rogatus
958 937 1003 991 est
1021 931 1100 990 illam

63 1017 150 1078 dicere
191 1019 233 1078 Et
254 1021 317 1079 ait:
340 1019 431 1080 Pater
451 1025 556 1095 noster,
578 1021 628 1094 qui
649 1036 680 1079 es
701 1020 731 1077 in
753 1018 873 1094 coelum,
894 1035 1000 1078 nomeu
1009 1023 1101 1092 tuum,

63 1103 103 1164 iat
120 1105 258 1166 voluntas
284 1113 317 1166 et
335 1109 369 1166 in
390 1113 475 1183 terra,
494 1122 601 1184 panem
621 1111 750 1165 nostrum
772 1105 952 1180 quotidianos
970 1104 1101 1166 muoso

64 1191 142 1270 hodie,
163 1193 219 1254 scd
239 1193 341 1254 hhera
362 1210 417 1253 nos
438 1211 457 1254 a
477 1193 563 1254 malo.
606 1193 645 1252 Et
666 1210 732 1252 cum
753 1193 849 1269 plures
869 1193 899 1251 in
921 1191 1100 1252 sademcra·

65 1281 127 1338 ione
146 1281 267 1340 iecisset
280 1278 299 1361 ¹)
324 1280 417 1340 saltus
447 1287 535 1356 atque
563 1280 772 1355 barbarismos,
801 1279 1000 1340 cachinnando
1028 1278 1101 1338 sub-

64 1368 153 1427 iunxit:
196 1368 281 1428 Ecce
304 1371 348 1428 sic
369 1383 424 1426 vos
444 1367 510 1429 laici
538 1368 632 1427 dicere
660 1367 759 1427 soletis
788 1369 946 1426 orationem
965 1373 1100 1426 vermem.
1178 1421 1185 1428 .

64 1453 218 1530 Requisitus
242 1456 335 1515 etiam
358 1454 395 1514 de
417 1453 563 1532 symbolo,
593 1454 664 1513 dixit
684 1471 715 1513 se
737 1454 812 1514 benc
834 1459 863 1513 et
885 1455 991 1529 optime
1012 1455 1100 1528 scire,

63 1543 276 1619 sicincipiens:
310 1541 406 1601 Credo
427 1541 524 1601 Deum
544 1541 661 1601 Patrem
683 1544 916 1617 omnipotentem.
960 1540 1014 1599 Cui
1034 1557 1100 1600 cum

64 1627 168 1702 quidem
190 1628 340 1689 dicerent:
362 1628 467 1690 Dicere
489 1609 586 1703 debes,
609 1626 701 1686 Credo
722 1630 752 1686 in
773 1628 885 1703 Deum;
906 1627 1011 1704 illeque
1029 1628 1101 1688 sub-

64 1715 196 1792 imgeret:
220 1715 319 1776 Credo
341 1716 423 1791 Deo;
444 1718 497 1774 riri
516 1715 640 1793 literati,
662 1717 712 1790 qui
732 1721 801 1774 tunc
823 1721 905 1774 erant
924 1721 1101 1791 praesentes,

66 1801 159 1863 diaboli
179 1804 310 1862 verbum
329 1809 474 1878 notantes,
496 1809 525 1864 et
544 1805 605 1874 vim
626 1804 783 1862 accusativi
799 1802 997 1878 intelligentes,
1017 1803 1101 1860 insti-

66 1895 149 1948 terunt
168 1897 204 1950 ut
229 1889 348 1964 diceret,
370 1889 463 1949 Credo
483 1891 513 1974 in
534 1889 640 1948 Deum.
682 1889 722 1948 Et
742 1905 800 1948 non
821 1895 954 1965 poterant
974 1906 1041 1948 eum
1062 1887 1101 1946 ad

66 1975 111 2037 hoe
136 1977 285 2038 inducere.
340 1975 544 2036 NOVICIUS:
571 1975 685 2036 Vellem
712 1981 753 2034 et
770 1993 823 2052 ego
851 1979 940 2050 scire,
969 1975 1038 2051 quid
1064 1974 1101 2034 sit

68 2062 179 2124 Credere
201 2067 234 2124 in
253 2064 362 2124 Deum.
405 2062 640 2122 MONACHUS:
664 2062 786 2123 Credere
806 2065 836 2120 in
851 2062 963 2136 Deum,
986 2069 1030 2120 est
1049 2077 1102 2137 per

68 2148 240 2212 dilectionem
260 2154 303 2210 ire
325 2153 355 2208 in
377 2150 481 2210 Deum.
517 2149 601 2210 Unde
622 2149 756 2210 Salvator
776 2151 831 2208 ait:
854 2150 958 2209 Omnis
979 2152 1033 2224 qui
1053 2151 1099 2207 vi·
1173 2149 1179 2163 ’

68 2241 116 2311 vit,
144 2246 173 2298 et
201 2239 295 2298 credit
321 2241 355 2296 in
382 2255 443 2311 me,
476 2237 563 2296 habet
589 2241 683 2296 vitam
712 2234 910 2310 ostentam).
952 2236 1100 2310 Daemon,

69 2325 133 2384 sieut
165 2324 234 2385 dicit
253 2322 414 2400 Apostolus
435 2323 580 2399 lacobus,
611 2323 700 2384 credit
727 2331 756 2383 et
785 2319 1020 2403 contremiscit³),
1049 2322 1100 2382 sed

69 2427 120 2470 uon
141 2411 238 2489 diligit
283 2410 383 2470 Credit
402 2410 500 2470 Deum
522 2429 603 2487 esse,
626 2410 716 2470 credit
736 2411 827 2470 verba
848 2413 909 2470 eius
930 2427 1001 2469 vera
1022 2426 1102 2484 esse,

70 2497 116 2556 sed
135 2515 193 2558 nou
214 2497 305 2558 credit
325 2501 355 2557 in
378 2515 453 2572 eum,
474 2501 621 2574 quianon
643 2497 735 2574 diligit
757 2493 861 2577 cumi).
893 2497 1102 2556 Salutationem

70 2601 133 2644 sero
155 2586 313 2663 angelicam
333 2585 411 2644 idem
433 2584 555 2644 daemon
576 2587 701 2660 incipere
721 2601 780 2644 non
800 2586 902 2659 potuit,
923 2601 990 2644 cum
1005 2590 1103 2644 tamen

73 2671 194 2731 seillam
214 2675 287 2732 scire
308 2673 498 2749 profiteretur.
539 2670 744 2732 NOVICIUS:
768 2671 841 2730 Cum
863 2670 973 2748 dignior
986 2673 1023 2730 sit
1033 2687 1102 2732 ore-

73 2759 110 2816 tio
137 2758 285 2820 Dominica
313 2759 485 2819 salutatione
511 2758 656 2835 angelica,
689 2761 776 2817 miror
804 2775 854 2818 cur
882 2761 1036 2834 permissus
1066 2759 1103 2817 sit

76 2843 162 2904 dicere
180 2846 264 2921 illem,
286 2852 317 2906 et
343 2863 402 2905 non
423 2848 516 2906 istam.
558 2845 795 2906 MONACHUS:
827 2845 927 2906 Voluit
957 2845 1013 2904 hoc
1041 2843 1102 2903 fieri

77 2929 214 3008 Dominus,
234 2940 297 2992 tum
316 2939 435 3010 propter
455 2932 593 2992 honorem
615 2935 732 3009 matris,
754 2939 816 2991 tum
836 2939 952 3010 propter
973 2933 1102 2992 eminen-

97 3097 207 3163 illlin
231 3099 342 3152 cadem
368 3099 507 3154 iecisset
533 3102 703 3163 oratione,
729 3100 905 3154 Ciecistet
932 3101 963 3152 in
990 3096 1102 3150 cedern

145 3170 294 3221 oratione.
313 3199 344 3211 —
363 3170 396 3238 2)
413 3170 502 3222 lolrau.
522 3171 565 3236 11,
582 3171 625 3222 26.
645 3201 677 3212 -
696 3171 728 3240 3]
745 3170 797 3222 Juc.
816 3171 842 3234 2,
860 3170 945 3222 tit-
963 3169 995 3236 4)
1013 3168 1102 3220 llcnril.

146 3235 173 3288 ll.
206 3240 291 3291 .109:
319 3255 416 3308 „usquc
442 3239 518 3291 hodie
544 3257 591 3308 per
612 3257 657 3292 ora
674 3240 873 3306 praedicatorum
891 3239 923 3290 de
940 3246 1045 3306 peccato
1063 3241 1104 3290 in-

200 3307 289 3360 ulitctis
316 3311 430 3378 arguitur
459 3309 575 3362 mundus.
611 3309 644 3363 Ut
668 3312 734 3361 enirn
760 3319 858 3362 taceam
886 3309 918 3360 de
944 3307 1104 3372 infidelibus,

149 3390 193 3428 non
216 3393 301 3430 omncs
326 3377 476 3443 Christiani,
497 3382 549 3432 irno
565 3387 684 3446 respectu
700 3375 880 3446 multitidine,
907 3379 981 3446 pauci
998 3377 1104 3430 credunt

151 3445 173 3496 in
195 3445 323 3500 Christum.
368 3447 480 3502 Credunt
497 3448 622 3502 Christum
640 3465 697 3502 esse
715 3449 792 3502 illium
811 3449 874 3512 Dei,
895 3457 981 3500 natum
999 3447 1032 3498 dc
1051 3449 1104 3500 vir-

151 3517 218 3635 ghi,
233 3520 547 3640 gassubn,drcs:1rrcxisstec
547 3536 567 3640 ξ
579 3521 700 3640 Ιιιιοηξιᾶι,
717 3527 744 3572 et
762 3520 792 3640 'lii
801 3535 851 3587 qua
869 3519 917 3639 alla
935 3517 966 3600 de
984 3517 1027 3568 illo
1045 3526 1104 3600 sunt

153 3659 185 3703 tet
200 3597 512 3726 ihen'vernoeqgenihihh
530 3597 688 3728 dixritsfo'ehgit
697 3597 753 3711 essetis
764 3602 1105 3726 prhiriihihosgldlsdorichhh-

154 3720 206 3774 dunt
219 3728 244 3777 iu
261 3727 394 3780 Christum.
430 3727 537 3780 Credere
554 3730 580 3780 in
598 3729 739 3792 Christum,
765 3737 804 3779 ert
827 3727 877 3778 lide
902 3736 928 3778 ct
946 3727 1050 3776 caritate
1068 3729 1105 3777 ire

154 3792 175 3842 in
189 3795 272 3860 ipsum.
307 3797 364 3849 Non
384 3798 426 3864 qui
443 3797 521 3849 credit
538 3797 678 3862 Christum,
701 3797 743 3851 vel
760 3798 878 3860 Christo,
901 3795 947 3848 scd
965 3796 1007 3862 qui
1025 3795 1104 3846 credit
1180 3821 1183 3826 ·

154 3861 174 3912 in
189 3862 315 3931 Christmn,
332 3865 410 3918 habet
426 3868 501 3919 vitem
519 3871 671 3920 ueternum.“
