2628 4310
447 229 501 290 DE
522 221 804 305 MORIENTIBUS,
1084 233 1145 292 299

108 354 305 430 contigerunt,
326 350 431 412 Sacra·
465 351 569 413 Abbas
588 351 623 413 de
636 352 817 414 Relaahuscn
830 349 847 432 ¹)
868 369 920 429 per
933 370 986 413 uos
1008 355 1148 414 transiens

106 441 191 499 nobis
213 439 308 499 retulit
329 439 384 498 hoo
406 439 590 514 miraculum,
619 439 716 500 dicens
738 458 770 500 se
792 440 936 500 audivisse
957 457 976 500 a
997 441 1095 500 Priore
1118 447 1147 499 ct

107 532 253 586 conventu
276 529 334 586 iam
356 525 449 586 dictae
458 523 479 606 ²)
502 526 613 587 domus.

420 715 655 776 CAPITULUM
672 716 838 775 XXXVII.

172 839 221 898 De
242 842 303 898 cive
323 838 552 914 Struzburpcaea'
573 841 657 898 caiae
680 841 783 896 aalma
805 837 847 895 ad
867 853 974 914 corpus
994 839 1090 898 rediit.
1160 819 1165 828 ’

171 959 271 1021 Simile
293 966 432 1035 exparte
455 961 574 1037 contigit
593 959 649 1019 hoo
677 977 753 1018 anno
766 959 844 1034 apud
866 958 1031 1036 strazburg.
1076 959 1149 1020 Cum

106 1048 225 1123 quidam
247 1049 317 1108 civis
331 1047 371 1106 ibi
394 1046 544 1106 defunctus
561 1039 678 1120 suisset,
693 1048 764 1106 etin
786 1047 889 1106 feretro
911 1048 1031 1121 positus,
1052 1049 1149 1106 anima

105 1133 145 1194 ad
168 1151 272 1210 corpus
286 1150 403 1194 reversa
418 1140 470 1194 cst
505 1134 544 1191 Et
566 1150 632 1192 cum
648 1133 792 1208 clamaret,
814 1132 960 1208 quomodo
983 1136 1049 1193 veui
1070 1133 1149 1194 huc?

105 1220 254 1296 quomodo
275 1222 343 1279 vani
363 1219 447 1280 hucl
476 1227 582 1280 vocata
604 1225 647 1279 est
668 1237 741 1279 uxor
773 1222 843 1278 eius.
892 1217 940 1278 Ad
971 1237 1058 1298 quam
1086 1220 1149 1279 illex

105 1308 163 1368 Dei
185 1306 380 1366 misericordia
400 1307 536 1367 reductus
558 1324 638 1381 sum,
668 1314 696 1365 et
717 1306 773 1366 hoo
795 1307 847 1366 tibi
869 1305 950 1381 dico,
978 1308 1033 1365 nisi
1054 1309 1150 1366 omnia

106 1410 184 1470 quae
206 1394 348 1454 habemus
369 1393 577 1469 relinquamus,
606 1410 666 1452 non
685 1396 842 1469 poterimus
873 1393 987 1452 salvari.
1044 1393 1150 1469 Sieque

106 1482 241 1542 omuibus
270 1486 356 1556 prout
391 1486 505 1555 poterat
540 1479 691 1539 salubriter
725 1480 883 1555 dispositis,
917 1480 989 1540 inira
1024 1480 1150 1539 triduum

107 1573 237 1626 mortuus
260 1574 312 1626 est.
341 1567 558 1626 Fuerateorum
573 1568 733 1648 substantia
751 1565 787 1625 de
809 1565 886 1625 malo
908 1567 1057 1641 acquisita.
1077 1564 1150 1627 NO-

107 1651 256 1714 VICIUS:
280 1653 357 1729 Quid
379 1659 423 1712 est
445 1652 522 1728 quod
544 1655 668 1712 maxime
690 1654 875 1714 morientibus
892 1642 988 1728 'possit
1011 1654 1149 1713 subveni-

106 1739 160 1800 re‘l
210 1738 450 1800 MONAGHUSc
486 1738 634 1800 Confessio
663 1756 737 1815 pura
765 1747 853 1815 atquc
883 1741 1023 1800 contritio.
1071 1741 1150 1799 Ecce

106 1825 279 1903 exemplum.

391 2015 625 2076 CAPITULUM
645 2016 825 2075 XXXVIII.
832 2013 862 2098 i⁴)

106 2139 156 2198 De
178 2141 321 2215 naapbtro
347 2137 462 2197 iboma
484 2139 618 2215 theotoco
641 2141 692 2214 qui
714 2137 867 2198 diabolum
889 2137 962 2198 vidit
985 2141 1017 2198 ia
1047 2146 1150 2198 morte.

74 2258 80 2266 “
173 2260 314 2336 Magister
333 2260 461 2319 Thomas
482 2260 634 2337 theologus
656 2278 722 2319 cum
743 2262 773 2318 iu
799 2263 943 2335 praesenti
970 2261 1149 2337 expeditione

105 2351 137 2407 in
160 2355 252 2408 castro
276 2349 490 2423 peregrinorum
510 2350 539 2406 in
569 2363 684 2407 camera
712 2347 838 2422 quadam
867 2346 941 2407 lecto
975 2347 1153 2421 decumbens

106 2443 185 2494 esset
206 2437 377 2509 moriturus,
406 2434 477 2492 vidit
504 2433 651 2494 diabolum
680 2436 710 2492 in
736 2433 842 2509 angulo
872 2440 1004 2494 stantem.
1055 2434 1151 2511 Quem

107 2539 176 2582 cum
191 2523 382 2596 cognovisset,
404 2538 475 2580 voce
494 2521 571 2580 beati
583 2521 699 2580 Martini
721 2520 861 2580 allocutus
884 2528 1015 2581 osteum
1037 2521 1149 2582 dicens:

107 2607 186 2684 Quid
208 2607 255 2667 hic
277 2614 355 2667 astas
378 2615 496 2668 crucuta
507 2605 528 2688 ³)
558 2607 671 2667 bestia?
722 2608 778 2667 Dio
807 2607 876 2666 mihi
904 2607 972 2683 quid
1000 2615 1044 2668 est
1072 2609 1149 2684 quod

106 2696 232 2754 maxime
254 2695 337 2752 vobis
358 2694 483 2754 noceat?
529 2694 659 2770 Cumque
680 2695 728 2754 illc
750 2691 820 2753 nihil
841 2694 1033 2770 responderet,
1054 2695 1150 2756 Scho-

107 2782 225 2840 lasticus
248 2781 409 2850 subiunxit:
431 2781 542 2840 Adiuro
557 2789 586 2840 tc
601 2798 653 2857 per
666 2782 762 2841 Deum
783 2783 883 2841 vivum
905 2784 953 2858 qui
975 2781 1150 2842 iudicaturus

111 2874 157 2926 est
177 2871 261 2927 vivos
285 2874 314 2926 et
335 2874 462 2928 mortuos
485 2874 514 2926 et
536 2868 683 2928 saeculum
704 2885 756 2944 per
778 2870 889 2944 ignem,
910 2875 943 2926 ut
973 2868 1051 2928 dicas
1080 2869 1150 2928 mihi

107 2955 193 3014 huius
214 2956 442 3030 interrogationis
470 2957 627 3013 veritatem.
671 2954 720 3013 Ad
741 2954 820 3030 quod
842 2953 964 3014 daemon
987 2955 1147 3031 respoudit:

107 3040 186 3100 Nihil
207 3050 251 3102 est
271 3043 301 3097 in
314 3039 445 3100 Ecclesia
464 3041 542 3116 quod
563 3048 675 3100 tantum
697 3042 779 3100 uobis
793 3049 905 3116 noceat,
927 3041 1005 3116 quod
1026 3045 1068 3102 sic
1090 3044 1151 3101 vir·

107 3135 184 3188 tutes
205 3134 319 3188 nostras
342 3133 467 3201 enervet,
496 3126 640 3202 quomodo
663 3127 795 3204 frequens
818 3129 968 3188 confessio.
1012 3127 1150 3205 Quando,

107 3217 216 3290 inquit,
248 3214 335 3273 homo
357 3216 386 3271 iu
408 3217 535 3289 peccatis
554 3221 606 3289 cst,
627 3217 753 3290 peccatis
776 3213 839 3274 dico
857 3215 1033 3289 mortalibus,
1055 3218 1150 3276 omnia

109 3304 172 3362 cius
193 3301 324 3360 membra
345 3299 435 3377 ligata
456 3306 539 3375 suut,
570 3309 597 3360 et
627 3299 688 3359 non'
706 3307 802 3376 potest
823 3317 854 3360 sc
876 3299 1033 3382 moveret).
1077 3302 1150 3362 Cum

110 3405 180 3448 vero
201 3394 324 3465 peccata
341 3386 443 3446 eadem
465 3387 623 3462 confitetur,
645 3390 740 3448 statim
761 3387 907 3465 liberast,
928 3395 957 3447 et
977 3389 1091 3450 mobilis
1112 3388 1151 3449 ad

131 3525 162 3592 1)
179 3503 386 3574 lielaxhusen
404 3537 480 3589 supra
499 3519 540 3583 lv,
558 3522 600 3573 45.
613 3551 641 3560 —
655 3519 758 3588 2JBCF
775 3521 976 3590 praedictae.
997 3554 1028 3564 -
1047 3524 1080 3590 a)
1096 3523 1161 3577 llo-³

182 3591 232 3644 mil.
251 3591 291 3644 lll.
311 3607 336 3660 p.
356 3591 413 3643 181.
434 3620 463 3630 -
484 3591 517 3658 3)
535 3590 554 3641 B
579 3608 594 3645 o
617 3599 759 3642 cruenta.
778 3621 808 3630 -
828 3591 860 3659 4)
879 3592 949 3643 Ηοιη.
969 3609 1002 3644 se
1020 3594 1152 3662 merito-

181 3663 232 3713 rie
250 3675 390 3712 movere.
418 3660 509 3712 llonril.
526 3659 570 3712 lv.
586 3677 611 3728 p.
632 3661 695 3712 141:
714 3661 801 3731 „lloxa
819 3662 930 3713 mortalis
956 3678 1036 3714 nexus
1054 3663 1151 3714 feneus

183 3740 237 3794 cst,
261 3733 297 3782 sic
315 3730 424 3794 bominis
442 3731 555 3798 spiritum
573 3729 669 3800 ligans,
692 3739 720 3782 ut
742 3729 848 3784 liberum
872 3731 1001 3787 arbitrium
1026 3733 1051 3783 iu
1068 3747 1100 3784 eo
1118 3731 1151 3790 ad

183 3800 276 3852 honum
295 3802 394 3852 moveri
410 3814 460 3852 uon
479 3797 584 3867 possit.“
