2664 4308
161 299 200 358 rs
464 295 691 381 nmnmono
713 295 889 358 suornm

159 423 271 478 secreta
290 435 344 478 sua
364 417 405 478 illi
424 419 617 478 manifestans.
659 419 754 478 Huius
767 419 846 479 beati
866 418 920 477 viri
941 417 1039 492 vitum,
1059 414 1193 477 videlieet

160 504 253 581 qualis
270 511 336 566 ante
351 506 566 566 conversionem
578 505 662 564 inerit
674 505 722 564 vel
734 511 808 580 post,
825 506 855 562 in
868 510 1008 580 quantum
1022 505 1094 564 scire
1107 503 1197 580 potui,

160 593 303 652 succincte
316 592 368 651 tibi
381 594 578 668 perstringam.
619 592 685 652 Non
706 592 762 651 alia
784 591 820 651 de
841 591 889 650 illo
903 590 1032 666 referam,
1054 607 1198 666 quamea

161 695 236 754 quoe
250 677 418 756 areligiosis
432 681 509 753 viris,
530 681 580 754 qui
595 695 660 737 eum
674 677 806 738 viderunt
827 684 856 738 et
868 683 1018 753 noverunt,
1038 677 1108 736 mibi
1122 675 1199 736 diota

160 771 236 825 sunt
273 765 347 824 Cum
363 765 458 826 adhuc
476 772 552 824 esset
564 765 710 840 scholaris,
731 771 761 825 et
776 765 890 825 scholas
903 768 997 824 vitans
1011 782 1063 840 per
1079 765 1198 841 provin·-

162 854 221 914 oias
244 851 421 928 discurreret,
441 859 527 912 nocte
544 852 669 928 quadani
689 854 718 909 in
733 851 818 912 domo
834 852 982 911 cuiusdam
995 851 1120 910 mulieris
1141 849 1198 909 ho-

161 939 329 1015 spitabatur.
352 938 439 1000 Cuius
449 939 507 998 filia
529 957 595 1003 oum
612 940 731 1008 haberet
746 944 832 1014 caput
846 939 1017 1012 scabiosum,
1039 942 1069 996 et
1080 939 1200 996 instaret

161 1024 350 1101 adolescenti,
370 1032 403 1085 ut
423 1027 447 1085 si
469 1025 575 1102 aliquid
599 1032 698 1085 contra
716 1025 796 1085 illum
817 1026 951 1091 morbum
971 1031 1070 1084 nosset
1085 1020 1118 1103 ¹),
1145 1023 1201 1082 sibi

162 1112 277 1188 diceret,
297 1128 428 1172 asserens
440 1113 531 1172 multa
545 1115 738 1188 experimenta
751 1111 897 1172 scholares
910 1114 992 1187 scire,
1014 1117 1043 1170 et
1062 1112 1124 1186 ipse
1144 1127 1200 1170 ne·

162 1206 252 1278 garet,
271 1199 379 1274 illaque
398 1202 515 1275 neganti
535 1216 593 1258 non
616 1199 751 1274 crederet,
772 1199 889 1258 tandem
905 1199 1117 1274 importunitate
1134 1198 1200 1256 eius

162 1289 264 1362 dotus,
285 1293 318 1346 ut
330 1304 362 1347 sc
382 1287 421 1346 ab
443 1303 479 1346 ea
491 1286 632 1361 liberaret,
653 1286 813 1361 respondit:
834 1283 945 1362 Accipe
965 1285 1087 1344 barbam
1107 1281 1201 1356 dosis,

162 1372 309 1450 fuliginem
332 1379 361 1432 et
382 1372 440 1448 sal,
469 1378 498 1432 et
523 1373 569 1432 iac
598 1390 634 1432 ex
661 1375 701 1432 eis
723 1377 889 1450 ungentum.
932 1373 978 1432 De
1000 1388 1057 1446 quo
1079 1388 1146 1430 mox
1168 1375 1202 1429 ut

163 1459 239 1522 tiliae
260 1467 328 1521 tuae
350 1466 437 1536 caput
457 1461 636 1536 perunxeris,
664 1458 766 1519 melius
794 1459 921 1519 habebit
965 1458 1047 1536 Quae
1069 1475 1135 1518 oum
1157 1459 1202 1516 ai·

164 1545 231 1608 dem
252 1547 352 1606 morbo
374 1553 470 1606 essent
491 1548 647 1620 contraria,
665 1546 732 1606 iecit
752 1553 849 1606 tamen
872 1551 974 1622 mater,
1003 1548 1077 1622 siout
1098 1543 1202 1604 edocto

163 1633 225 1709 tuit,
246 1639 274 1692 et
294 1633 390 1709 puella
405 1635 494 1710 eitius,
515 1651 573 1693 non
578 1638 705 1736 propter
717 1633 896 1707 medicinam,
918 1632 969 1692 sed
983 1615 1098 1708 propter
1114 1630 1201 1691 scho-

164 1719 231 1780 laris
259 1721 468 1797 simplicitatem
496 1728 529 1780 ut
551 1722 664 1795 opinor,
692 1719 776 1796 plene
799 1719 1016 1779 convaluitn-
1036 1717 1103 1777 Alio
1125 1720 1201 1777 tem-

164 1824 234 1884 pore
256 1824 321 1866 oum
341 1809 371 1866 in
404 1807 488 1866 domo
520 1806 645 1882 quedam
665 1807 719 1866 sibi
739 1809 839 1883 ignota
860 1805 1007 1880 dormiret,
1036 1810 1065 1864 et
1086 1810 1202 1881 propter

73 1954 75 1959 .
164 1896 363 1954 necessitatem
373 1901 492 1953 naturae
508 1893 576 1953 solis
589 1893 772 1954 femoralibus
785 1892 903 1953 indutus
916 1849 1052 1994 surgeret,
1071 1890 1202 1951 diabolus

165 1982 195 2040 in
217 1983 312 2057 specie
333 1981 428 2040 nudae
449 1979 574 2040 mulieris
594 1980 635 2039 illi
656 1997 821 2055 occurrens,
843 1979 927 2039 dorso
950 1981 1010 2038 eius
1031 1976 1140 2037 nudo
1131 1979 1202 2037 msi-

165 2066 236 2128 livit.
286 2065 412 2148 Quem²)
441 2065 507 2127 oum
534 2067 613 2126 nullo
644 2074 748 2127 conatu
777 2065 812 2126 de
842 2065 926 2125 dorso
953 2061 1039 2146 suo⁸)
1070 2070 1202 2125 excutere

166 2159 272 2238 posset,
292 2157 335 2215 sio
355 2171 446 2230 usquc
468 2154 506 2214 ad
530 2160 644 2230 tempus
665 2152 831 2214 matutinale
853 2145 1203 2232 circumrotando),ma·

167 2259 257 2319 gnum
284 2247 345 2301 tam
366 2244 491 2318 corporis
513 2258 601 2317 quarn
628 2243 730 2301 mentis
757 2236 952 2318 patiebatur⁵)
982 2238 1133 2299 detectum
1162 2269 1203 2280 -

169 2327 351 2389 Ordinatus'
343 2347 372 2387 m
393 2327 585 2432 sacerdotem,
600 2328 691 2388 factus
713 2333 757 2386 est
773 2326 936 2402 capellanus
959 2325 1077 2386 Comitis
1091 2325 1204 2385 Losen·

167 2412 292 2495 εἰν),
284 2434 314 2474 m
342 2422 436 2475 castro
464 2418 524 2476 eius
546 2417 649 2474 missas
671 2413 826 2474 celebrans.
868 2412 958 2472 Filius
978 2429 1047 2472 vero
1071 2411 1204 2485 Comitis,

168 2503 261 2562 sciens
281 2501 361 2561 illurn
381 2505 475 2562 virum
497 2518 560 2561 esse
581 2501 738 2576 simplicem
759 2506 788 2560 et
808 2499 952 2574 timidum,
973 2505 1006 2558 ut
1027 2516 1093 2558 eum
1114 2502 1205 2558 terre·

168 2595 226 2663 ret,
254 2591 313 2648 ursi
339 2588 415 2665 pello
443 2605 474 2649 se
501 2586 700 2663 circumdedit,
728 2593 757 2646 et
778 2603 857 2645 more
878 2587 988 2646 bestiae
1010 2601 1096 2662 super
1116 2584 1206 2661 pedes

168 2693 327 2751 manusque
348 2675 498 2750 incedens,
528 2674 565 2734 ad
587 2673 680 2733 solum
700 2676 730 2732 in
752 2672 862 2750 capella
883 2673 1032 2732 sedentem
1052 2674 1093 2732 sic
1113 2672 1206 2745 venit,

168 2764 279 2840 rugitus
301 2768 400 2823 contra
419 2761 498 2822 illum
524 2763 664 2820 emittens.
708 2759 773 2836 Quo
794 2762 857 2819 viso
880 2757 1056 2818 Christianus
1077 2759 1205 2833 territus,

169 2855 199 2909 et
226 2845 300 2927 pene
327 2856 409 2909 extra
435 2852 561 2908 mentem
588 2847 694 2922 tactus,
723 2852 836 2923 arrepto
865 2844 995 2921 cultello,
1023 2851 1083 2905 tam
1110 2843 1206 2904 valide

168 2936 248 2996 illum
271 2936 472 2997 colloiuveuis
486 2934 599 3010 infixit,
620 2941 653 2992 ιιι
673 2940 767 2993 rueret
786 2950 860 3010 pene
880 2939 1017 2992 mortuus.
1061 2931 1118 3008 Qui
1141 2947 1206 2991 oum
1320 2969 1321 2976 ι

169 3020 262 3104 post')
276 3023 421 3083 modicum
435 3023 609 3098 respirasset,
630 3013 732 3081 timens
749 3023 827 3081 vitae
841 3019 1006 3094 sacerdotis,
1027 3020 1081 3079 ait:
1102 3019 1206 3096 Fugite

105 3127 111 3142 ·
170 3111 283 3172 domine
300 3109 467 3183 Christiane,
485 3109 553 3185 quia
566 3107 655 3168 filium
669 3106 787 3168 Comitis
800 3106 951 3167 occidistis.
979 3105 1050 3166 Mox
1062 3105 1110 3166 ille
1123 3106 1206 3165 terri-

170 3204 218 3258 rus
245 3198 327 3275 fugit.
368 3195 407 3255 Et
435 3213 501 3256 cum
522 3197 648 3255 uenisset
668 3194 705 3254 ad
725 3200 837 3271 portam
859 3195 958 3268 castri,
986 3192 1057 3251 dixit
1076 3194 1206 3252 ostiario:

171 3283 276 3362 Aperi,
297 3289 327 3343 et
347 3284 408 3342 sine
429 3299 476 3342 me
497 3282 609 3360 fugere,
635 3283 703 3356 quia
723 3281 813 3341 filium
835 3280 952 3340 Comitis
974 3277 1073 3339 occidi.
1115 3276 1206 3338 Vides

90 3380 91 3384 ’
170 3378 278 3448 ιιιιιιιιιιι
298 3368 485 3446 simplicitas?
517 3369 621 3430 Statim
641 3374 675 3426 ut
694 3367 767 3428 haec
787 3369 970 3426 innotuerunt
990 3366 1157 3442 parentibus
1178 3369 1207 3424 ct

169 3458 307 3532 familiae,
341 3456 513 3534 planxerunt
543 3454 637 3517 valde
689 3453 739 3514 Ad
769 3456 936 3530 petitionem
967 3459 1065 3512 tamen
1096 3452 1207 3512 iuvenis

171 3544 347 3606 Christiarrm
367 3550 526 3619 revocatur,
548 3543 634 3620 culpa
652 3543 822 3660 ignoscitur,
848 3546 948 3602 contra
969 3556 1051 3616 spem
1071 3525 1214 3600 vulnera·
1320 3615 1321 3622 ἵ

190 3731 530 3803 lJBCPnoseeret-
499 3728 787 3798 -0—2)l'quanr
809 3725 1050 3796 enuere.-
1072 3723 1206 3794 4)ACDP
1320 3767 1321 3776 ,

240 3800 448 3886 οιιοιιιιιιιιιιοἰ
467 3827 499 3885 -3
518 3799 551 3868 5)
567 3798 812 3883 sentinosum.
832 3825 862 3838 -
881 3797 914 3919 δά)
931 3796 1017 3863 Lorne,
1033 3793 1158 3850 leComtt
1174 3794 1205 3847 dr

229 3872 327 3938 ιῑοοιι,
343 3887 370 3925 ru
386 3879 514 3924 temtorm
531 3868 670 3924 Ιιοοᾱιοιιιι.
690 3895 721 3911 -
739 3868 772 3936 7)
789 3874 860 3938 port
877 3879 891 3918 a
910 3865 927 3918 d
944 3865 973 3919 B.
