2538 4314
164 243 203 302 98
468 238 697 302 DISTINOTIO
719 239 905 302 SECUNDA

163 377 250 438 quam
263 367 378 438 cogeret
390 361 517 437 puellam
528 358 544 441 ¹)
565 363 747 438 baptizatam,
765 365 904 440 virginem
919 361 1031 422 Christo
1046 364 1203 440 consigna-

162 457 222 508 tam
251 455 280 509 ct
305 451 335 508 ln
356 448 492 525 religione
513 448 687 525 Christiane,
710 451 796 509 ctiam
817 467 905 525 supra
924 455 1063 524 aetatem,
1085 450 1203 509 ferven-

163 543 230 610 tem,
252 534 454 595 edJudaioam
475 535 566 596 redire
587 536 745 612 perfidiam.
777 534 980 596 NOVIOIUS:
1002 535 1067 597 Hoc
1085 537 1204 596 etmihi

161 622 282 681 videtur.
325 621 559 683 MONACHUS:
583 621 714 683 Occurrit
735 623 805 682 milri
825 623 893 683 huic
915 622 1045 699 exemplo
1068 623 1146 682 aliud
1165 642 1205 684 ex

160 715 241 785 parte
253 707 274 790 ²)
297 710 396 784 eimilc,
420 710 455 770 de
478 709 604 784 quodam
625 710 713 770 milite
735 710 882 786 saeculari,
903 712 944 769 ita
965 717 998 769 ut
1019 728 1055 770 ex
1071 713 1134 787 ipso
1146 729 1203 770 suo

159 797 235 856 facto
264 796 428 872 saepedicto
457 797 590 856 Pontifici
620 798 791 873 exprobrare
819 797 951 859 videatur
982 800 1122 858 sententia
1151 798 1204 857 illa

96 923 98 932 ,
158 883 339 960 prophetica:
360 883 516 957 Erubcecc,
538 884 640 978 bidon,
663 888 707 944 ait
727 880 850 964 morc.³)
1048 878 1053 888 '
1136 909 1139 920 ·

494 1073 728 1138 carmenum
748 1059 866 1136 xxvi.

319 1165 332 1196 ²
416 1197 464 1258 Dc
482 1199 585 1272 puello
612 1201 647 1269 io¹
666 1197 756 1256 Lince
778 1197 939 1291 baptizata.

222 1336 257 1394 In
279 1335 348 1395 villa
369 1335 452 1395 nobis
473 1338 576 1411 vicina,
599 1333 801 1415 quaeLineel)
824 1336 933 1410 dieitur,
954 1335 1026 1394 infra
1039 1335 1094 1395 hoc
1108 1338 1202 1394 trien-

158 1425 237 1480 nium
259 1421 402 1497 quaedam
422 1422 519 1498 puella
539 1423 646 1482 Judaei
669 1423 818 1482 cuiusdam
839 1423 906 1498 filia,
927 1423 1062 1498 baptismi
1083 1421 1202 1483 deside-

158 1509 199 1568 rio
222 1507 357 1568 divinitus
379 1526 517 1585 accensa,
555 1510 593 1569 ad
621 1511 766 1586 quandam
797 1511 931 1570 seminam
964 1509 1092 1570 eiusdem
1113 1509 1202 1568 villae

159 1597 244 1670 venit,
265 1603 295 1655 et
316 1598 384 1670 quia
404 1597 541 1671 baptizari
562 1597 657 1672 vellet,
680 1599 749 1657 sctis
764 1596 928 1672 simpliciter
944 1595 1093 1656 intimavit.
1131 1595 1203 1662 ¹Cui

158 1700 276 1742 suasum
298 1690 341 1743 eet
363 1701 382 1741 a
402 1683 528 1758 muliere,
549 1691 581 1742 ut
604 1683 769 1743 Conradum
791 1684 910 1745 militem
930 1682 1040 1758 odiret,
1061 1682 1201 1742 volunta-

157 1775 273 1846 temque
303 1787 385 1830 stram
414 1777 577 1845 exponeret.
627 1770 711 1847 Quod
741 1788 806 1830 cum
834 1771 961 1846 fecisset,
996 1769 1043 1830 ille
1079 1771 1201 1846 gavisus

159 1856 262 1932 valde,
283 1857 427 1932 pollicitus
450 1863 509 1933 est,
531 1860 599 1934 quia
621 1861 647 1918 ei
670 1857 803 1933 consilio,
831 1857 952 1932 auxilio,
970 1851 1029 1916 ³vel
1048 1857 1201 1932 temporali

158 1944 286 2003 subsidio
315 1944 477 2003 nullatenus
514 1945 635 2004 deesset
684 1945 742 2004 Die
772 1943 887 2021 quondo
916 1941 1091 2020 baptizanda
1123 1951 1202 2018 erat,

159 2031 228 2090 dixit
250 2029 287 2090 ad
310 2031 440 2090 militem:
463 2031 595 2106 Domine,
617 2037 769 2107 procurate
790 2049 827 2090 ne
848 2031 946 2091 videet
967 2037 1203 2106 mepatcrmeus

159 2118 232 2177 inira
253 2118 309 2177 hoc
330 2119 463 2193 triduum,
486 2123 554 2194 quia
575 2121 599 2177 ei
620 2119 657 2177 ab
681 2135 715 2178 eo
734 2119 894 2193 viscsuero,
915 2113 1098 2198 tantaecit⁵),
1120 2117 1201 2193 quod

158 2208 260 2264 iterum
283 2206 424 2280 oportebit
444 2222 491 2264 me
512 2205 604 2265 redire
626 2204 665 2264 ad
686 2204 877 2265 Judaismum.
909 2200 1000 2264 Positi
1013 2209 1087 2280 eunt,
1109 2203 1201 2265 milite

161 2298 340 2367 procurante,
363 2294 439 2350 circu
460 2294 627 2352 cimiterium
648 2290 777 2352 homines
788 2295 898 2366 armati,
919 2293 968 2368 qui
986 2287 1041 2372 ct⁶)
1052 2289 1201 2350 Judaeum

160 2384 292 2438 vetarent
311 2379 431 2451 intrare,
464 2385 496 2436 ut
504 2376 523 2457 ⁷)
545 2377 642 2455 puella
663 2395 762 2439 secure
783 2385 881 2455 posset
901 2380 1017 2438 introire
1039 2380 1099 2438 sive
1121 2381 1202 2438 exire

159 2467 221 2524 eine
242 2465 317 2524 illiue
339 2464 586 2540 contemplatione.
628 2465 803 2526 Procurantc
818 2465 892 2539 Deo,
913 2467 1059 2542 baptizata
1080 2471 1124 2524 eet
1137 2467 1201 2524 vir-

159 2569 211 2630 go,
241 2558 271 2611 ct
298 2557 403 2612 vocata
430 2549 502 2638 ceti)
530 2553 690 2611 Elizabelh.
732 2553 838 2612 Paucis
868 2553 969 2612 diebus
1001 2544 1104 2627 elapem
1132 2561 1202 2628 post

160 2639 342 2714 baptismum,
364 2641 486 2698 occurrit
508 2640 535 2698 ei
555 2646 647 2698 mater
667 2638 807 2714 infidelis,
830 2644 859 2700 et
880 2641 935 2698 ait:
956 2639 1040 2698 Bona
1060 2639 1128 2715 filia,
1148 2657 1201 2698 re-

159 2733 268 2785 vertere
296 2725 334 2784 ad
355 2724 546 2785 Judaismum.
589 2725 749 2802 Respondit
777 2725 840 2785 ille:
868 2725 934 2785 Non
962 2743 1096 2801 possum,
1130 2729 1202 2801 quia

161 2811 322 2872 Christiana
343 2831 407 2873 eum
429 2813 538 2873 effecta.
581 2812 671 2871 Tunc.
685 2820 791 2872 mater:
813 2812 878 2890 Ego
899 2813 973 2871 bene
995 2812 1047 2871 tibi
1068 2812 1201 2872 auferam

159 2901 342 2976 baptismum.
385 2899 494 2959 Volens
516 2899 612 2976 puella
633 2899 756 2976 probare
779 2898 846 2975 quid
868 2906 960 2958 mator
981 2899 1074 2958 dicere
1095 2897 1201 2976 vellet,

158 2986 320 3062 respondit:
344 2986 495 3063 Quomodo
516 2987 573 3046 hoc
593 2986 724 3046 laceres?
767 2986 840 3063 Ego,
861 2984 1084 3062 inquitJudaea,
1105 2987 1201 3047 tn‘bus

158 3074 268 3134 vicibus
290 3079 319 3134 te
342 3091 454 3132 sursum
475 3073 588 3133 traham
610 3074 810 3150 perforamen
830 3073 958 3148 latrinae,
980 3075 1078 3148 sicque
1099 3090 1200 3132 rema-

158 3162 236 3221 nebit
256 3161 297 3220 ibi
319 3163 409 3219 virtus
431 3161 565 3236 baptismi
587 3163 636 3230 tui.
686 3159 770 3236 Quod
799 3161 920 3219 verbum
948 3159 1044 3236 puella
1058 3159 1060 3164 ’
1076 3159 1200 3220 audiens

157 3255 187 3307 ct
208 3265 368 3321 exsecrans,
391 3253 490 3307 contra
510 3253 632 3306 matrem
653 3250 738 3324 spuit,
759 3246 869 3323 lugiens
892 3247 929 3306 ab
941 3246 998 3305 illa.
1027 3245 1200 3306 Praedictue

157 3333 246 3410 miles,
269 3351 335 3393 cum
357 3337 393 3393 eit
415 3341 509 3394 aetate
530 3336 657 3409 iuvenis,
679 3351 733 3394 nec
755 3340 851 3393 temen
872 3332 994 3392 multum
1016 3331 1114 3407 dives,
1136 3336 1200 3392 vir-

157 3423 252 3498 ginem
273 3421 338 3482 loco
361 3421 436 3481 filiae
457 3423 552 3496 nutrit,
573 3420 673 3480 volens
695 3421 774 3480 illam
795 3419 906 3480 tradere
929 3423 999 3495 viro,
1020 3419 1067 3480 vel
1088 3422 1118 3480 in
1141 3420 1200 3480 ali-

174 3608 205 3675 l)
222 3606 264 3660 BG
281 3608 452 3675 virginem.
473 3635 503 3646 -
522 3607 555 3674 2)
573 3605 593 3661 C
610 3605 685 3659 mihi
707 3615 739 3662 et
763 3605 853 3658 aliud
872 3591 1049 3673 exemplum
1068 3605 1141 3658 huic
1159 3621 1199 3658 ex

224 3676 658 3743 parre.-3)1sai.23,l.-
686 3675 718 3746 4)
737 3675 755 3728 P
773 3676 883 3738 Liuze3
910 3675 985 3742 paulo
1004 3683 1061 3742 poet
1079 3673 1099 3727 O
1117 3685 1199 3727 ante

225 3746 292 3796 hoc.
313 3773 343 3784 -
363 3743 542 3812 5)Gccrta
569 3760 643 3797 eum.
663 3773 693 3784 -
719 3745 800 3815 6)et
823 3761 865 3797 cru
883 3745 909 3798 P.
930 3775 959 3786 -
988 3746 1020 3814 7)
1039 3743 1083 3796 nu
1101 3753 1141 3796 ct.
1164 3775 1196 3784 -

223 3815 255 3883 8)
274 3821 322 3866 cet
341 3813 389 3866 add
407 3813 457 3866 OD.
950 3821 953 3832 ’
