2654 4308
191 273 232 338 aa
504 244 730 337 orsrmcno
753 273 917 338 omnus

546 465 890 562 cAPI'ruuUttuxm.
979 467 980 474 ’

431 585 480 646 Dc
500 587 594 647 Petro
615 588 761 647 monoclro
782 589 818 647 da
840 586 989 649 claustro.

254 705 363 771 Fuerat
381 707 411 766 in
431 707 578 785 praedicto
598 707 730 769 claustro
761 708 840 785 quod
861 709 917 768 alio
939 707 1055 770 nominc
1069 704 1224 767 Hemmsn·

191 793 260 854 rode
283 793 399 870 dicium,
427 796 539 855 iuvenis
568 794 685 872 quidam
706 795 800 856 bonae
827 794 930 855 indolis
952 800 981 854 et
1001 793 1154 854 laudabilis
1174 790 1225 852 ad-

190 879 308 940 modum
330 884 569 957 conversationis,
591 882 693 942 Petrus
715 884 843 957 nomine,
870 882 906 942 dc
929 881 1110 942 Continentia
1131 881 1226 940 oriun-

191 965 254 1043 dus,
276 970 322 1028 cui
336 968 521 1029 creberrimas
535 967 677 1028 Dominus
691 969 782 1029 Deus¹
792 969 860 1029 lecit
880 968 1098 1030 cumulationes.
1132 967 1226 1043 Quae·

191 1051 259 1114 dam
280 1071 316 1113 ex
328 1053 373 1114 his
387 1072 462 1134 quae
476 1055 512 1115 de
532 1054 580 1115 illo
594 1050 611 1135 ¹)
630 1055 755 1116 dictamus
778 1073 850 1130 sum,
871 1058 1001 1131 superius
1022 1055 1075 1114 tibi
1095 1053 1226 1130 recitavi3

191 1157 266 1218 quaa
278 1141 384 1202 idcirco
397 1141 535 1218 replicare
553 1142 671 1219 dignum
692 1142 768 1216 duri,
790 1145 857 1218 quia
877 1149 980 1218 postca
996 1141 1099 1202 eadem
1119 1139 1227 1218 plenius

192 1233 221 1288 et
247 1229 344 1288 varius
352 1223 372 1307 ²)
402 1245 421 1287 a
449 1227 574 1304 quodam
603 1231 663 1291 eius
692 1229 832 1288 confratre
860 1229 1076 1310 familiarissimo
1099 1227 1227 1305 cognovi.
1294 1255 1295 1272 κ

189 1313 266 1374 Nam
297 1313 408 1374 audivit
438 1316 607 1391 aliquotiens
639 1332 736 1376 voces
759 1315 942 1393 psallentium
973 1318 1003 1374 in
1035 1314 1161 1375 sublimi.
1188 1346 1226 1356 -

191 1399 325 1478 Quadam
346 1402 433 1460 etiam
454 1403 519 1462 vice
540 1419 605 1462 cum
627 1404 835 1462 ministraturus
857 1402 972 1462 domino
993 1401 1103 1462 Karolo
1121 1400 1228 1461 Abbati

191 1487 337 1564 quondam
353 1487 515 1564 vilariensi,
536 1489 743 1549 contessionem
765 1488 889 1564 dixisset,
910 1496 941 1548 et
960 1487 1174 1549 absolutionem
1195 1487 1228 1547 dc

190 1591 271 1635 more
300 1573 430 1635 devotius
457 1578 615 1652 acciperet,
643 1575 753 1635 audivit
780 1592 884 1636 vocem
913 1575 950 1636 de
978 1573 1060 1636 coelo
1090 1574 1229 1635 dicentem

191 1661 261 1721 eriri:
281 1661 409 1722 Dimissa
428 1670 494 1722 sunt
514 1664 610 1722 omnia
622 1669 744 1738 peccata
761 1667 821 1721 tua
842 1695 885 1706 -
906 1661 973 1722 Alio
995 1665 1081 1722 ctiam
1101 1669 1229 1739 tempore

192 1765 258 1809 uum
289 1751 425 1808 sacristae
456 1751 574 1808 missam
607 1749 783 1809 celebraturo
815 1752 877 1826 ipse
907 1756 1030 1826 astaret,
1062 1756 1091 1809 at
1118 1748 1229 1825 lampas

192 1837 317 1896 extincta
343 1836 457 1912 luisset,
485 1836 581 1898 lumen
609 1835 724 1896 aliunde
751 1837 851 1896 afferre
879 1836 994 1913 volens,
1024 1835 1076 1896 sed
1097 1837 1229 1914 angustia

191 1924 327 1998 temporis
348 1930 575 1999 praeoccupatus
597 1940 655 1982 non
676 1923 790 1998 valens,
817 1923 888 1982 flatu
908 1923 1071 2000 lampadem
1092 1939 1229 1984 rcaccen-

192 2007 242 2068 dit
266 2043 309 2054 -
337 2007 414 2070 Saus
435 2010 503 2069 huic
525 2011 622 2069 iuveni
649 2009 775 2069 studium
810 2017 886 2085 erat,
918 2009 1008 2078 semel
1035 2012 1065 2068 in
1097 2007 1146 2070 die
1179 2007 1229 2070 ad·

192 2097 286 2156 minus
317 2096 464 2156 revolvere
497 2103 526 2156 et
556 2098 676 2180 recitare
707 2097 762 2156 sibi
795 2099 973 2157 sanctissima
1005 2103 1034 2158 et
1066 2095 1229 2157 dulcissima

191 2185 333 2260 passionis
349 2182 453 2244 Christi
465 2186 645 2260 improperia,
666 2185 819 2261 gratiarum
833 2183 1021 2260 spiritualium
1035 2183 1230 2256 efficacissima

192 2271 385 2330 incitamenta.
437 2271 472 2329 In
505 2287 562 2346 quo
591 2270 685 2331 studio
717 2277 827 2330 tantam
858 2288 910 2348 per
943 2269 1088 2330 dimidium
1121 2273 1230 2332 circiter

193 2374 300 2416 annum
332 2356 528 2440 difficultatem
558 2375 662 2436 passus
694 2363 752 2432 est,
783 2362 817 2416 ut
849 2357 931 2433 quasi
961 2375 1020 2418 non
1051 2358 1106 2417 sibi
1136 2357 1230 2419 valere
1297 2413 1298 2416 ,

193 2443 355 2503 huiusmodi
388 2444 588 2504 meditationes
624 2443 754 2503 arbitrari
791 2444 945 2504 debuisset.
999 2443 1130 2504 Tandem
1168 2461 1230 2504 cum

192 2533 362 2607 perstitisset
382 2531 508 2608 pulsans,
531 2537 559 2591 et
580 2531 673 2590 illatas
696 2530 750 2591 sibi
766 2533 881 2590 iniurias
903 2535 932 2591 et
946 2530 1126 2591 difficultates
1149 2531 1229 2590 inde-

192 2617 284 2678 fessus
316 2618 486 2696 effregisset,
518 2624 629 2678 secreta
655 2616 705 2678 illa
734 2617 839 2677 Christi
866 2614 1006 2678 violenter
1033 2621 1166 2694 intravit,
1197 2635 1230 2677 ac

193 2703 328 2782 deinceps
350 2708 411 2766 sine
433 2703 607 2780 difficultate,
629 2710 659 2764 et
679 2707 761 2779 quasi
782 2705 820 2764 ad
841 2723 958 2764 manum
979 2707 1085 2781 paratis
1103 2704 1230 2780 quotidie

194 2791 293 2870 epulis,
314 2791 546 2853 meditationibus
566 2791 620 2851 illis
642 2793 817 2851 suavissimis
839 2809 905 2851 cum
931 2809 1036 2870 magna
1056 2791 1229 2852 iocunditate

192 2895 262 2940 usus
291 2885 344 2940 est.
385 2877 421 2938 In
450 2896 559 2939 canone
581 2895 696 2954 quoquc
717 2895 775 2937 non
797 2895 970 2956 magnopere
993 2878 1114 2939 curabat
1135 2896 1229 2955 orare,

192 2964 245 3026 sed
277 2965 313 3027 de
341 2968 474 3043 passione
497 2965 602 3026 Christi
628 2964 829 3025 meditabatur.
850 2999 893 3010 -
915 2964 1053 3026 Habebat
1079 2962 1229 3046 item³)in

193 3051 333 3113 desiderio
356 3059 384 3113 et
404 3060 464 3114 tam
485 3052 629 3113 humiliter
651 3069 738 3129 quam
765 3051 949 3112 vehementer
970 3052 1090 3128 optabat
1110 3053 1229 3113 revelari

192 3141 248 3200 sibi
269 3140 403 3199 divinitus
424 3139 522 3216 aliqua
542 3141 665 3217 imagine
687 3138 798 3200 vultum
812 3138 979 3214 Salvatoris,
1000 3145 1032 3198 ut
1054 3156 1119 3212 cum
1137 3138 1228 3198 medi-

192 3228 247 3287 tari
267 3227 427 3300 debuisset,
449 3226 487 3286 ad
508 3226 630 3286 eundem
653 3226 774 3301 vultum,
796 3227 878 3300 quasi
899 3231 1085 3302 conspectum
1106 3231 1135 3286 ct
1156 3227 1228 3286 bene

193 3316 355 3392 cognitum,
384 3313 495 3375 laellius
516 3315 649 3372 intritum
670 3315 773 3373 mentis
794 3314 959 3390 imaginarie
982 3312 1102 3390 dirigere
1123 3319 1228 3389 posset

192 3400 231 3461 Et
251 3401 394 3461 Dominus
423 3402 472 3476 qui
499 3399 555 3460 boc
577 3402 602 3460 ei
623 3402 772 3475 inspiravit
794 3399 981 3475 desiderium,
1008 3417 1066 3459 non
1087 3400 1229 3459 fraudavit

194 3504 259 3548 eum
281 3505 300 3547 a
321 3485 461 3547 desiderio
483 3483 574 3567 suo⁴).
616 3487 783 3546 Laborabat
804 3503 872 3563 crgo
886 3485 1008 3546 mirabili
1029 3503 1064 3546 ac
1080 3484 1228 3562 multiplici

192 3575 359 3652 luxuriantis
388 3576 481 3634 cernis
509 3573 654 3649 molestia,
687 3572 801 3634 diabolo
831 3576 990 3650 interitum,
1022 3572 1075 3633 scd
1102 3572 1227 3633 Domino

191 3662 350 3740 proiectum
372 3663 399 3721 ci
415 3660 455 3722 de
476 3662 681 3721 tentationibus
702 3659 859 3722 ordinante.
902 3659 986 3721 Unde
1008 3677 1074 3721 cum
1089 3659 1228 3736 'quodam

211 3778 244 3847 r)
260 3777 297 3830 aa
314 3776 371 3831 ruo
389 3793 430 3831 on
447 3777 498 3831 uo.
517 3805 549 3820 -
567 3776 600 3846 a)
617 3775 638 3830 u
655 3778 871 3830 veracius.·-
888 3777 921 3846 a)
938 3776 959 3831 a
976 3778 1054 3831 trem
1071 3775 1226 3841 urrann,
1268 3743 1272 3750 “

263 3847 444 3912 Ghabcbat
460 3846 551 3901 idom.
577 3875 607 3887 -
626 3847 659 3916 4)
677 3845 743 3903 Psal.
761 3846 804 3913 77,
821 3846 864 3904 30.
