2642 4330
476 269 531 330 DE
552 269 823 334 DAEMONIBUS.
1104 271 1165 330 319

126 401 224 472 posset
256 391 383 452 honoris.
442 391 692 468 Respondentibus
727 394 853 467 civibus,
888 393 963 452 sicut
994 393 1062 452 viris
1096 411 1167 469 pru·

127 480 275 540 dentibus:
304 478 382 538 Nihil
410 479 460 538 tibi
493 488 609 555 propter
636 479 692 540 hoc
722 479 915 556 dabimus„ut
942 485 972 538 te
998 481 1093 555 ipsum
1120 481 1167 538 in-

126 567 262 643 terficiam
293 568 348 625 ait:
380 566 501 641 Propter
528 566 666 626 honorem
702 568 823 626 civitatis
862 566 983 626 saltabo.
1037 565 1167 644 Congre-

124 659 193 730 gata
209 651 225 734 ¹)
257 653 438 712 multitudine
460 653 558 728 populi
581 654 777 728 circatorum,
799 655 845 714 eui
866 655 949 712 turris
972 652 1073 712 eadem
1095 669 1167 714 oon-

125 742 205 817 tigua
227 746 298 814 erat,
320 746 349 798 et
371 739 407 799 de
428 740 558 799 fenestris
580 739 730 800 domorum
751 739 814 800 abis
827 741 1083 814 prospectantibus,
1104 747 1167 800 tur-

125 829 177 886 rim
198 825 339 886 aseendit.
382 825 476 903 Quem
496 826 569 886 alius
592 827 708 903 quidam
730 845 748 887 a
769 833 849 902 tergo
873 825 1014 901 clamans,
1035 829 1088 885 ait:
1111 827 1167 886 Dic

125 913 207 990 milri,
238 913 381 987 obomo,
410 931 476 972 cum
498 930 556 989 quo
579 914 718 974 daemone
739 915 802 989 agis
823 912 914 971 talia?
957 911 1011 1000 Cui
1032 931 1098 978 cnm
1119 913 1167 972 ille

124 1002 222 1060 nescio
245 1017 332 1075 quem
345 998 708 1075 daemonem-nominasset,
729 999 889 1075 respondit:
912 998 992 1058 Scias
1014 1017 1064 1075 pro
1081 1006 1166 1074 certo,

124 1091 193 1164 quia
222 1087 347 1162 decipiet
374 1092 411 1146 te.
464 1087 597 1162 Nequam
630 1093 674 1148 est
706 1089 789 1146 enim.
844 1085 876 1146 Si
904 1085 971 1146 fidei
999 1085 1107 1148 Oliveri
1137 1093 1167 1146 te

124 1176 328 1249 committeres,
348 1190 406 1232 nou
427 1177 458 1232 te
479 1174 630 1249 deciperet,
651 1175 719 1250 quia
740 1173 852 1232 curialis
874 1179 918 1232 est
939 1179 968 1232 et
980 1172 1063 1232 lidus.
1105 1173 1167 1233 Re·

123 1260 242 1337 spondit
262 1259 326 1340 iller
348 1258 538 1336 Nequaquam
551 1278 598 1319 me
610 1255 739 1336 decipiet,
762 1262 838 1336 qnia·
850 1261 880 1318 in
901 1259 997 1319 multis
1019 1250 1084 1318 sum
1105 1261 1167 1319 eins

122 1347 211 1408 fidem
234 1353 379 1422 expertus.
421 1346 497 1407 Puto
520 1347 602 1412 hune¹
620 1345 766 1407 Oliverum
786 1347 873 1406 fnisse
896 1347 1027 1421 eundem,
1051 1347 1086 1406 de
1108 1363 1165 1422 quo

122 1452 212 1511 supra
234 1434 341 1492 dietum
362 1439 406 1493 est
419 1434 545 1509 capitulo
568 1439 678 1509 quarto.
722 1432 798 1509 Quid
817 1431 922 1509 plura?
943 1432 1084 1493 Ascendit
1104 1440 1166 1492 tur·

122 1524 188 1595 rim,
211 1527 240 1582 et
261 1519 386 1595 saltarit,
407 1519 459 1580 sed
479 1526 547 1596 post
568 1521 673 1580 saltum
694 1537 810 1598 surgere
832 1537 890 1579 non
911 1520 1010 1580 valuit
1052 1519 1166 1580 Miran-

121 1609 201 1668 tibus
214 1609 316 1681 turbis,
338 1624 425 1683 quare
439 1623 497 1666 non
512 1614 648 1684 surgeret,
670 1614 698 1666 et
714 1607 911 1684 ignorantibus
930 1625 1047 1667 oausam
1068 1609 1167 1668 mortis

122 1697 187 1756 eius
215 1700 341 1770 propter.
365 1694 491 1770 amplam
519 1711 606 1769 quam
634 1693 765 1754 induerat
793 1710 914 1769 cappam
937 1695 974 1754 ad
997 1693 1166 1769 capiendum

122 1787 260 1856 ventum,
289 1782 407 1857 propius
429 1781 615 1855 aecedentes,
644 1780 846 1856 hominemque
868 1780 903 1839 de
925 1788 1000 1840 terra
1022 1780 1166 1854 levantes,

121 1872 298 1928 invenerunt
311 1869 408 1926 omnia
428 1870 539 1929 viscera
560 1869 621 1926 eius
640 1868 738 1927 effusa
781 1868 858 1926 Ecce
879 1869 920 1926 sic
935 1867 1066 1927 diabolus
1080 1869 1166 1926 mini-

121 1962 198 2016 stros
228 1972 300 2014 suos
321 1961 499 2028 remunerat,
528 1971 648 2030 corpora
670 1954 785 2029 quidem
806 1954 979 2028 occidendo,
1006 1960 1035 2012 et
1055 1956 1166 2014 animas

119 2045 152 2102 in
180 2059 292 2117 poenas
321 2046 452 2100 aeternas
482 2041 667 2100 detrudendo.
710 2041 757 2102 De
788 2058 909 2116 quarum
937 2042 1109 2100 cruciatibus
1136 2042 1166 2100 in

123 2128 309 2188 distinctione
321 2127 491 2187 duodecima
505 2128 604 2188 audies
616 2127 796 2186 sufficienter.
838 2126 1041 2188 NOVIGIUS:
1064 2127 1166 2204 Quan-

122 2223 187 2276 tum
215 2215 366 2274 considero
396 2231 432 2274 ex
457 2217 515 2274 iam
544 2214 619 2274 dicto
644 2212 774 2288 Olivero,
802 2231 861 2273 non
888 2231 988 2274 omnes
1013 2213 1167 2274 daemones

122 2301 287 2378 aequaliter
295 2301 362 2360 mali
373 2307 447 2360 suut
489 2299 726 2362 MONAGHUS:
747 2301 782 2360 In
795 2302 898 2376 quibus
909 2303 938 2359 in
953 2301 1032 2360 coelo
1044 2301 1167 2376 amplius

122 2393 237 2449 intensa
258 2388 352 2458 fuerat
370 2393 471 2447 contra
492 2386 657 2447 Creatorem
675 2388 808 2464 superbia
828 2394 916 2463 atqua
936 2387 1052 2464 invidia,
1072 2390 1102 2446 in
1122 2387 1167 2448 his

122 2492 217 2552 usqne
246 2474 335 2534 hodie
361 2476 453 2551 magis
482 2470 588 2553 vigam)
618 2473 656 2535 ad
684 2474 846 2535 nocendum
867 2474 985 2534 malitia.
1028 2474 1167 2553 Quidam,

123 2569 158 2624 ut
179 2562 299 2635 dieitur,
328 2561 391 2621 aliis
417 2578 483 2621 cum
503 2560 635 2632 Lucifero
666 2567 764 2622 contra
783 2561 881 2622 Deum
902 2579 934 2621 se
965 2562 1166 2622 extollentibus

123 2649 291 2725 simpliciter
318 2654 538 2721 consenserunt,
573 2654 602 2708 et
627 2647 657 2706 hi
685 2648 800 2724 quidem
827 2665 892 2708 eum
914 2651 1015 2708 catena
1034 2654 1168 2722 ruerunt,
1264 2693 1267 2699 .

124 2735 178 2795 sed
200 2735 303 2796 ceteris
325 2736 418 2794 minus
440 2733 507 2792 mali
528 2740 604 2809 sunt,
624 2728 927 2811 hominesque'minus
948 2734 1074 2811 laedunt,
1094 2739 1167 2796 sient

126 2821 259 2900 exempla
281 2821 412 2882 subiecta
433 2821 635 2898 explanabunt

417 2980 421 2990 ’
444 3010 678 3072 unumunurn
698 3011 850 3072 xxxva.

148 3135 195 3194 Dc
208 3135 362 3207 ἀαεηιοηε,
384 3137 437 3211 qui
457 3137 490 3194 in
507 3137 598 3210 epacte
619 3135 746 3193 hominio
766 3135 853 3194 militi
872 3133 997 3211 fideliter
1017 3139 1144 3197 revivit.

145 3331 149 3350 ,
190 3273 327 3333 Daemon
348 3271 464 3348 quidam
487 3271 677 3333 adolescentis
698 3271 813 3332 venusti
833 3275 958 3348 speeiem
978 3273 1107 3349 induens,
1128 3275 1166 3336 ad

129 3360 272 3436 quandam
300 3359 421 3418 militem
448 3363 542 3435 venit,
570 3361 741 3435 obsequium
770 3377 855 3418 suum
878 3361 918 3419 illi
939 3361 1069 3421 offerens.
1113 3361 1166 3421 Cui

128 3463 193 3506 oum
213 3446 338 3505 multum
359 3443 485 3522 placeret
508 3453 569 3506 tam
589 3450 619 3506 in
640 3446 743 3506 decore
766 3463 852 3522 quam
873 3449 902 3506 in
924 3463 1069 3524 sermone,
1097 3466 1166 3526 gra-

129 3538 220 3593 tanter
248 3534 286 3593 ab
317 3549 352 3592 eo
381 3539 531 3608 susceptus
553 3531 633 3613 θεῖ’).
678 3533 733 3608 Qui
755 3550 822 3592 mox
843 3534 924 3592 militi
945 3536 1050 3594 servire
1073 3536 1167 3612 eoepit

129 3625 187 3680 tam
209 3620 360 3697 diligenter
381 3624 410 3678 et
438 3625 498 3678 tam
518 3619 632 3695 timide,
661 3625 722 3685 tam
742 3619 864 3680 fideliter
891 3628 920 3681 et
948 3627 1008 3680 tam
1028 3621 1165 3694 iocunde,

147 3772 220 3840 l)B
250 3780 283 3824 et
311 3780 520 3838 congregata.
550 3772 643 3839 -’.2)
667 3771 688 3823 C
713 3771 810 3824 hodie
846 3773 939 3841 viget
965 3781 1080 3826 eontra
1109 3787 1165 3825 uos

196 3844 307 3912 magis.
327 3869 357 3881 -
377 3841 411 3910 ³)
428 3840 448 3895 B
466 3849 639 3910 gratanter
655 3840 746 3896 illurn
764 3844 922 3912 suseepti.
