2594 4302
375 251 430 312 DE
452 247 646 326 cosrohe
659 249 826 314 CHRISTI.
1072 247 1133 308 169

459 439 693 502 CAPITULUM
717 439 771 500 III.

126 567 175 626 Dc
196 563 334 641 Adolpbo
356 563 507 624 sacerdote
535 566 588 640 qai
607 565 640 622 ia
661 563 757 622 boetio
778 562 851 622 cidit
871 563 1015 638 capim
1036 581 1105 624 cum

171 644 175 652 ’
255 651 381 728 infante,
403 650 507 710 dende
529 668 651 726 apparo,
667 656 774 725 posteo
795 647 976 725 mudflaom.
1054 671 1059 682 ι

161 773 236 834 (ium
270 771 403 832 dominns
434 770 536 832 Abhas
569 769 746 847 praedictam
778 771 919 829 visionem
931 765 964 849 ¹),
1003 769 1138 832 visitandi

94 861 188 941 gratia
200 876 321 937 pergens
338 861 368 918 in
381 859 512 933 Frisiam,
535 856 649 918 cuidam
663 856 744 915 mihti
760 858 916 930 recitasset,
938 855 985 916 ille
1000 855 1136 934 Adelpho

95 943 266 1026 sacerdoti2)
299 944 336 1004 de
356 945 502 1022 Dyeieme
511 940 532 1025 ³)
561 947 679 1004 recitata
696 943 864 1028 ¹replicavit.
907 941 992 1019 Quod
1018 945 1072 1019 ¹ubi
1092 944 1140 1005 ille

96 1035 222 1110 audivit,
244 1035 390 1109 suspirans
412 1034 466 1091 ait:
488 1030 537 1090 Ad
566 1031 634 1106 quid
656 1031 799 1090 Dominus
828 1029 909 1089 Deus
938 1032 1005 1090 viris
1034 1033 1141 1091 sanctis

97 1129 127 1184 et
151 1123 182 1180 in
207 1119 265 1189 fide
292 1119 423 1195 perfectis
449 1117 520 1178 talia
547 1116 691 1178 ostendit?
734 1116 807 1178 Mihi
828 1120 972 1194 peccatori
992 1115 1140 1198 m'eique‘)

96 1208 237 1270 similibus
260 1209 309 1282 qui
330 1223 418 1283 saepe
440 1203 476 1264 de
497 1205 553 1266 hoc
574 1211 753 1264 sacramento
777 1204 958 1280 dubitamus,
978 1202 1142 1266 huiusmodi

97 1297 224 1356 visiones
246 1289 384 1352 debererit
403 1292 534 1352 revelari.
576 1291 633 1351 Die
655 1290 782 1367 quadam
804 1291 967 1351 cumidem
988 1289 1142 1368 Adelphos

97 1384 217 1443 missam
246 1379 416 1456 celebraret,
445 1385 474 1438 et
502 1384 570 1438 ante
591 1376 695 1456 Agnus
716 1378 773 1437 Dei
800 1378 924 1449 hostiam
951 1377 1078 1438 levasset
1104 1377 1142 1440 ad

97 1466 296 1548 frangendum,
308 1467 338 1525 in
349 1468 412 1542 ipsa
425 1465 520 1526 hostia
533 1467 672 1542 virginem
686 1466 716 1540 in
731 1465 799 1524 sede
813 1465 936 1524 residere
949 1465 1144 1543 infantemque

98 1559 130 1616 in
150 1558 215 1616 sinu
229 1570 344 1613 servare
359 1551 568 1628 contemplatus
590 1557 643 1610 est
683 1551 776 1612 Nosse
797 1553 898 1612 velens
921 1551 989 1628 quid
1010 1559 1086 1613 esset
1108 1570 1144 1614 ex

99 1641 191 1704 altera
210 1645 308 1717 parte,
336 1655 404 1697 mox
424 1645 458 1697 ut
477 1636 603 1699 hostiam
623 1639 722 1712 vertit,
752 1656 859 1714 egnum
879 1643 909 1698 in
931 1655 967 1698 ea
988 1641 1145 1716 conspexit.

101 1729 198 1806 Quem
218 1743 331 1787 nusum
343 1742 489 1802 regyrans,
510 1724 582 1782 vidit
601 1725 631 1783 in
653 1741 688 1783 ea
710 1727 792 1800 quasi
813 1741 865 1800 per
881 1728 985 1785 vitrum
1000 1726 1144 1786 Christum

100 1819 131 1876 in
153 1831 237 1876 eruce
265 1812 438 1889 pendentem
467 1813 561 1886 capite
587 1809 730 1883 inchoato.
772 1811 883 1872 Videns
904 1809 988 1892 hoc⁵)
1010 1814 1145 1874 sacerdos

1 1925 2 1974 j
102 1902 242 1976 extimuit,
265 1900 313 1959 diu
335 1901 414 1959 stans
437 1904 466 1957 et
481 1896 650 1971 dehberans,
671 1903 766 1956 utrum
787 1899 827 1957 ibi
848 1900 1004 1960 subsistere
1025 1900 1072 1960 vel
1094 1919 1144 1961 sa·
1177 1954 1181 1964 .

102 1979 309 2066 crementumJ
338 1984 475 2062 perficere
503 1983 629 2044 deberet.
673 1983 760 2044 Cuius
781 1985 896 2045 fletibus
915 1985 1058 2047 Dominus
1079 1988 1145 2063 ple·

102 2082 203 2152 catus,
229 2078 409 2134 sacramento
436 2071 558 2131 formam
585 2073 709 2148 priorem
736 2071 873 2148 reddidit,
902 2080 932 2134 st
958 2074 1005 2134 ille
1027 2077 1145 2136 missam
1213 2128 1215 2136 ,

102 2161 230 2242 perfecit
273 2160 403 2236 Cumque
419 2158 542 2235 populus
565 2157 703 2217 detenta
724 2175 806 2218 mora
818 2162 976 2236 miraretru,
995 2164 1057 2239 ipse
1079 2181 1144 2222 arn·

102 2251 210 2312 bonem
231 2246 404 2322 ascendens,
430 2263 495 2306 cum
516 2243 639 2305 lacrimis
659 2244 768 2320 populo
791 2248 929 2306 visionem
951 2247 1092 2334 retulit²J;
1116 2258 1145 2312 st

101 2337 210 2414 signati
229 2341 295 2396 sunt
317 2334 419 2394 eadem
439 2332 511 2392 hora
532 2332 570 2392 ab
598 2349 633 2392 eo
662 2330 793 2392 homines
823 2335 1037 2440 quinquaginta
1073 2337 1145 2398 Erat

102 2426 180 2487 enim
208 2427 312 2482 octava
331 2418 540 2498 Apostolorum
561 2419 639 2480 Petri
667 2424 696 2478 et
718 2417 810 2478 Pauli.
852 2418 913 2482 Nec
941 2425 1029 2482 miror
1056 2426 1144 2486 sisic

101 2511 254 2590 perspicue
283 2515 312 2568 et
337 2512 396 2569 tarn
422 2501 545 2568 iocunde
566 2495 641 2566 si'eut
663 2503 859 2566 Godescalcus
881 2525 947 2568 eum
968 2511 1065 2571 videre
1086 2529 1146 2573 non

100 2599 213 2677 potuit,
237 2612 324 2671 quem
346 2595 472 2671 quotidie
494 2594 549 2654 sibi
570 2591 608 2653 ad
628 2591 765 2652 iudicium
785 2594 945 2655 immolavit
967 2603 996 2657 st
1016 2603 1146 2676 sumpsit

101 2683 243 2745 Habebat
264 2685 340 2742 enim
361 2681 560 2741 concubinam.
591 2678 691 2755 Nuper
714 2686 812 2750 tamen
833 2681 930 2741 audivi
956 2684 1035 2760 quod
1055 2689 1144 2746 vitam

102 2789 189 2834 suam
219 2771 369 2828 occasione
391 2775 424 2827 ut
444 2783 529 2844 spero
553 2765 680 2826 dnsdsm
701 2769 819 2826 visionis
842 2769 994 2830 emendare
1014 2774 1145 2850 incipiat,

104 2864 137 2920 et
156 2855 292 2916 feminam
311 2855 342 2913 in
362 2855 534 2922 monasterio
556 2853 814 2917 sanctimoniaHmn
835 2857 863 2913 in
884 2855 1077 2939 Runengenl)
1099 2861 1145 2921 10.

105 2958 173 3006 care
193 2946 344 3017 proponat.
385 2939 468 3000 Haec
490 2939 559 2999 mihi
580 2957 599 2998 a
618 2939 766 2999 Bernardo
782 2943 930 3003 'monacho
951 2953 1049 3006 nostro
1071 2951 1146 3010 reci·

104 3035 169 3092 tata
189 3033 270 3103 sunt,
290 3029 402 3103 ipsique
423 3026 461 3085 ab
484 3024 586 3085 eodem
606 3023 752 3101 Adelpho.
794 3027 928 3090 Salvator
953 3035 1079 3109 corporis
1100 3039 1146 3095 sni

104 3117 258 3179 veritatem
278 3115 308 3172 in
329 3112 384 3173 hoc
406 3119 586 3172 sacramento
607 3120 640 3171 nt
660 3112 805 3187 praelatus
826 3133 890 3174 sum
911 3119 994 3180 bonis
1008 3122 1144 3183 sacerdo-

104 3205 184 3266 tibus
207 3199 357 3260 ostendere
379 3199 510 3275 dignatur
531 3205 564 3258 ut
585 3199 781 3276 consolentur,
802 3203 832 3260 in
849 3201 905 3264 fide
927 3209 1093 3269 nutantibus
1114 3218 1146 3270 ut

106 3291 266 3370 origanum
288 3285 363 3352 male
385 3285 548 3346 viventibus
569 3293 601 3346 ut
621 3291 788 3346 terreantur.
830 3287 907 3352 Ecce
928 3295 1069 3371 exempla.

126 3634 159 3705 1)
176 3630 265 3698 verba
257 3630 520 3754 qraedrctern
504 3631 676 3697 vrsronenr
694 3631 808 3686 hebetB
826 3643 885 3702 ost
901 3635 1096 3690 Frrsranr
1066 3644 1148 3711 2)

178 3718 270 3757 sacer
300 3705 346 3754 oti
364 3717 404 3754 om
424 3701 468 3753 Ab
530 3703 562 3769 3)
581 3669 736 3756 llie'veren
729 3720 754 3755 m
773 3707 902 3772 provincia
919 3707 1148 3762 immissione.-

178 3773 491 3842 4Jllcmihiqnea-
460 3771 740 3840 -5J0haeo-
710 3773 1151 3847 -tiJDetcorrAmissam,

180 3842 518 3910 -77Jllascendit-
538 3841 749 3896 referens·
720 3843 1062 3917 8-J0llennengen

855 3920 889 3992 *8
