2622 4322
450 300 505 361 DE
527 298 792 362 ΤΕΝΤΑΤΙΟΝΕ.
1077 245 1140 364 sss

108 423 155 499 qui
173 420 297 482 multum
311 421 460 482 caritative
480 421 538 493 illic
559 427 718 498 susceptus,
738 419 1044 482 aedificatusreoessit
1075 421 1142 484 Non

106 509 192 571 multo
212 515 280 587 poet
300 509 382 568 divas
405 507 520 584 quidam
540 511 570 568 in
591 509 719 569 Saxonis
739 510 848 570 amicus
875 510 936 569 eius
956 510 986 568 in
1008 511 1142 571 extremis

105 613 207 674 agens,
244 615 312 656 cum
339 601 542 656 testamentum
570 613 656 656 suum
683 595 731 656 illo
758 601 909 671 praesente
936 594 1056 672 taceret,
1085 598 1142 658 ait:

105 683 216 745 Vellem
238 681 348 759 aliquid
360 679 382 770 ¹)¹
399 681 494 759 legare
514 699 568 759 pro
589 685 686 743 anima
706 699 780 757 mea,
801 684 827 741 ei
840 683 942 742 scirem
962 685 991 744 in
1005 699 1063 758 quo
1075 682 1141 744 loeo

104 773 208 847 optime
238 776 316 830 esset
340 769 476 828 locatum.
524 769 577 828 Oui
604 769 652 829 ille
680 769 842 844 respondit:
871 768 963 830 Juxta
992 769 1141 830 Coloniam

103 857 260 918 claustrum
288 855 435 932 quoddam
464 861 507 916 est
534 855 619 916 valde
647 855 827 932 religiosum,
858 857 888 914 in
915 872 974 931 quo
1002 858 1142 917 veraciter

102 950 167 1004 sunt
187 944 320 1003 homines
341 943 413 1017 Dei,
446 948 474 1002 et
502 944 531 1001 in
558 943 769 1018 hospitalitate,
800 949 958 1018 matesis,
985 945 1141 1021 praecipui.

101 1031 252 1107 Nusquam
272 1032 401 1106 poteritis
422 1029 634 1106 eleemosynam
666 1036 794 1089 vestram
820 1028 937 1103 melius,
971 1036 999 1089 et
1026 1032 1141 1090 animae

101 1124 215 1178 rosnae
236 1116 334 1179 locare
355 1116 469 1192 utilius,
491 1133 578 1192 quam
598 1119 628 1174 in
650 1115 753 1176 eodem
773 1116 848 1176 loco.
890 1113 939 1174 Ad
961 1117 1022 1176 eius
1044 1119 1141 1177 consi·

100 1204 170 1264 lium
190 1204 286 1278 Saxo,
317 1197 351 1263 u't
371 1209 442 1279 puto
475 1203 664 1280 quadraginta
693 1220 804 1264 mareas
826 1203 936 1280 argenti
956 1201 1080 1280 legavit,
1112 1209 1142 1264 et

101 1290 232 1352 decessit
275 1291 368 1350 Missa
389 1295 433 1358 est
452 1306 504 1364 per
531 1307 647 1350 serviam
673 1291 796 1366 pecunia
818 1289 983 1365 Coloniam,
1016 1294 1045 1350 et
1073 1291 1142 1366 quie

100 1383 191 1440 status
213 1378 364 1438 Dioeeesie
387 1375 561 1436 coloniensis
582 1383 699 1452 propter
719 1377 863 1451 schisma,
885 1375 964 1452 quod
986 1383 1047 1437 erat
1067 1379 1141 1437 inter

101 1463 239 1525 Ottonm
261 1470 291 1525 et
311 1463 477 1539 Philippum
498 1463 609 1540 Reges,
631 1463 725 1540 malus
744 1463 812 1539 fuit,
838 1464 991 1539 pecuniam
1011 1464 1052 1523 ibi
1072 1462 1141 1524 reli·

100 1553 177 1628 quit,
207 1557 236 1612 et
257 1551 297 1612 ad
316 1550 429 1610 Lacum
449 1550 538 1626 pedes
559 1552 693 1626 veniens,
724 1549 836 1610 Abbati
856 1567 917 1609 rem
937 1567 990 1626 per
1011 1550 1141 1611 ordinem

99 1637 207 1700 retulit.
258 1637 316 1714 Qui
349 1639 438 1696 misso
475 1636 633 1712 cellerario,
667 1639 821 1714 pecuniam
854 1635 961 1696 ibidem
975 1633 997 1718 ²)
1026 1640 1141 1715 recepit.

49 1765 52 1772 -
98 1724 183 1786 Haec
203 1724 275 1784 mihi
295 1723 388 1784 relata
408 1729 515 1784 sunta
547 1724 674 1800 quodam
705 1724 839 1802 religioso
868 1739 1019 1784 converso·
1035 1723 1141 1785 ordinis

99 1813 199 1872 nostri.
884 1827 885 1830 ¹

439 1999 671 2076 CAPITULUM
690 2000 819 2060 LXXII.

279 2140 328 2199 De
348 2140 517 2216 inhospitali
538 2111 715 2216 Praeposito
735 2143 816 2218 cipri
837 2139 956 2201 meliora.

166 2294 306 2357 Eiusdem
328 2295 433 2356 ordinis
455 2291 556 2378 cella⁸)
579 2298 721 2373 quaedam
741 2299 771 2355 in
788 2297 965 2374 Episcopatu
977 2295 1140 2357 Coloniensi

100 2385 158 2444 sita
180 2390 232 2460 est,
255 2401 342 2460 quam
364 2386 510 2444 nominare
532 2384 598 2444 nolo
620 2389 736 2460 propter
757 2390 880 2461 tempus,
902 2401 989 2460 quam
1009 2385 1140 2460 Praepo-

98 2473 172 2531 situs
193 2477 254 2530 tam
275 2477 364 2531 tenax
384 2473 464 2546 regit,
485 2477 519 2529 ut
538 2473 682 2532 nemhrem
703 2479 806 2546 sponte
827 2489 880 2530 sua
900 2471 1023 2547 hospitio
1034 2466 1144 2532 secun·'

99 2557 171 2618 dum
191 2557 322 2635 regulam
344 2560 488 2634 suscipiat,
511 2575 577 2618 oum
598 2564 693 2617 minen
708 2558 925 2630 satisabundet.
955 2552 1139 2638 Episcopus‘)

98 2661 187 2720 vero,
220 2646 270 2720 qui
299 2650 328 2705 et
349 2644 508 2704 advocatus
531 2645 658 2704 eiusdem
680 2645 771 2715 cellae
790 2650 848 2720 est,
880 2646 973 2705 adens
994 2645 1139 2706 hominem
1229 2659 1233 2666 ·

97 2733 288 2810 pecuniosum
311 2749 375 2790 asse
398 2737 426 2791 et
446 2731 656 2810 inhospitalem,
677 2731 766 2791 semel
786 2731 834 2791 vel
854 2731 900 2792 bis
920 2734 950 2791 in
974 2749 1050 2792 anno
1072 2750 1139 2792 oum

97 2817 229 2895 plurimis
258 2820 427 2895 equitaturis
457 2824 486 2878 et
512 2818 692 2902 multitudine
720 2818 841 2877 militum
869 2817 1030 2894 hospitatur
1061 2817 1139 2895 apud

95 2906 203 2982 ipsum.
246 2905 282 2964 In
312 2921 434 2980 quorum
461 2908 625 2981 receptione
651 2911 763 2966 tantum
785 2905 919 2981 expendit
938 2906 1138 2983 Praepositus,

97 2991 245 3069 quantum*
276 2991 408 3051 sulficere
440 2999 540 3069 posset
568 2992 606 3051 ad
633 2995 842 3068 susceptionem
874 2991 1019 3068 hospitum
1050 2995 1139 3052 totius

95 3081 176 3140 amri.
219 3077 293 3138 Aliis
314 3095 383 3138 vero
405 3081 584 3138 monasteriis
605 3079 696 3139 multo
719 3079 867 3138 ditioribus
887 3080 964 3139 idem
977 3079 1138 3156 Episcopus

95 3167 200 3242 parcit,
223 3172 252 3225 et
265 3183 319 3226 sua
335 3165 460 3243 largitur,
481 3171 514 3224 ut
531 3165 684 3242 impleatur
704 3165 851 3243 praedicta
872 3169 1012 3226 sententia
1032 3165 1138 3226 Salva-

94 3254 185 3312 toris:
209 3252 299 3312 Omni
321 3251 440 3313 habenti
454 3251 595 3326 dabitur,
625 3261 653 3313 et
675 3249 887 3330 abundum,-
916 3257 1064 3312 ciootem
1087 3255 1139 3330 qui

94 3357 161 3399 reon
183 3338 279 3412 babet,
302 3341 391 3398 etiam
407 3339 489 3416 qood
504 3339 592 3399 babet
613 3340 769 3416 auferetur
790 3338 828 3398 ab
850 3355 899 3400 eo.'
934 3337 1137 3401 NOVIOIUS:

94 3425 179 3487 Satis
199 3425 270 3484 mihi
302 3425 409 3486 dictum
429 3425 521 3486 fateor
546 3433 607 3485 tam
635 3428 731 3487 verbis
759 3445 847 3504 quam
875 3426 1012 3504 exemplis
1040 3433 1138 3486 ronna

94 3513 266 3590 avaritiam
288 3530 365 3572 nuno
386 3529 502 3590 precor,
532 3520 564 3574 ut
584 3513 662 3574 idem
681 3513 775 3574 iacere
797 3531 856 3574 non
876 3515 1017 3591 pigriteris
1039 3520 1137 3574 eontra

115 3734 150 3803 1)
169 3731 234 3815 lilll’
250 3733 368 3801 aliqua·
386 3763 420 3773 -
447 3734 479 3802 2)
497 3733 539 3786 Bo
556 3735 609 3786 ibi.
629 3765 662 3774 -
681 3735 713 3798 3)
731 3735 810 3787 cellae
827 3735 977 3789 vocabulum
995 3705 1072 3801 saepe
1089 3748 1136 3801 pro

171 3818 227 3869 rpso
243 3805 397 3856 monasterio
419 3812 561 3874 usurpatur,
582 3835 611 3844 -
632 3806 665 3873 4)
683 3805 862 3878 Eugelbertum
884 3803 1001 3874 intelligit
1019 3803 1136 3858 Gelenius

173 3871 205 3923 ad
221 3874 275 3926 eius
291 3873 341 3925 vir.
359 3890 386 3941 p.
405 3873 463 3927 118.
483 3903 514 3914 -
533 3875 565 3942 5)
581 3883 614 3927 et
631 3873 811 3927 abundabit
827 3889 869 3926 om
886 3873 917 3926 Ι).
