2628 4310
187 228 250 290 aer
476 227 703 316 nanneno
727 229 940 293 unnsonm

501 409 740 484 'cAPITULUM
760 411 909 486 xxviii.

189 539 342 601 Demorte
353 539 530 602 Clcnmduc
550 543 782 604 sanctimonialis
799 545 942 618 Nioclloc,
964 546 1044 604 circo
1055 545 1140 604 nane
1157 559 1222 604 cor·

382 645 443 704 pue
463 632 665 690 insaniissent
685 648 791 690 nwcrn
812 632 915 690 circuli
933 631 1033 708 farei.

254 746 290 806 Iu
309 747 467 809 Brabantia
481 747 560 825 apud
580 747 723 811 Nivellam
744 753 917 812 monasterio
939 757 1055 812 sanctae
1075 749 1224 811 Gertrudis

189 836 306 912 virginis
339 834 436 912 puella
466 831 609 913 quaedam
639 836 743 898 nobihs
764 841 884 914 exstitit,
918 836 1076 902 Clementia
1101 839 1224 898 nomine.

189 919 272 982 Haeo
287 938 353 982 oum
366 921 505 984 suadente
526 921 641 983 diabolo
662 923 776 1000 lapsum
793 927 885 985 carnis
905 926 1078 1000 incurrisset,
1097 927 1223 986 arnicam

189 1009 367 1069 innocentiae
379 1025 476 1086 'qnam
496 1009 645 1086 polluerat,
667 1011 838 1086 quotidianis
858 1011 981 1072 lacrimis
995 1010 1224 1072 mundaresata·

188 1095 286 1172 gebat.
340 1095 388 1156 Sic
417 1095 513 1156 dedita
541 1102 602 1157 erat
631 1098 766 1174 operibus
795 1097 1020 1172 misericordiae,
1052 1105 1085 1158 ut
1125 1114 1223 1158 omnes

189 1198 258 1241 suos
278 1179 406 1242 redditus
434 1183 609 1259 pauperibus
630 1185 790 1262 erogando,
821 1183 892 1244 nihil
912 1201 986 1260 pene
1007 1185 1062 1245 sibi
1082 1186 1223 1245 retinmet

189 1267 332 1344 Tempore
354 1267 479 1344 quodam
502 1272 577 1329 circa
604 1269 715 1346 hyemis
743 1272 927 1347 principium,
959 1288 1025 1331 oum
1056 1270 1116 1332 iero
1146 1271 1222 1331 nuda

188 1361 273 1431 esset,
293 1356 434 1431 nimisque
455 1362 566 1433 egeret,
592 1356 695 1418 sedens
715 1359 795 1416 iuxta
816 1357 906 1418 altare
927 1347 1044 1417 subotae
1066 1356 1223 1432 Gertrudis,

188 1444 230 1502 sic
249 1443 359 1501 ¹orovitr
382 1440 407 1502 0
430 1441 595 1502 dulcissima
616 1442 731 1503 domina
749 1443 893 1519 quomodo
914 1444 967 1504 tibi
980 1446 1104 1504 serviam
1117 1446 1149 1504 in
1169 1445 1221 1505 hac

188 1527 308 1606 hyeme,
337 1546 402 1588 cum
428 1528 498 1588 nihil
519 1529 665 1590 habeam?
707 1530 818 1610 Eadem
839 1530 911 1590 hora
932 1532 1137 1607 superveniens
1158 1533 1221 1608 qui-

188 1614 255 1676 darn
275 1618 449 1693 peregrinus,
471 1632 536 1676 cum
558 1616 596 1677 ad
618 1619 862 1678 memoriam-iam
884 1617 977 1677 diotae
998 1619 1116 1694 virginis
1142 1635 1221 1678 ores-

187 1708 241 1777 set,
262 1705 387 1778 quinque
409 1701 515 1762 solidos
546 1705 575 1762 in
604 1704 697 1762 sinum
720 1703 896 1763 Clementiae
924 1705 1056 1779 iuravit,
1089 1711 1119 1764 et
1146 1706 1221 1766 abiit

186 1785 254 1848 Hoc
275 1791 358 1864 quasi
377 1805 430 1867 pro
453 1788 589 1849 miraculo
610 1791 674 1865 ipsa
694 1789 813 1867 Wigero
834 1789 976 1851 monacho
998 1790 1151 1852 Vilariensi
1175 1808 1220 1852 re-

187 1874 260 1950 tulit,
281 1881 310 1934 at
329 1877 390 1952 ipse
411 1876 490 1935 mihi.
533 1874 605 1936 Cum
626 1873 724 1936 antem
745 1882 910 1951 moreretur,
929 1878 1039 1938 inventi
1056 1884 1125 1938 sunt
1145 1880 1220 1938 eirca

188 1979 293 2038 corpus
314 1963 375 2022 eius
395 1979 501 2023 novem
523 1963 620 2023 circuli
636 1963 727 2023 terrei.
760 1961 964 2024 NOVICIUS:
985 1963 1130 2024 Mirabilia
1150 1981 1220 2042 ope·

187 2054 266 2108 ratur
293 2048 375 2109 Deus
403 2051 433 2108 in
465 2066 550 2126 sexu,
564 2049 665 2126 fragili.
708 2047 945 2128 Monaeses:
976 2049 1059 2110 Licet
1084 2051 1221 2128 propositi

187 2137 245 2196 mei
266 2137 353 2198 sitin
373 2135 429 2196 hac
458 2135 638 2200 distinctione
669 2143 781 2196 tanturn
809 2142 932 2196 tractans
954 2135 990 2196 de
1021 2139 1221 2212 morientibus,

185 2222 307 2284 reseram
327 2223 379 2282 tibi
399 2227 495 2282 tamur
516 2239 568 2298 per
588 2225 769 2284 occasionem
789 2221 875 2282 huius
895 2223 1134 2301 sanctimonialis,
1163 2224 1221 2286 ior·

185 2316 245 2370 tem
264 2310 469 2386 poenitentiam
491 2308 607 2370 alterius
628 2309 777 2370 cniusdam
798 2309 932 2370 mulieris.

518 2499 751 2562 CAPITULUM
773 2501 895 2562 XXIX.

184 2621 260 2681 Item
282 2621 318 2680 da
341 2622 434 2682 Ocilia
455 2621 611 2682 leodiensi
633 2623 848 2698 nasamonitis
873 2578 980 2699 serrae
1006 2639 1038 2682 ec
1066 2623 1219 2700 liyoocrot

249 2739 315 2802 Non
338 2749 382 2802 est
414 2741 462 2802 din
484 2742 562 2820 quod
590 2745 671 2820 virgo
702 2741 845 2818 quaedam
866 2741 1034 2803 Leodiensis
1057 2741 1147 2805 Ocilia
1165 2760 1218 2803 no·

184 2830 270 2906 mine,
291 2831 346 2890 civi
367 2828 480 2890 cuidam
500 2835 637 2907 nupserat
658 2829 790 2890 Metensi.
833 2828 897 2906 Quo
919 2836 1042 2905 mortuo,
1063 2833 1132 2905 quia
1154 2829 1218 2907 pnl-

186 2915 257 2978 ohra
278 2923 340 2976 erat
360 2914 454 2992 valde,
476 2918 630 2976 canonicus
652 2915 768 2992 quidam
789 2915 957 2976 Leodiensis
978 2916 1057 2976 illam
1079 2917 1169 2993 duxit,
1190 2918 1217 2974 in

185 3009 296 3064 tantum
318 3019 382 3063 eam
403 3020 513 3078 amens,
534 3009 566 3062 ut
586 3019 638 3080 per
659 3003 820 3062 clausuram
842 3003 879 3062 ab
902 3002 1035 3064 humanis
1056 3003 1216 3082 aspectibus

184 3089 262 3150 iham
282 3095 458 3150 removeret
506 3087 578 3148 Post
606 3090 686 3149 euius
715 3096 835 3149 mortem
862 3088 912 3150 illa
941 3089 977 3150 de
1004 3093 1132 3168 peccatis
1161 3091 1216 3150 suis

185 3176 294 3250 dolens,
314 3178 394 3236 iuxta
415 3175 566 3236 ecelesiam
588 3179 679 3240 sancti
700 3175 827 3237 Severini
850 3177 1026 3251 se'reclusit‚
1048 3179 1098 3239 uhi
1119 3195 1153 3238 ex
1171 3177 1215 3236 ui-

183 3265 242 3323 mla
263 3265 431 3322 contritione
459 3279 546 3339 saepe
570 3262 702 3324 lacrimas
723 3264 896 3340 sanguineas
917 3263 1052 3339 profudit
1101 3264 1215 3342 Insuper

71 3389 80 3394 -
184 3357 214 3412 et
234 3348 473 3414 nnculis‘ierreis
502 3367 533 3410 se
554 3349 637 3426 ligari
655 3349 731 3409 iecit.
775 3348 847 3409 Cum
870 3351 974 3424 quihus
1003 3367 1069 3410 eum
1097 3353 1214 3412 stedsset

182 3439 213 3496 in
234 3438 371 3512 oratione,
392 3437 489 3496 omnia
510 3436 623 3511 dirupta
635 3431 651 3514 ¹)
674 3441 749 3496 sunt
802 3436 919 3495 Timens
940 3452 1009 3496 vero
1032 3435 1134 3497 eadem
1153 3438 1212 3496 rin-

183 3523 250 3586 cula
270 3523 335 3583 Deo
357 3540 415 3583 non
437 3539 500 3582 esse
529 3527 664 3599 accepta,
692 3521 819 3583 secundo
841 3522 929 3600 ligata
951 3528 1003 3582 est.
1046 3517 1133 3600 Q'uod
1153 3540 1212 3584 eum

182 3609 314 3673 confessa
333 3609 435 3670 iulsset
454 3607 564 3668 Abbati
584 3610 677 3669 sancti
696 3607 842 3668 Lamberti
850 3604 881 3689 ²),
902 3607 1047 3670 dolentem
1069 3609 1211 3672 consolaus

200 3727 231 3797 1)
249 3724 291 3781 cli
310 3725 471 3793 disrupta;
494 3726 531 3778 ric
548 3733 575 3776 et
591 3724 703 3778 inierim.
715 3753 747 3765 —
766 3724 799 3793 2)
817 3723 894 3778 Vallis
911 3727 992 3779 sancti
1008 3725 1146 3796 hanrhmi,
1169 3725 1210 3780 ab·

250 3795 318 3849 hatis
335 3794 431 3848 ordinis
447 3794 630 3862 Cistereieneir,
646 3796 672 3848 iu
690 3794 803 3848 dioecesi
821 3793 962 3848 heodiensi.
