2642 4330
460 291 515 352 ne
537 292 826 354 summotenus.
1102 295 1164 354 ere
1249 268 1251 271 ’

123 411 206 491 plica.
248 413 376 492 Simplex
398 416 474 476 enim
494 416 551 476 hee
572 416 650 492 quod
673 417 755 494 dieii,
788 419 843 478 hoc
863 416 999 493 intendit,
1021 418 1078 478 hcc
1099 419 1169 493 agii.

122 501 239 578 Duplex
259 509 357 561 autem
377 502 464 562 aiud
477 503 568 564 habet
586 506 617 564 in
638 505 739 579 corde,
760 504 839 564 aliud
859 506 889 563 in
908 519 978 580 ore,
999 503 1078 564 uliud
1100 506 1168 580 agit,

124 597 153 649 et
173 589 252 648 aliud
271 589 392 650 intendit
405 585 430 668 ¹).
469 590 519 652 De
537 608 594 666 quo
613 607 665 668 per
685 591 860 667 Apostolum
880 590 1026 651 iacobum
1049 591 1164 650 dicitur:

130 677 183 736 Vir
212 677 321 752 duplex
348 680 464 750 mino,
491 681 662 738 inconstans
692 683 734 738 eet
761 682 793 738 in
827 678 963 738 omnibns
990 682 1045 738 vies
1065 673 1167 757 cerff).

124 761 240 822 Bonum
263 766 338 822 enim
348 764 487 840 simulat,
514 771 547 824 ut
576 764 718 841 simplices
740 765 883 826 efficacius
906 764 1038 840 decipiet.
1081 763 1166 824 Unde

126 868 178 927 per
216 850 450 910 Ecclesiasticum
483 851 549 910 dicit
538 858 599 910 tur·
633 853 695 910 Vae
723 856 872 928 peccatori
904 859 1016 911 terram
1034 851 1167 911 decens

126 938 302 1013 inpredienti
322 941 377 997 niis
385 931 418 1016 ³)
461 938 547 998 Tales
576 945 643 997 sunt
663 939 711 1014 illi,
733 940 769 999 de
791 941 895 1014 quibus
916 939 1058 998 Dominus
1082 938 1164 997 dicit.

126 1025 276 1084 Attendite
295 1025 412 1100 ascleta
421 1027 581 1101 prophetie,
603 1030 655 1101 qui
677 1031 799 1088 veniunt
821 1026 863 1084 cd
882 1043 935 1085 eos
956 1029 988 1086 in
1008 1044 1058 1084 ves
1059 1030 1206 1120 timen-

126 1116 162 1172 tis
177 1116 286 1184 mium,
307 1115 481 1172 intrinsecus
495 1120 596 1172 cunm
608 1121 678 1174 sunt
699 1115 763 1189 lupi
782 1131 906 1189 capaces
914 1108 948 1190 ).
991 1112 1077 1170 Tales
1099 1078 1202 1170 sunt

124 1199 208 1258 multi
234 1215 270 1257 ex
294 1198 340 1256 his
372 1198 516 1275 barbatis,
545 1202 594 1276 qni
620 1202 650 1258 in
678 1200 780 1260 habitu
809 1206 838 1260 et
870 1206 989 1258 tonsura
1020 1198 1164 1275 religionis

123 1292 214 1344 terras
247 1287 408 1382 circueunt,
441 1293 469 1345 et
495 1285 632 1362 plurimos
658 1285 835 1364 decipiunt.
853 1287 899 1346 Ex
928 1287 1033 1362 quibus
1061 1287 1165 1346 nostris

123 1356 310 1448 temporibus
328 1373 412 1432 multi
439 1381 505 1432 sunt
533 1379 650 1449 propter
677 1391 731 1432 sua
759 1373 900 1434 maleficia
928 1373 1076 1433 interiecti.
1126 1373 1166 1430 Et

121 1460 187 1520 licet
216 1459 333 1536 quidam
362 1477 397 1519 ex
425 1459 590 1520 huiusmodi
610 1462 768 1520 viatoribus
788 1463 843 1520 viri
863 1462 921 1522 sint
941 1453 1032 1520 sancti
1054 1466 1082 1520 et
1103 1462 1164 1519 sinc

120 1547 195 1622 felle,
215 1545 437 1623 proptermelcs
457 1554 554 1606 tamen
576 1546 778 1622 despiciuntur.
822 1547 899 1607 Hine
921 1554 965 1606 est
987 1547 1065 1626 quod
1087 1563 1162 1606 anno

120 1636 274 1712 praeterito
308 1633 439 1692 dominus
465 1635 650 1712 Engilbertus
673 1633 848 1694 Coloniensis
870 1633 1113 1712 Archiepiseopns
1134 1635 1165 1692 in

120 1720 240 1798 Synodo
273 1739 327 1780 sua
353 1723 515 1799 praecepit,
543 1739 580 1781 ne
608 1721 711 1798 aliquis
746 1721 861 1782 illorum
888 1723 918 1782 in
947 1739 1000 1781 sue
1029 1721 1165 1780 Dioecesi

119 1807 245 1886 hospitio
256 1810 437 1885 reciperetur.

470 1969 704 2062 sacricium
730 1999 819 2060 ιιιιι.

245 2137 293 2195 Dc
314 2137 438 2210 homine,
460 2140 513 2213 qni
534 2136 589 2195 snb
611 2144 680 2215 typo
702 2139 894 2213 duplicitatis
915 2139 1043 2197 Bonnae

521 2225 625 2300 plures
647 2224 765 2300 decepit·

188 2343 254 2404 Non
277 2350 344 2403 sunt
365 2343 536 2404 multianm
527 2344 656 2420 elapsi,
679 2345 950 2422 quodquidemsub
963 2351 1033 2421 typo
1048 2344 1164 2422 religio·

118 2433 214 2491 sitatis
235 2431 368 2490 Bonnam
390 2433 477 2506 venit,
498 2437 527 2492 et
548 2430 712 2506 simplicitet
713 2449 759 2494 em
780 2432 925 2506 simulans,
951 2431 1067 2508 orendo,
1089 2433 1164 2535 vigi

117 2518 209 2578 lando
232 2525 320 2594 atque
341 2519 495 2577 ieiunando
517 2515 653 2595 plurimos
676 2517 797 2595 decepit.
841 2518 935 2595 Quem
947 2537 1014 2579 cum
1035 2521 1165 2580 canonici

119 2604 251 2666 eiusdem
272 2605 341 2680 pagi
361 2604 449 2664 talem
479 2623 542 2665 esse
574 2611 740 2682 putassent,
773 2605 889 2682 qualem
910 2623 941 2666 se
963 2606 1164 2681 simulaverat,

117 2691 265 2767 hospitale
295 2691 336 2750 illi
368 2709 527 2766 pauperum
540 2689 560 2772 ⁵)
595 2695 804 2752 commiserunt.
860 2691 912 2752 (lui
951 2695 1037 2754 etiam
1068 2693 1164 2769 plures

117 2777 314 2840 saecularium
333 2780 486 2853 pecuniam
502 2777 642 2838 dederunt
663 2779 874 2839 reservandam.
909 2780 1005 2842 Parvo
1021 2797 1132 2840 emerso
1141 2775 1163 2860 ⁶)

116 2875 252 2941 tempore
281 2865 376 2940 coepit
395 2865 443 2924 ille
476 2865 612 2942 deceptor
621 2862 640 2946 ⁷)
669 2883 688 2926 e
716 2866 853 2926 simulato
877 2869 971 2943 rigore
1001 2867 1164 2942 discedere,

115 2954 222 3015 bibere
242 2954 349 3026 vinum,
371 2969 471 3026 cernes
493 2953 657 3027 comedere,
679 2970 760 3012 orare
781 2956 881 3028 rarius,
904 2953 1027 3012 dormire
1048 2954 1163 3014 diutim.

117 3038 211 3118 Quod
232 3057 297 3099 cum
319 3041 345 3098 ei
366 3039 466 3098 suisset
487 3040 645 3114 obiectum,
673 3040 833 3116 respondit:
864 3039 927 3116 Ego
950 3041 988 3099 ad
1008 3047 1123 3116 tempus
1144 3059 1163 3102 a

115 3126 272 3204 sacerdote
289 3125 453 3186 huiusmodi
474 3127 672 3190 observantias
692 3129 814 3202 suscepi.
848 3126 924 3202 Quid
944 3125 1048 3203 plural
1081 3129 1162 3188 Ten-

116 3215 190 3276 dem
213 3212 341 3273 clanculo
365 3212 529 3289 discedens,
558 3215 710 3290 pecuniam
734 3213 964 3274 commendatam
986 3213 1100 3290 detulit,
1134 3221 1163 3276 et

115 3297 218 3379 quam'
233 3301 404 3360 damnosum
424 3304 525 3360 vitium
547 3306 623 3360 esset
645 3301 816 3376 duplicitatis
828 3298 859 3380 ⁸),
881 3301 1014 3378 operibus
1029 3301 1162 3362 ostendit.

115 3391 188 3466 Quo
211 3387 324 3463 audito,
347 3386 523 3447 Christianus
544 3387 683 3446 Decenus
704 3388 762 3447 tale
783 3389 905 3448 verbum
926 3388 1086 3464 respondit:
1107 3389 1162 3450 Ele

113 3479 237 3550 iratres,
267 3481 343 3534 certe
371 3477 497 3534 animem
525 3491 620 3534 meam
648 3477 701 3550 pro
728 3473 834 3533 nullius
863 3477 959 3535 anima
987 3475 1072 3536 dabo.
1114 3476 1161 3536 De

137 3661 170 3732 1)
189 3660 210 3714 B
228 3659 317 3712 uliud
335 3660 492 3726 intendit,
516 3659 605 3712 uliud
627 3661 703 3728 agit.
722 3691 755 3700 -
774 3659 806 3727 2)
823 3659 875 3724 lan
895 3661 920 3723 l,
937 3661 962 3712 8.
983 3689 1013 3702 -
1033 3659 1065 3726 3)
1082 3657 1160 3711 Eccli.

190 3731 222 3793 2,
242 3731 281 3782 14.
302 3759 333 3769 -
352 3730 384 3796 4)
405 3731 493 3783 lletth.
511 3733 541 3794 7,
568 3731 608 3780 15.
628 3757 659 3770 -
679 3731 710 3798 5)
729 3730 769 3782 BG
789 3745 971 3796 pauperum
998 3729 1058 3781 illi.
1078 3757 1108 3768 —
1129 3730 1161 3796 6)

190 3799 274 3854 ΛΒΟΡ
293 3807 432 3853 eruendo.
451 3831 484 3841 -
503 3801 535 3868 7)
552 3799 617 3852 Alll’
640 3800 818 3852 simulator.
838 3827 870 3838 -
889 3800 921 3867 8)
939 3799 981 3850 llll
1008 3805 1098 3850 esset
1116 3801 1162 3850 vi·
1248 3855 1251 3862 ¹

191 3872 270 3923 tium
289 3868 518 3936 duplicitatis,
537 3871 556 3926 G
575 3870 687 3923 vitium
704 3868 920 3938 duplicitatis
938 3876 1037 3920 esset.
