2664 4308
126 271 177 366 se
444 268 672 332 nuumcmo
694 267 869 331 suerum
904 275 906 280 ·
985 225 990 237 ⁸

138 391 210 452 mou
222 387 247 472 ¹),
268 391 429 467 respondit:
451 392 575 469 Quando
596 391 716 470 angelus
733 391 826 452 denuo
849 390 976 451 visitabit
984 386 1005 469 ²)
1027 397 1064 465 te,
1087 389 1181 450 dices:

139 479 237 555 Rogo,
259 477 373 540 dominc
394 482 449 555 mi,
469 486 503 538 ut
522 479 678 539 Dominam
699 496 794 538 meam
815 477 885 536 mibi
906 476 1050 537 ostendas.
1094 475 1182 553 Quod

138 566 163 624 si
200 565 312 640 iecerit,
350 568 414 626 visa
442 583 492 642 ea,
531 583 626 644 genua
652 567 751 626 flectes
784 573 813 626 et
844 565 937 624 dices:
969 566 1034 624 Ave
1061 564 1183 638 Μανία,

139 655 241 728 motio
262 654 368 730 plena,
397 659 426 713 ct
458 660 562 714 cetera
603 652 643 712 Et
669 655 693 711 si
721 659 790 711 tunc
818 653 989 726 substiterit,
1018 650 1096 712 fictio
1123 669 1184 711 non

142 745 199 816 est3
221 741 264 798 sin
282 745 387 815 autem,
409 742 483 800 scias
496 741 548 800 tibi
569 757 587 800 a
610 739 724 800 diabolo
744 738 834 798 illudi.
877 737 960 814 Quae
982 754 1047 797 cum
1068 737 1186 798 fecisset

141 827 216 886 sicut
243 825 336 886 suerat
364 826 482 902 edocta,
511 829 552 886 ait
572 825 716 887 diabolus:
745 825 786 886 Ut
815 825 884 902 quid
913 824 1059 884 desideras
1085 823 1186 886 videre

141 910 240 972 illam?
268 913 349 972 Bene
370 915 422 973 tibi
443 913 572 972 sufficere
593 913 681 973 debet
702 915 864 988 praesentia
884 929 958 971 mea.
1000 910 1056 972 Illa
1075 911 1186 972 fortiter

142 1001 289 1074 instante,
310 1015 396 1076 opere
418 999 560 1060 diabolico
589 1002 670 1077 virgo
692 1001 781 1058 mirae
801 997 1018 1075 pulchritudinis
1041 1015 1072 1058 se
1094 998 1186 1058 oculis

143 1088 204 1146 eius
225 1087 338 1146 obiecit
382 1085 448 1162 Qua
460 1089 531 1162 visa,
553 1103 620 1147 mcx
642 1086 680 1146 ad
696 1086 785 1162 pedes
806 1087 868 1145 eius
888 1085 999 1145 inclusa
1020 1102 1051 1144 se
1064 1085 1187 1160 provol-

118 1191 121 1196 ’
144 1175 196 1248 vit,
218 1180 247 1234 et
269 1179 368 1233 contra
387 1173 529 1232 fantasma
550 1172 710 1249 angelicam
731 1172 930 1232 salutationem
951 1170 1134 1248 proferendo,
1156 1173 1187 1231 in

142 1262 287 1320 turbinem
308 1259 378 1318 illud
399 1259 525 1320 resolvit.
567 1260 663 1337 Quam
684 1265 782 1319 tamm
802 1261 933 1318 inimicus
958 1275 1133 1319 evanescens
1156 1261 1187 1317 in

144 1353 256 1406 mamm
284 1349 396 1421 termit,
426 1351 459 1406 ut
485 1363 584 1406 amens
611 1347 702 1422 facta,
734 1349 782 1406 vix
803 1353 871 1422 post
891 1363 999 1406 annum
1020 1344 1187 1420 dimidium,

144 1432 299 1492 multomm
325 1434 458 1508 precibus
486 1431 601 1510 adiuta,
630 1451 745 1492 sensum
774 1429 954 1511 reciperct³).
996 1430 1087 1491 Vides
1108 1449 1188 1492 nunc

146 1522 245 1596 quanti
265 1522 302 1579 sit
321 1519 455 1596 ponderis
475 1537 580 1580 nomen
601 1519 733 1578 Mariae?
765 1517 967 1578 NOVICIUS:
989 1518 1070 1578 Bene
1091 1518 1188 1594 video,

146 1613 175 1667 et
196 1624 254 1666 non
275 1608 335 1668 sine
356 1606 543 1667 admiratione
563 1615 623 1666 tam
646 1624 681 1665 ex
702 1609 846 1682 praesenti
868 1623 955 1681 qnam
977 1623 1013 1664 ex
1033 1605 1189 1682 praedictis

139 1693 284 1770 *exemplis
314 1695 448 1753 virtum
476 1695 537 1752 eius
566 1693 722 1753 considero.
771 1689 1008 1752 MONACHUS:
1035 1692 1188 1753 Invocatio

146 1781 230 1840 huius
251 1782 373 1839 nominis
404 1795 462 1839 non
483 1779 576 1840 solum
598 1786 776 1856 corruptores
798 1781 952 1854 mentium,
984 1778 1014 1838 id
1044 1785 1088 1840 est
1114 1779 1189 1839 dae-
1242 1815 1244 1826 ·
1319 1805 1320 1832 r

68 1881 76 1898 ·
147 1884 255 1942 mones,
276 1866 328 1926 sed
350 1873 379 1926 et
400 1873 579 1942 corruptores
602 1883 763 1943 corporum,
790 1865 900 1926 scilicet
920 1865 1013 1926 malos
1034 1883 1070 1927 ac
1090 1866 1191 1926 libidi-

147 1971 234 2015 ncsos
254 1954 393 2030 homines,
415 1959 541 2014 enervat.

469 2089 703 2190 anemurum
733 2125 867 2188 xxvn.

149 2251 225 2312 item
246 2251 282 2310 de
303 2258 452 2325 matrona,
476 2269 553 2327 quoe
572 2269 627 2327 per
649 2250 772 2309 caudore
793 2251 1003 2309 odutoboncm
1025 2251 1194 2326 accerbam

286 2359 289 2368 ’
355 2337 483 2397 liberata
505 2336 607 2398 catab
630 2341 815 2413 oppressione
837 2337 984 2396 adulterii.

214 2458 348 2518 Matrona
370 2456 512 2535 quaedam
535 2458 684 2519 cuiusdam
704 2458 818 2518 honesti
838 2457 934 2517 militis
955 2475 1035 2534 uxor,
1055 2459 1194 2518 instinctu

151 2544 258 2605 diaboli
289 2545 407 2604 militem
439 2545 527 2604 alium
555 2543 678 2604 admisit
728 2544 810 2620 Quae
838 2551 905 2621 post
933 2551 1045 2620 tempus
1073 2543 1194 2621 ediquod

150 2631 333 2707 inspiratione
365 2632 462 2692 divinia
494 2632 582 2692 ducta
612 2633 787 2708 poenitentia
815 2630 851 2691 de
881 2633 996 2691 crimine
1024 2631 1129 2706 doluit,
1163 2639 1194 2692 et

151 2719 281 2779 adultero
302 2737 417 2795 prorsus
450 2719 627 2779 contradixit.
668 2718 722 2778 Ille
743 2734 814 2777 vero
835 2719 928 2778 mariti
949 2721 1010 2780 eius
1031 2719 1193 2778 absentiam

152 2807 323 2880 observans,
352 2806 469 2866 domum
496 2804 571 2864 illius
600 2807 729 2881 intrarit,
758 2811 787 2866 et
813 2821 880 2863 cum
906 2804 998 2867 sclam
1025 2807 1193 2882 reperisset,

152 2893 247 2953 ambis
269 2892 359 2952 solitis
387 2891 426 2952 ad
448 2893 554 2952 crimen
575 2892 689 2951 solitum
717 2889 972 2974 caminvitaviu).
1016 2891 1102 2969 Quod
1125 2909 1194 2952 cum

151 2979 201 3038 illa
227 2986 374 3053 renueret,
402 2981 433 3038 vi
460 2981 628 3052 renitentem
640 2974 660 3058 ⁶)
690 2981 849 3056 opprimere
869 2981 949 3039 nisus
971 2984 1023 3038 est
1065 2979 1194 3038 Etcum

152 3066 264 3127 rideret
289 3084 321 3126 se
346 3066 386 3124 illi
406 3083 466 3125 non
485 3082 571 3141 posse
592 3066 736 3141 resistere,
763 3071 865 3142 utpote
892 3065 999 3126 femina
1027 3065 1128 3125 debilis
1156 3083 1194 3130 au

154 3154 276 3214 delicata
302 3153 453 3212 sordssimo
482 3152 578 3227 militi,
605 3151 644 3212 ad
671 3154 760 3212 totius
787 3154 927 3222 castitatis
947 3153 1097 3228 patronam
1119 3170 1195 3212 con·

152 3238 250 3321 sagitt)
270 3240 378 3301 dicens:
400 3239 483 3317 Rogo
505 3245 534 3299 te
552 3239 685 3314 Domina,
706 3256 758 3315 per
773 3238 844 3299 illud
862 3246 994 3298 sanctum
1010 3238 1077 3299 Ave
1089 3238 1196 3316 Maria,
1318 3255 1319 3258 ’

154 3333 295 3405 quatenus
322 3328 352 3386 iu
380 3326 436 3386 hac
462 3326 535 3386 bora
561 3326 665 3386 liberes
692 3343 748 3386 mc.
790 3324 839 3386 Ad
861 3325 939 3402 quod
960 3325 1080 3386 verbum
1101 3329 1196 3388 virtus

154 3415 246 3476 onmis
273 3416 302 3472 in
330 3412 420 3472 milite
449 3411 551 3474 deiecit
579 3417 608 3473 et
634 3415 785 3488 emarcuit,
814 3419 843 3474 et
868 3413 974 3474 femina
1002 3430 1033 3473 se
1061 3413 1100 3472 ab
1129 3416 1196 3476 eius

64 3545 68 3552 -
153 3499 333 3585 amplexibus
362 3501 522 3576 excutiens,
551 3502 715 3576 mcomupta
744 3502 861 3560 erasit
893 3500 1001 3561 Postea
1022 3502 1161 3577 sequuta
1172 3499 1196 3583 τ)

171 3705 202 3774 1)
220 3703 277 3758 cor.
296 3703 326 3768 n,
345 3704 387 3771 11,
406 3703 565 3773 rr.-2)c
582 3705 871 3775 visitaverit-3)
886 3703 906 3758 G
922 3713 1195 3773 recuperaret.-

222 3773 255 3840 t)
273 3773 293 3826 B
315 3775 479 3829 incitavit.
499 3805 530 3817 -
549 3775 620 3845 5)u
641 3783 839 3828 renuentem.
860 3804 890 3816 -
909 3775 942 3845 6)
960 3775 980 3829 Β
1002 3775 1140 3846 refugit.
1161 3807 1195 3819 -

223 3843 256 3912 7)
273 3843 293 3898 G
310 3845 480 3916 inquisita.
