2580 4316
148 292 187 350 18
432 223 436 248 Ι
476 289 704 351 DISTINOTIO
721 289 851 350 PRIMA

146 425 212 488 spes
229 409 255 492 ¹),
276 417 413 488 negatum
434 418 478 470 est
500 415 540 471 eis
563 411 640 489 quod
654 413 848 488 postulabant.
891 411 955 472 Uno
978 411 1140 472 discedente
1153 409 1184 492 ²),

146 499 225 574 alter,
248 500 294 558 cui
314 516 418 558 nornen
441 507 500 559 erat
527 499 688 575 Gosuinus‚
708 502 921 575 importunitate
943 517 997 559 sua
1017 506 1051 558 ut
1071 502 1184 574 recipe·

145 593 224 646 retur
245 587 375 645 obtinuit.
418 586 472 662 Qui
501 589 550 644 vix
581 605 632 662 per
660 604 711 646 sex
739 587 935 646 hebdomadas
963 587 1183 662 inprobatione

147 676 238 747 stetit,
266 679 295 731 et
315 679 399 732 nocte
422 672 547 747 quadam
568 675 640 732 inira
661 676 830 747 mumdum,
860 676 920 732 eius
941 674 1077 732 mandato
1090 669 1111 752 ³)
1134 675 1183 749 qui

147 777 213 820 eum
240 759 398 819 adduxerat
425 760 576 834 obediens,
605 778 672 819 cum
698 762 772 819 furto
802 762 927 820 recessit.
977 759 1182 820 NOVlCIUS:

146 848 232 906 Forte
253 848 374 922 simplici
388 849 544 907 intentione
565 845 682 928 venitl).
727 846 960 906 MONACHUS:
982 847 1183 924 Nequaquam.

140 931 221 992 'Cum
241 933 336 992 adhuc
358 951 423 993 cum
445 931 522 993 socio
544 951 597 993 suo
620 941 697 993 esset
717 937 747 992 in
768 935 905 1010 hospitio,
935 940 964 992 et
984 940 1149 1010 paterentur
1161 930 1182 1012 ⁵)

147 1019 342 1079 difficultatem
369 1023 399 1078 in
427 1021 603 1097 recipiendo,
633 1018 747 1081 dicebat
775 1022 848 1080 alter
873 1020 910 1080 ad
932 1022 1069 1080 alterum:
1098 1019 1182 1094 Siue,

146 1108 212 1166 licet
232 1106 318 1166 modo
347 1108 430 1166 nobis
460 1111 516 1166 sint
536 1125 655 1186 graves,
683 1115 781 1166 tamen
810 1126 859 1168 cos
890 1108 1073 1183 decipiemus,
1115 1105 1182 1165 Hoc

147 1194 263 1270 quidam
302 1211 503 1253 conversorum
534 1202 696 1254 nostrorum
733 1195 786 1254 illis
825 1197 1023 1271 ignorantibus
1062 1193 1182 1253 audivit.

145 1281 304 1340 Nonnullos
326 1284 452 1342 converti
470 1286 510 1341 'ex
531 1282 656 1357 quadam
677 1280 794 1341 levitate
816 1285 917 1356 animi,
944 1284 1060 1358 saepius
1082 1285 1182 1340 sumus

138 1364 293 1466 'experti⁵).
590 1451 592 1459 Ι

410 1512 412 1524 ·
510 1506 743 1568 CAPITULUM
763 1507 820 1566 XI.

176 1649 224 1707 De
245 1651 386 1707 canonico
408 1648 539 1724 quodum
562 1647 736 1720 Coloniensi,
759 1651 810 1722 qui
832 1656 994 1724 autequam
1015 1648 1151 1706 inducet

516 1734 659 1808 hobitum,
680 1735 810 1794 resilivit.

209 1873 297 1934 Venit
317 1873 356 1932 ad
376 1891 429 1932 nos
450 1873 618 1934 adolescens
647 1874 762 1951 quidam
784 1875 938 1932 canonicus
960 1874 989 1930 in
1011 1871 1130 1931 Colonia
1143 1869 1180 1952 ¹),

145 1953 297 2036 magis‚'ut
317 1968 419 2036 postea
432 1963 472 2019 rei
487 1964 578 2022 exitus
596 1963 737 2036 probavit,
759 1979 797 2032 err
818 1960 943 2035 quadam
964 1958 1080 2018 levitate
1095 1977 1179 2018 men-

145 2044 221 2127 tis'⁸)‚
243 2065 330 2123 quam
352 2049 503 2108 devotione
527 2050 727 2107 conversionis.
772 2047 827 2124 Qui
843 2065 927 2105 suum
942 2049 1025 2106 nobis
1047 2048 1179 2121 aperiens

143 2137 329 2210 propositum,
350 2137 501 2194 iuvenibus
522 2137 626 2194 nostris
639 2137 771 2208 maxime,
793 2150 851 2192 non
872 2151 996 2210 parvum
1016 2133 1081 2192 fecit
1103 2149 1178 2209 gau-

144 2221 230 2281 dium.
280 2221 422 2280 Dominus
454 2221 605 2280 Gevardus
628 2221 734 2280 ‘Abbas
766 2227 864 2278 noster
895 2221 1054 2296 intelligens
1086 2218 1179 2278 solam

144 2311 172 2366 iu
194 2325 281 2368 causa
308 2325 370 2367 csse
390 2307 537 2366 levitatem
549 2305 585 2387 ⁹),
616 2325 649 2366 eo
680 2307 758 2384 quod
791 2307 942 2380 delusisset
955 2304 985 2386 ¹⁰)
1007 2308 1179 2366 vestimenta

143 2412 210 2469 sua,
242 2395 304 2454 sola
332 2397 437 2471 quippe
465 2397 563 2453 tunica
589 2394 705 2453 indutus
721 2392 749 2474 ¹¹)
772 2397 866 2469 venit,
896 2413 962 2454 cum
989 2399 1087 2453 tamen
1108 2395 1179 2452 satis

142 2489 290 2558 rogaretur
310 2484 455 2557 suscipere
476 2484 617 2555 iuvenem,
638 2499 697 2540 non
719 2484 870 2543 consensit.
910 2481 966 2558 Qui
988 2497 1055 2539 mox
1076 2479 1178 2539 eadem

142 2571 203 2644 via,
226 2586 284 2645 qua
305 2571 384 2627 veuit
399 2565 441 2648 ¹²),
463 2568 561 2643 rediit,
589 2585 642 2627 nec
664 2567 818 2644 aliquando
840 2575 942 2645 postea
964 2565 1083 2627 alicuius
1105 2573 1179 2625 con-

141 2657 277 2716 versionis
299 2658 473 2714 mentionem
488 2655 564 2714 fecit.

478 2791 839 2874 cmmuuuuxnr)

141 2915 215 2974 Idem
237 2915 273 2973 de
295 2915 355 2972 olio
376 2917 496 2986 iuuene,
522 2919 578 2990 qui<
596 2916 631 2974 de
649 2915 825 2992 probatione
847 2878 948 2990 pratia
969 2897 1201 2974 solvendorum

331 3000 495 3059 debitorum
517 3009 675 3076 estractus,
696 3020 759 3062 nou
780 3007 984 3061 est‘reoersos.

204 3138 287 3198 Alius
309 3139 425 3214 quidam
446 3139 614 3199 adolescens
642 3140 716 3200 berre
743 3147 830 3200 natus
852 3146 881 3198 et
902 3139 1021 3198 divitum
1042 3139 1117 3198 iilius
1139 3140 1176 3199 ad

140 3243 192 3286 nos
220 3227 387 3302 parentibus
415 3228 614 3302 ignorantibus
644 3229 737 3301 veuit,
771 3234 800 3286 et
832 3232 864 3284 ut
895 3229 1067 3302 reciperetur
1093 3226 1177 3286 facie

159 3361 189 3428 l)
207 3359 227 3411 B
245 3359 339 3410 nobis
362 3376 435 3427 spes
460 3369 564 3424 esset,
586 3360 711 3412 Posset
734 3360 828 3411 nobis
847 3376 928 3428 spes.
948 3389 978 3400 —
997 3360 1030 3427 2]
1049 3359 1068 3410 B
1086 3375 1177 3410 rece-

208 3429 313 3480 dente.
333 3459 365 3469 -
384 3430 416 3497 3)
436 3429 475 3481 ΒΡ
493 3430 661 3481 mandatis.
681 3461 711 3470 -
731 3431 763 3498 4)
782 3429 802 3482 C
820 3439 964 3482 venerut.
984 3459 1016 3504 7-
1035 3429 1067 3496 5)
1085 3438 1177 3496 putc-

207 3509 322 3550 rentur
339 3499 369 3560 ll,
387 3508 561 3566 pateretur
584 3501 660 3554 ceteri
677 3500 747 3562 libri;
773 3501 840 3556 coni.
858 3501 890 3563 x,
907 3501 949 3553 35.
969 3529 999 3539 -
1020 3499 1051 3564 6)
1070 3499 1091 3551 b
1109 3515 1176 3551 sum

209 3577 376 3635 expertus,
394 3567 411 3619 P
430 3579 585 3636 expertus
603 3586 677 3620 sum.
692 3599 722 3610 -
740 3571 772 3638 7)
783 3569 810 3621 'C
828 3570 957 3638 quidam
975 3568 1176 3620 adolescens

149 3647 151 3654 '
208 3640 233 3689 in
252 3637 390 3689 Colonia
414 3641 597 3689 canonicus.
614 3667 647 3678 ·-
667 3640 699 3707 8)
717 3639 737 3692 G
754 3639 897 3692 levitate
915 3639 1050 3707 quadem
1068 3641 1175 3691 animi.

208 3706 468 3774 -9J130s01an
496 3707 667 3759 levitatem
693 3710 796 3760 luisse
820 3711 850 3760 iu
875 3724 981 3778 causa.
1002 3737 1032 3750 -·
1060 3709 1108 3777 to]
1126 3709 1176 3760 boc

156 3784 158 3795 '
209 3783 257 3839 est,
273 3775 330 3826 lusu
347 3775 511 3842 perdidisset3
529 3779 594 3829 coni.
613 3777 655 3842 lv,
671 3779 715 3829 to.
735 3809 765 3818 -
785 3780 834 3847 11)
852 3779 872 3831 C
889 3779 1034 3830 vestitus
1053 3781 1174 3832 tunica.

210 3846 309 3914 -·12)
327 3845 368 3896 ΒΡ
385 3853 499 3898 uenerat.
519 3875 549 3886 -
569 3847 601 3915 a)
612 3847 685 3899 ¹coni.
704 3847 792 3902 llornil.
810 3849 830 3902 l.
848 3865 873 3916 p.
892 3848 934 3900 90.
