2628 4310
409 259 412 270 ¹
451 255 506 316 ΒΕ
529 253 756 318 manchus.
1059 255 1119 316 tbi

92 378 205 438 ciraritd
231 376 298 436 loca
326 335 367 437 ab
404 376 557 437 immundis
589 357 736 438 vermibus
770 375 952 438 mundantur.
1008 376 1122 454 Hysme

89 465 333 540 appropinquante
365 463 518 538 recedunt,
554 470 585 524 et
611 471 739 539 temporo
766 471 844 524 certo
878 465 1026 543 redeunt.¹
1058 466 1122 530 ‚Die
1220 505 1221 510 κ

86 551 212 626 quadam
234 568 301 611 cnm
330 551 406 611 acies
432 569 500 610 suas
529 551 709 610 ordinassent
734 551 771 611 ad
799 549 1055 627 peregrinandum,
1085 567 1142 614 ne,

88 637 287 712 hospitalitatis
301 654 454 697 concessae
467 640 648 697 immemores
670 655 732 698 esse
754 637 926 711 viderentur,
950 644 1122 698 conventum

89 727 136 799 qui
155 724 258 798 eadem
278 725 351 784 hora
371 727 400 782 in
421 743 491 801 agro
511 725 664 784 laborabat
683 731 829 800 petentes,
850 741 974 799 eumque
996 726 1122 785 crebrius

89 811 257 888 gmtillando
269 808 286 890 ¹)
316 811 568 884 circumvolantes,
597 828 697 870 omnes
725 814 755 870 in
783 811 998 870 admirationem
1025 819 1122 872 verte-

88 904 165 972 mut,
196 895 423 976 ignorantibus²)
452 898 521 972 quid
549 904 687 973 peterent
737 896 786 956 Ad
814 913 886 972 quos
915 898 1011 956 Prior:
1046 898 1122 958 Puto

90 984 163 1060 quod
178 984 322 1048 licentiam
334 991 434 1060 petant
442 981 463 1063 ³)
485 984 646 1045 recedendi.
688 983 870 1060 Elevansque
893 1001 1009 1043 manum
1031 985 1122 1044 bene-

90 1071 157 1130 dixit
171 1073 220 1130 eis.
263 1071 334 1130 Mox
356 1074 458 1130 mirum
479 1074 509 1130 in
530 1071 648 1130 modum
670 1088 736 1131 cum
757 1072 848 1131 multa
869 1070 1016 1130 alacritate
1037 1070 1122 1131 simul

90 1157 251 1232 avolantes,
273 1157 420 1218 monachis
439 1159 608 1217 exeuntibus
628 1160 658 1215 in
679 1160 756 1217 viam
779 1159 828 1232 qui
849 1157 1010 1233 regularem
1022 1158 1122 1218 bene-

88 1245 238 1304 dictionem
270 1247 400 1320 accipere
432 1247 493 1304 sive
526 1251 692 1320 exspectare
722 1245 950 1321 parvipendunt,
987 1261 1123 1321 magnam

87 1332 287 1392 vuscundiam
300 1323 488 1392 incusserunt.
530 1329 734 1427 NOVISIUS:
756 1330 833 1407 Quid
856 1331 958 1390 dicturi
978 1337 1045 1390 sunt
1066 1331 1122 1390 ho-

86 1421 175 1480 minos
202 1418 357 1478 rationales
378 1418 435 1477 Dei
457 1419 538 1477 donis
559 1403 678 1496 ingrati,
710 1435 776 1478 enm
805 1418 945 1478 audierint
973 1417 1123 1496 columbas

86 1505 216 1580 obedire,
245 1509 380 1581 cyconiae
407 1504 573 1581 regratiari?
623 1503 859 1564 MONACHUS:
887 1505 954 1564 Hoc
979 1490 1122 1580 estquod

87 1591 227 1652 Dominus
252 1608 304 1667 per
324 1592 482 1652 deremiam
504 1591 678 1667 Prophetam
699 1591 807 1667 populo
828 1609 881 1650 suo
903 1591 1021 1650 lsrael
1013 1608 1123 1668 rmpro·

87 1685 168 1756 perat
196 1678 306 1738 dicens:
345 1680 461 1738 Tartar
490 1686 517 1737 et
544 1679 683 1756 hyrundo
713 1686 740 1738 ct
768 1682 891 1756 cyconia
919 1679 1123 1739 custodierant

76 1770 199 1842 'tenpus
228 1765 373 1826 adventas
401 1769 466 1841 aat,·
492 1767 625 1840 popalus
659 1772 760 1824 antem
787 1783 870 1824 meaa
896 1781 958 1824 nort
985 1770 1123 1841 cognovit

84 1853 227 1912 iudicium
240 1853 365 1913 Domini
385 1853 445 1912 Dei
464 1848 552 1928 sati).
596 1849 799 1911 NOVIGIUS:
823 1851 880 1912 Ubi
900 1850 1032 1910 habitant
1051 1869 1123 1913 aves

83 1941 206 1999 istacin
226 1938 353 2016 hyeme?
395 1937 631 2000 MONACHUS:
654 1937 689 1997 In
709 1937 782 1998 locis
803 1941 902 2014 utique
923 1938 1065 2000 calidis.

437 2145 671 2208 csPITiiLUM
689 2145 772 2207 LIX.

158 2283 247 2365 Quod
266 2286 447 2365 hyrundincs
467 2304 581 2362 semper
601 2287 691 2346 solitu
712 2293 849 2363 repetunt
873 2285 1054 2347 habitacula

147 2423 230 2486 Sicut
250 2426 319 2490 mihi
340 2425 437 2486 retulit
451 2425 568 2502 quidam
582 2425 725 2502 sacerdos,
746 2432 829 2502 pater
849 2425 951 2503 aliquis
973 2423 1123 2506 familias‘)

82 2513 223 2589 plurimos
244 2513 354 2572 habens
369 2515 453 2572 nidos
468 2512 662 2590 hyrundinum
676 2515 704 2571 in
718 2512 803 2573 domo
827 2531 888 2590 sua,
910 2520 939 2572 et
959 2514 1015 2574 hoc
1029 2515 1124 2590 ipsum

81 2599 119 2660 de
142 2617 200 2677 quo
223 2606 254 2657 tu
277 2602 405 2676 quaeris,
441 2599 549 2660 discere
579 2599 758 2674 desiderans,
790 2618 878 2660 unam
906 2617 942 2660 ex
969 2602 1011 2660 eis
1033 2602 1123 2677 cepit,

80 2687 281 2760 aemulumque
300 2687 390 2746 verba
410 2686 483 2746 haec
505 2689 712 2746 continentem:
734 2685 760 2747 0
786 2686 917 2763 hyrundo
939 2687 990 2747 ubi
1010 2687 1124 2749 habitas

80 2773 110 2832 in
135 2769 264 2848 hyeme?
292 2763 442 2848 pedi'eius
464 2773 599 2850 alligans,
626 2775 706 2834 abire
726 2777 861 2850 permisit.
903 2774 1020 2846 Sciebat
1048 2776 1124 2836 enim

82 2860 294 2935 experimento,
327 2860 394 2932 quia
415 2876 527 2936 semper
548 2859 627 2934 loca,
648 2878 701 2921 nec
724 2879 781 2920 nou
804 2871 833 2922 et
854 2860 1020 2921 habitacula
1039 2861 1125 2922 solita

79 2951 254 3021 repeterent.
296 2943 350 3002 Illa
365 2961 429 3003 crim
443 2948 542 3005 ceteris
555 2949 583 3004 in
595 2945 697 3006 Asiam
719 2951 845 3022 veniens,
865 2949 894 3006 in
917 2948 1002 3007 domo
1025 2950 1123 3008 ouius-

80 3031 153 3092 dam
173 3031 252 3090 Petri
273 3029 438 3089 nidificavit.
485 3031 522 3090 In
543 3034 624 3092 cuins
646 3033 719 3108 pede
741 3051 806 3094 cum
835 3041 951 3111 propter
978 3037 1124 3111 ingressus

79 3120 130 3180 vel
159 3120 252 3179 exitus
281 3116 463 3194 quotidianos
491 3119 668 3193 praedictam
697 3121 837 3180 cartulam
869 3120 1123 3198 contemplaretur,

77 3210 154 3266 scire
176 3204 278 3266 volens
300 3203 369 3280 quid
391 3210 474 3281 esset,
494 3205 587 3264 avem
601 3208 685 3280 oepit,
706 3208 845 3266 cartulam
864 3207 936 3284 legit
957 3215 987 3268 et
1007 3211 1124 3285 amovit,

77 3293 261 3367 alteramque
282 3297 452 3366 annectens,
481 3291 530 3350 tali
558 3292 645 3352 modo
667 3296 879 3371 interrogationi
899 3295 1060 3372 respondit:
1087 3295 1124 3355 In

77 3381 156 3442 Asia
177 3382 207 3438 in
231 3378 316 3438 domo
338 3378 425 3437 Petri.
468 3377 554 3454 Quod
576 3397 642 3438 cum
664 3380 845 3456 supradictus
867 3381 1070 3459 paterfamilias
1093 3384 1123 3444 in

77 3469 245 3528 reversione
267 3464 434 3543 hyrundinis
456 3482 526 3524 suae
549 3465 707 3543 didicisset,
729 3468 876 3528 historiam
897 3468 971 3530 hanc
993 3481 1044 3546 pro
1066 3471 1123 3527 mi·

77 3554 182 3616 raculo
205 3553 301 3614 multis
323 3553 461 3614 recitavit
509 3551 556 3614 De
585 3556 711 3632 cycouiis
733 3572 802 3616 vero
824 3556 914 3617 multa
935 3555 1123 3618 admiratione

94 3761 131 3828 1)
151 3755 196 3811 cs
214 3756 418 3826 guttillando.
432 3755 557 3823 -2)Fl’
574 3761 819 3827 ignorantes-
789 3757 893 3825 -3)C
911 3765 1036 3825 petunt
1048 3757 1122 3824 -4)

151 3827 204 3881 lar.
222 3829 248 3893 8,
265 3829 338 3880 7.-
310 3828 393 3898 -5)
410 3826 432 3880 E
450 3826 574 3896 aliquis
592 3826 845 3897 paterfamilias.
