2538 4314
171 294 231 354 142
482 287 711 352 parmomo
732 285 881 348 TERTIA

508 445 741 508 oAPrrULUM
761 444 864 507 XXV.
905 519 907 526 y

269 570 319 630 De
339 572 473 644 amicto,
494 572 548 646 qut
568 569 678 629 Abbati
699 568 847 645 condamm
869 573 911 628 cet
932 570 964 626 ia
983 569 1102 626 sonatis.

231 705 468 769 MONAOHUS:
481 705 604 768 Juvenis
616 707 732 784 quidam
742 709 770 765 in
782 706 908 782 quadam
920 703 1005 765 domo
1023 703 1132 765 ordinis
1154 719 1227 764 no-

168 796 219 856 stri
228 801 379 872 susceptus
391 802 434 855 est
443 797 473 854 in
482 798 636 855 novicium.
649 793 765 853 Modico
779 793 876 870 elapso
888 799 1024 868 tempore,
1036 792 1228 852 idemnovi-

169 883 229 942 cius
241 885 365 960 graviter
374 883 540 956 infirmatus,
553 882 590 941 ad
604 889 731 941 extrema
740 883 879 958 pervenit
889 879 1024 940 Nondum
1038 876 1145 960 enim1)
1164 896 1229 938 se·

169 968 295 1030 cundum
315 969 550 1030 consuetudinem
570 968 676 1028 ordinis
689 967 895 1028 confessionem
917 965 1079 1044 generalem
1099 966 1229 1026 fecerat

167 1056 279 1116 Abbati
291 1052 321 1136 ι),
344 1058 412 1132 quia
425 1056 530 1116 absens
553 1062 621 1115 erat
665 1055 757 1132 Quem
780 1072 845 1114 eum
864 1059 1043 1130 exspectaret
1061 1070 1133 1112 cum
1158 1051 1228 1113 de-

167 1143 272 1204 siderio
294 1161 408 1220 magno,
431 1149 459 1202 et
479 1143 526 1202 ille
547 1160 605 1202 non
626 1145 744 1217 veniret,
767 1142 914 1201 confessus
936 1147 980 1200 est
1000 1139 1091 1200 Priori
1114 1157 1228 1216 quae-

52 1249 57 1262 ’
169 1245 283 1307 cunque
311 1232 499 1290 commiserat
549 1229 655 1305 Sieque
688 1236 754 1288 ante
775 1227 900 1287 Abbatis
930 1227 1101 1302 adventum,
1133 1225 1229 1287 diem

169 1317 271 1376 clausit
293 1323 459 1376 extremum.
501 1315 612 1376 Eadem
633 1322 718 1376 noete
740 1333 805 1375 cum
826 1315 929 1375 Abbas
954 1317 983 1372 in
1006 1313 1133 1390 quadam
1159 1331 1229 1376 sua

168 1405 288 1482 grangia
308 1403 450 1479 donniret,
471 1403 548 1464 etde
571 1405 651 1463 obitu
671 1405 776 1462 novicii
797 1400 866 1461 nibil
886 1417 1003 1478 prorsus
1024 1403 1118 1476 sciret,
1141 1407 1228 1463 ante

168 1489 276 1552 leram
296 1488 421 1550 Abbatis
449 1490 573 1549 defuncti
601 1493 715 1567 spiritus
737 1507 768 1549 se
781 1485 801 1568 ⁸)
823 1489 984 1564 inclinavit,
1013 1495 1042 1547 et
1069 1493 1103 1546 ut
1125 1505 1229 1549 suam

169 1577 269 1637 audire
291 1576 456 1654 dignaretur
477 1577 693 1653 confessionem,
713 1576 857 1634 humiliter
879 1574 1058 1651 supplicavit
1102 1572 1227 1637 Abbas

168 1665 222 1724 iste
245 1681 308 1723 esse
331 1665 433 1723 ‹ircimr
454 1670 570 1724 sanctus
591 1663 679 1743 Hugo
701 1663 805 1746 Abbas
826 1658 1057 1742 amaveram),
1079 1663 1130 1737 qui
1154 1663 1228 1742 iam

168 1753 268 1826 incipit
289 1751 444 1810 clarescere
466 1751 618 1811 miraculis.
656 1749 864 1826 ¹Respondente
887 1767 921 1810 eo
942 1751 1064 1822 novicio,
1084 1747 1228 1811 libenter

170 1843 200 1897 te
222 1837 351 1915 audiam3
372 1837 419 1898 ille
441 1841 537 1898 omnia
557 1845 678 1914 peecata
698 1855 752 1897 sua
771 1837 917 1897 confessus
940 1843 984 1896 est
1005 1839 1031 1896 ei
1052 1852 1086 1895 eo
1110 1836 1227 1900 ordine

171 1919 231 2006 et‘)
252 1924 348 2000 modo,
370 1941 427 2002 quo
450 1926 596 1985 conicssus
615 1926 708 1984 iuerat
721 1925 820 1983 Priori.
865 1923 951 1983 Cuius
974 1924 1103 1983 contritio
1127 1929 1226 1986 tanta

170 2011 230 2088 iuit,
251 2018 285 2070 ut
305 2015 391 2073 etiam
406 2013 541 2072 lacrimae
563 2029 598 2072 ex
620 2011 710 2072 oculis
731 2012 835 2070 novicii
857 2029 888 2071 se
908 2010 1069 2073 inclinantis
1083 2016 1115 2069 et
1138 2029 1226 2072 con-

169 2097 277 2159 fitentis
312 2098 414 2159 eadere
442 2099 604 2159 viderentur
636 2093 754 2179 supcr⁵)
782 2105 883 2175 pectus
904 2097 1038 2157 Abbatis.
1085 2096 1225 2160 Confes-

171 2188 251 2246 sione
270 2186 421 2261 completa,
442 2186 515 2246 haec
527 2187 617 2246 verba
630 2186 760 2262 protulit:
782 2185 881 2260 Modo,
902 2187 1008 2261 inquit,
1029 2191 1121 2260 pater,
1146 2204 1224 2247 cum

171 2271 369 2332 benedictione
397 2280 448 2332 tue
469 2273 561 2349 vado,
591 2276 659 2348 quia
680 2272 784 2332 salvari
805 2289 862 2331 non
884 2274 979 2348 potui,
1000 2274 1055 2330 nisi
1075 2271 1225 2335 iecissem

171 2358 223 2419 libi
247 2357 453 2419 confessionem
473 2377 577 2419 meam.
618 2357 668 2419 Ad
690 2360 769 2435 quod
789 2359 910 2418 verbum
930 2358 1033 2417 Abbas
1056 2357 1225 2438 evigilans,

173 2448 293 2522 experiri
319 2447 421 2506 volens
442 2453 538 2506 utrum
559 2449 631 2506 visio
655 2453 731 2506 esset
752 2463 835 2520 vera,
857 2446 919 2521 vel,
941 2448 1014 2504 sicut
1029 2462 1116 2520 saepe
1141 2464 1225 2508 eve·

171 2533 222 2607 nit,
243 2533 431 2609 phantastica,
454 2533 596 2593 cucullam
619 2529 726 2613 circei)
747 2539 848 2612 pectus
862 2551 946 2592 suum
960 2531 1098 2608 palpavit,
1124 2551 1225 2608 quam

173 2625 265 2679 totam
285 2621 395 2680 invenit
412 2621 565 2696 madidam,
586 2621 824 2695 lacrimarumque
843 2619 990 2679 stillicidiis
1010 2635 1181 2694 respersam
1189 2619 1225 2702 ⁰).

176 2706 259 2766 Tunc
280 2707 351 2766 satis
366 2707 520 2783 admirans,
541 2725 606 2767 cum
628 2707 744 2766 domum
757 2706 889 2782 redisset,
922 2713 950 2766 et
981 2706 1072 2764 Priori
1101 2713 1225 2768 somni-

173 2790 257 2873 um⁹)
278 2797 439 2868 recitasset,
467 2794 614 2869 respondit
634 2794 694 2853 ille:
723 2794 803 2853 Vere
823 2793 876 2851 iuit
896 2795 983 2867 visio,
1013 2801 1042 2854 et
1062 2797 1225 2857 verissima

174 2880 323 2966 confessio.
377 2879 581 2941 NOVIOIUS:
619 2879 694 2956 Quid
723 2887 767 2940 est
793 2880 870 2956 quod
904 2882 1033 2939 novicius
1062 2877 1152 2958 dixit,
1189 2903 1225 2945 se

173 2983 233 3026 non
254 2983 339 3043 posse
355 2967 469 3026 liberari
491 2969 551 3028 sine
574 2967 624 3026 tali
638 2968 822 3041 confessione,
845 2984 911 3026 cum
927 2967 1138 3026 consessionem
1164 2969 1225 3030 de-

174 3054 265 3114 bitam
286 3071 344 3114 non
358 3055 509 3114 excluserit
526 3061 685 3114 contemtus
702 3051 739 3133 ¹⁰),
761 3055 812 3114 scd
828 3053 1005 3113 necessitas?
1028 3053 1059 3114 Si
1074 3059 1225 3119 contritus

177 3140 307 3216 decessit,
327 3141 385 3200 iam
408 3141 443 3201 de
458 3141 602 3201 salvandis
625 3149 700 3216 erat3
723 3144 766 3200 sin
780 3148 885 3217 autem,
905 3142 946 3200 nil
968 3144 994 3201 ei
1011 3147 1225 3217 postmortem

176 3228 315 3288 consessio
342 3229 461 3304 profuit,
489 3231 597 3304 quiaa
623 3236 752 3303 mortuo,
781 3229 863 3304 quasi
884 3244 941 3287 non
963 3231 1014 3303 sit,
1046 3230 1121 3304 perit
1145 3248 1225 3290 con-

175 3314 260 3375 sessio
275 3313 315 3394 ⁴¹).
358 3313 593 3374 MONACHUS:
615 3316 690 3374 Puto
711 3314 789 3391 quod
810 3315 893 3374 Deus
915 3321 1026 3375 tantum
1047 3316 1148 3376 verbis
1172 3319 1225 3379 vel

195 3447 227 3516 1)
245 3446 265 3498 ll
284 3455 441 3499 eutem—
460 3448 492 3516 2)
510 3447 817 3502 connsuetudinem
835 3446 1100 3500 feceratabbati
1119 3461 1224 3515 gene·
1266 3477 1267 3486 ι

246 3515 343 3570 rale'rn
362 3517 663 3569 confessionem—
683 3518 715 3587 3)
733 3517 751 3569 P
770 3533 803 3569 rc
829 3520 978 3584 spiritus.
1002 3515 1224 3584 AJBonnevaux,

247 3585 348 3638 abbatia
367 3586 461 3638 Galliae
487 3589 512 3638 in
530 3587 646 3638 Dioecesi
663 3587 784 3639 Viennae.
821 3587 892 3640 Coni.
916 3603 991 3656 supra
1010 3586 1036 3646 Ι,
1060 3586 1103 3638 38.
1122 3616 1158 3625 -
1188 3591 1232 3658 5).

218 3699 230 3708 ,
247 3655 289 3708 BG
306 3665 337 3707 et
354 3672 400 3709 eo.
421 3656 592 3723 -oJAcoP
610 3673 714 3724 supra.
728 3687 758 3697 —
773 3657 805 3724 7)
825 3657 1008 3728 Psuprap-
1024 3655 1086 3724 8)Ρ
1105 3658 1224 3724 periu-

249 3740 314 3778 sam
331 3735 364 3776 ct
394 3741 586 3792 respersam.
606 3755 637 3765 -
656 3727 688 3792 9)
705 3725 748 3778 Bl)
766 3742 915 3779 somnum.
936 3757 967 3767 -
988 3727 1036 3795 10)
1054 3725 1073 3776 Ρ
1092 3728 1123 3779 ei
1143 3735 1225 3780 tcm-

247 3805 316 3862 pu'r.
352 3795 377 3847 S.
395 3793 515 3846 Bernrrd.
533 3796 598 3864 0pp.
616 3795 646 3846 V.
664 3812 689 3862 p.
702 3797 767 3849 249:
787 3797 987 3862 „confessionem
1004 3812 1055 3848 non
1073 3805 1223 3850 contemtus

249 3863 362 3928 exclusit,
379 3863 423 3915 sed
441 3864 572 3932 impedivit
589 3867 752 3943 necessitar.“
774 3897 804 3906 -
825 3866 873 3934 ii)
892 3866 967 3920 Eccli.
987 3868 1029 3932 17,
1046 3867 1089 3919 26.
