2642 4330
470 273 525 338 oe
548 273 820 342 annuerimus.
1101 229 1162 342 ser

124 395 164 458 Ut
185 396 255 472 qnid
277 401 337 454 tam
360 394 431 456 dure
452 416 499 459 me
520 397 638 458 caedis?
659 400 807 475 respondit
826 399 890 460 illa:
912 399 988 476 Quia
1009 417 1096 477 saepe
1116 419 1165 464 ma
1206 413 1208 420 '

122 483 231 542 turbas.
274 481 324 541 Ad
345 483 423 558 qnod
445 484 591 544 diabolus:
620 485 714 545 Multo
736 486 858 564 amplius
879 487 1013 547 hesterna
1034 487 1080 547 dic
1100 493 1165 546 tur-

121 571 191 630 bavi
212 587 340 630 sororem
362 576 443 630 trram
465 573 627 647 cantricem,
650 580 827 634 nontamen
848 591 895 632 me
916 577 1064 649 percussit.
1107 573 1164 635 Sa-

122 659 158 716 tis
180 657 298 732 quidem
327 656 376 717 illa
398 656 444 716 die
472 659 588 718 turbata
608 660 709 719 fuerat.
751 661 797 718 Ex
819 678 877 736 quo
899 660 1054 738 colligitur,
1087 661 1165 738 quod

121 745 179 819 ira,
218 760 337 818 rancor,
373 746 552 819 impatientia
580 751 608 805 at
635 746 693 805 alia
719 745 885 805 huiusmodi
910 749 981 807 vitia
1008 765 1096 824 saepe
1128 764 1165 808 ex

121 831 297 890 immissione
330 831 386 888 sint
418 831 534 890 diaboli.
584 831 651 892 Alia
680 835 742 892 vice
772 851 837 892 cnm
867 833 968 892 eadem
996 834 1164 910 Elisabeth,

121 919 269 975 matutinis
290 919 373 975 nimis
394 918 527 992 tardatis,
556 935 642 994 opera
671 925 704 977 ut
731 926 798 996 post
824 923 956 995 apparuit
978 919 1097 997 diaboli,
1126 921 1164 982 ad

120 1019 294 1079 campanam
314 1004 474 1079 festinaret,
508 1005 714 1081 candelamque
736 1007 883 1066 ardentem
903 1009 933 1065 in
954 1025 1042 1066 manu
1063 1014 1164 1083 porte·

119 1096 178 1164 rat,
206 1093 267 1150 iam
295 1093 433 1150 intratura
460 1091 535 1151 fores
566 1096 694 1168 oratorii,
728 1093 897 1152 daemonem
923 1095 953 1152 in
979 1097 1075 1170 specie
1095 1097 1163 1171 viri,

119 1182 218 1236 tunica
239 1176 372 1236 indutum
394 1177 540 1239 cultellata
557 1177 582 1259 ¹),
604 1187 704 1240 eontra
725 1197 757 1240 se
774 1188 850 1240 stare
865 1184 1020 1256 conspexit.
1052 1180 1164 1242 Putans

118 1263 247 1339 aliquem
268 1267 389 1323 intrasse
410 1267 551 1339 virorum,
580 1270 678 1324 territa
706 1273 860 1326 retrorsum
886 1285 938 1343 per
965 1267 1072 1344 gradus
1094 1267 1162 1327 dor-

118 1353 226 1409 mitorii
247 1351 364 1425 cecidit,
392 1353 433 1410 ila
455 1359 486 1410 ut
507 1369 561 1429 per
582 1353 691 1428 aliquot
712 1354 773 1414 dics
795 1361 855 1413 tarn
877 1371 912 1414 ex
932 1357 1081 1430 repentino
1101 1361 1163 1415 ter·
1253 1415 1257 1426 ,

118 1453 183 1496 rore
221 1455 310 1513 quam
348 1455 383 1496 ex
421 1437 506 1514 lapsu
544 1439 701 1516 langueret.
755 1441 830 1500 Nam
871 1447 900 1500 et
931 1440 1090 1501 Abbatissa
1126 1459 1162 1504 ex

118 1525 223 1583 eodem
258 1541 328 1584 casu
360 1526 521 1600 stupefacta
555 1526 748 1586 infirmitatem
782 1530 921 1605 concepit.
975 1527 1058 1605 Quae
1093 1527 1162 1588 dum

118 1627 239 1671 eausam
259 1610 336 1670 ilbus
363 1610 462 1686 lapsus
494 1619 581 1687 atque
612 1615 743 1673 clamoris
765 1615 802 1675 ab
826 1631 861 1674 ea
882 1616 1027 1674 sciscitata
1047 1615 1162 1691 fuisset,

116 1703 149 1758 et
168 1697 219 1758 illa
239 1700 381 1758 visionem
403 1703 595 1775 exposuisset,
628 1701 747 1760 adiecit:
773 1701 805 1761 Si
826 1703 975 1761 scivissem
996 1703 1074 1777 quod
1096 1703 1161 1764 dia-

115 1783 203 1844 bolus
224 1785 340 1858 fuisset,
374 1789 403 1844 ct
424 1803 481 1844 aon
509 1787 612 1862 homo,
645 1789 752 1847 bonam
779 1787 820 1846 illi
848 1787 983 1864 clepham
1010 1788 1160 1850 dedissem.

114 1869 187 1931 ‹Jam
209 1873 285 1931 enim
307 1873 472 1932 accinxerat
492 1874 655 1934 fortitudine
684 1874 798 1935 lumbos
820 1891 903 1950 suos,
925 1882 954 1935 et
975 1883 1074 1936 contra
1096 1876 1160 1938 dia·

114 1958 217 2019 bolum
239 1961 428 2019 roboraverat
448 1960 598 2020 brachium
620 1979 704 2020 suum
712 1957 742 2040 ²).

455 2151 689 2214 CAPI'lllLUM
711 2153 822 2216 XLVI.

146 2275 194 2334 De
214 2276 340 2348 tactuum
364 2292 442 2351 quoe
457 2293 515 2352 pcc
539 2276 706 2336 Benedictis
727 2277 853 2336 liberato
875 2284 918 2337 est
939 2296 959 2336 a
981 2277 1132 2338 sunnone.

181 2411 275 2472 Alteri
297 2411 412 2471 cuidam
431 2411 556 2472 ,laminae
583 2419 700 2490 propter
722 2413 868 2473 Christum
897 2415 1024 2476 inclusae
1052 2417 1093 2476 ita
1113 2418 1159 2475 in-

114 2498 281 2560 festusiuit
303 2497 443 2574 diabolus,
468 2505 500 2557 ut
522 2501 608 2564 etiam
629 2499 735 2559 lectum
757 2501 831 2560 illius
854 2501 992 2562 violenter
1014 2509 1042 2561 et
1062 2505 1159 2581 impu·

115 2585 216 2645 denter
237 2585 413 2645 ascenderet.
456 2585 485 2646 A
513 2603 569 2661 quo
600 2604 666 2646 cum
693 2587 772 2648 nullo
800 2595 899 2664 posset
927 2589 1052 2649 remedio
1074 2593 1159 2668 spiri·

113 2673 186 2732 tuali
207 2673 332 2746 liberari,
353 2689 410 2730 uon
433 2675 570 2747 oratione,
590 2691 649 2732 non
667 2675 852 2748 confessione,
874 2694 932 2734 non
953 2679 1035 2752 signo
1058 2679 1158 2752 crucis,

116 2758 223 2820 diaboli
248 2761 506 2835 importunitatem,
533 2763 735 2836 propriamque
756 2765 938 2822 vexationem
960 2763 1074 2822 cuidam
1095 2767 1158 2825 viro

114 2846 248 2924 religioso
272 2852 430 2922 conquesta
452 2853 503 2905 est.
548 2846 602 2906 Cui
632 2848 680 2907 ille
702 2848 759 2908 tale
782 2849 931 2908 consilium
953 2849 1040 2910 dedit.
1084 2850 1157 2910 Cum

116 2934 176 3009 tibi,
197 2929 332 3012 mqutt2),
354 2934 470 3008 propios
483 2936 642 3010 accesserit,
665 2934 752 3010 dicas,
773 2935 948 2997 Benedicite.
981 2935 1069 3012 Quod
1091 2929 1157 2997 eum

113 3019 163 3078 illa
184 3021 314 3095 fecisset,
344 3019 485 3096 malignus
512 3023 627 3096 spiritus
649 3023 732 3096 quasi
754 3023 865 3082 turbine
886 3022 1040 3100 impulsus,
1073 3041 1105 3084 se
1126 3027 1157 3084 in

115 3107 204 3168 saltus
228 3107 315 3182 dedit,
337 3123 391 3166 nec
412 3106 528 3166 ulterius
550 3107 589 3166 ad
609 3107 687 3166 illam
710 3109 847 3169 accedere
869 3127 957 3168 ausus
980 3111 1040 3168 iuit.
1083 3109 1156 3170 NO-

114 3193 264 3254 VIGlUS:
294 3191 416 3253 Gaudeo
446 3193 524 3269 quod
552 3200 663 3254 tantam
692 3198 826 3255 virtutem
837 3193 858 3276 ⁴)
892 3195 978 3258 audio
1005 3199 1036 3255 in
1064 3198 1155 3258 verbo

114 3287 230 3341 nostrae
262 3279 450 3340 salutationis.
503 3279 738 3342 MONACHUS:
778 3283 873 3343 Tanta
906 3290 950 3342 est
982 3283 1172 3354 daemonum·

113 3367 231 3444 malitia,
252 3373 285 3426 ut
307 3383 380 3443 quos
403 3369 558 3428 terroribus
580 3367 717 3428 seducere
739 3369 786 3430 vel
807 3366 966 3450 frangerel)
988 3388 1046 3430 nou
1067 3389 1154 3448 prac-

113 3453 220 3530 valent‚
239 3453 430 3531 phantasticis
453 3456 609 3518 visionibus
630 3455 779 3518 seducant.
821 3457 911 3517 Verbi
932 3460 1039 3534 gratia:

131 3707 203 3778 i)(l
228 3698 407 3775 cucullata,
424 3709 444 3762 B
462 3707 611 3762 cultello.
632 3739 663 3750 -
681 3709 714 3779 2)
732 3709 852 3764 Proverb.
872 3710 981 3775 31,17.
1001 3741 1034 3752 -
1061 3713 1093 3780 3)
1111 3708 1153 3766 ΒΟ

182 3795 265 3845 cum,
292 3780 416 3848 iuquit,
441 3779 517 3832 tibi.
546 3809 576 3822 -
601 3779 672 3851 100
697 3788 824 3836 tanturn
844 3783 992 3836 virtutis.
1017 3811 1049 3821 —
1075 3784 1107 3851 5)
1129 3781 1152 3834 Β

93 3910 99 3918 ¹
183 3847 405 3920 frangerevel
423 3849 589 3903 seducere.
