2622 4322
56 239 59 242 ¹
168 249 230 310 206
486 247 715 310 DISTINOTIO
738 245 903 354 QUARnA

168 371 254 436 castri
275 369 340 430 mei.
382 368 449 430 Non
467 376 581 448 poterat
602 387 633 430 se
656 373 808 448 contuere,
830 373 898 447 quin
918 376 1048 448 tempore
1069 371 1199 432 oraticula
1281 393 1282 400 ¹

168 458 198 516 ln
219 457 274 519 illia
297 456 439 517 domriret.
494 457 698 519 NOVIGIUS:
731 458 763 519 Si
793 475 852 518 non
885 463 961 518 esset
991 460 1088 536 gravis
1120 459 1201 536 culpa

169 543 279 605 accidia
299 545 330 604 in
350 545 466 604 servitio
488 544 593 620 divino,
616 562 675 614 non
696 563 748 606 nos
768 546 810 604 ita
832 545 964 605 dlabolus
986 545 1024 605 ad
1044 545 1124 605 illam
1144 545 1200 608 sol·

168 631 298 692 licitaret
339 629 576 692 MONAOHUS:
599 630 715 707 Quanta
742 634 780 692 sit
808 632 893 708 culpa
920 631 1006 692 huius
1026 635 1102 718 vitii,
1133 649 1203 710 pce·

167 736 206 780 na
227 724 256 779 ta
278 717 381 779 doceat
401 720 486 778 unius
508 717 652 779 accidiosi.

470 925 704 988 CAPITULUM
723 926 904 988 XXXVIII.

143 1011 148 1015 -
166 1050 215 1109 Dc
228 1049 373 1109 monacho
394 1051 427 1108 in
445 1049 533 1108 choro
548 1048 721 1125 frequenter
733 1049 921 1123 dormitante,
944 1065 1032 1124 quem
1048 1047 1205 1126 crucifixus

362 1183 365 1192 .
403 1139 436 1195 tc
457 1137 583 1196 mabilla
598 1138 746 1212 peccasset
773 1141 801 1195 ct
823 1139 970 1196 matinata

232 1273 290 1335 Vix
312 1279 379 1333 ssmt
400 1273 457 1333 duo
479 1291 591 1334 menses
613 1273 716 1349 elapsi,
738 1272 816 1350 quod
838 1272 969 1334 dominus
989 1270 1093 1333 Abbas
1118 1272 1206 1332 Cam·

167 1363 264 1437 pensis
284 1360 380 1420 retulit
399 1362 483 1421 nobis
505 1360 541 1420 de
556 1360 682 1437 quodam
703 1360 853 1436 monacho,
876 1363 925 1436 qui
941 1377 1054 1435 semper
1073 1361 1104 1417 in
1119 1359 1205 1420 choro

168 1448 280 1507 solebat
312 1447 449 1523 dormire,
481 1465 542 1509 rem
574 1446 659 1507 valde
691 1448 844 1510 terribilem
860 1443 887 1527 ¹).
940 1447 1031 1507 Nocte
1064 1445 1207 1522 quadam,

167 1551 234 1594 mm
255 1551 291 1595 ax
312 1551 392 1594 more
413 1534 549 1598 dormiret
570 1534 633 1593 aliie
660 1533 863 1610 psallentibus,
891 1533 1042 1612 crucifixus
1064 1532 1101 1592 de
1125 1533 1208 1592 altari

166 1623 260 1696 venit,
292 1619 492 1680 dormitantem
520 1622 669 1696 excitavit,
703 1626 731 1680 et
759 1639 825 1681 cum
857 1627 937 1680 tanto
967 1623 1032 1679 nisu
1057 1619 1209 1680 maxillam

56 1699 60 1706 ’
166 1710 228 1768 eius
248 1710 397 1784 percussit,
418 1714 451 1766 ut
470 1708 542 1766 inira
563 1710 677 1767 tertium
700 1707 775 1767 diem
793 1714 956 1767 moreretun.
998 1704 1208 1767 NOVIGIUS:

166 1793 315 1872 Stupenda
336 1801 403 1854 sunt
417 1811 492 1870 quae
514 1794 592 1853 dicis.
634 1792 870 1855 MONAOHUS:
892 1793 1054 1853 Monachus
1076 1793 1209 1854 accidio-

165 1899 216 1942 sus
237 1899 375 1942 nauseam
395 1881 461 1941 Deo
482 1885 623 1958 provocat
646 1886 675 1940 et
696 1880 804 1957 angebs
826 1884 942 1940 sanctis.
985 1879 1068 1940 Unde
1090 1879 1210 1940 cuidam

166 1969 309 2030 accidioso
326 1971 360 2026 'in
372 1985 496 2045 persona
517 1970 644 2028 omnium
664 1984 715 2043 per
732 1966 897 2028 Iohannem
919 1968 1021 2026 dicitur
1041 1984 1060 2026 a
1077 1965 1209 2028 Christo:

171 2057 292 2116 Utinam
321 2074 394 2115 esses
425 2056 539 2115 collatas
563 2062 627 2114 'atet
652 2054 800 2131 salpistas,
831 2055 983 2130 cadonio
1016 2054 1134 2130 tepidam
1165 2072 1209 2126 es,
1287 2073 1288 2076 ¹

92 2141 97 2151 '
165 2147 306 2219 iactpiom
328 2148 356 2202 te
378 2159 510 2202 montore
537 2131 573 2201 de
601 2159 651 2201 ore
671 2157 736 2200 nmo
749 2138 782 2217 ²).
824 2139 1029 2201 NOVIGIUS:
1057 2141 1211 2201 Recordor
1275 2163 1279 2176 ¹

166 2235 196 2289 te
219 2231 348 2306 superius
378 2228 497 2304 dixisse,
528 2228 605 2288 idem
627 2245 690 2288 esse
711 2229 813 2287 vidum
841 2227 982 2288 accidiam
1004 2233 1032 2286 et
1052 2230 1212 2288 trIstitiam.

165 2313 402 2376 MONACHUS:
434 2316 544 2375 Verum
573 2320 631 2391 est,
664 2315 731 2391 quia
759 2314 870 2375 accidit
901 2320 946 2374 est
973 2331 1009 2375 ex
1037 2315 1212 2375 confusione

166 2405 270 2462 mentis
297 2408 366 2462 nata
386 2404 508 2462 tristitia.
550 2401 597 2460 Ex
617 2402 674 2462 hac
694 2403 821 2461 nascitur
846 2401 956 2470 malitia
977 2407 1006 2463 et
1026 2401 1212 2480 desperatio,

165 2491 241 2550 sicut
261 2490 391 2550 subiecto
413 2490 465 2549 tibi
486 2487 637 2550 ostendam
658 2488 798 2564 exemplo.

482 2694 715 2757 OAPITULUM
734 2695 888 2756 XXXIX.

186 2816 235 2877 De
250 2818 356 2895 puella
376 2818 508 2894 aalma,
539 2836 617 2895 qaae
637 2819 737 2878 Deam
760 2823 788 2877 et
809 2817 929 2893 cupales
952 2835 1011 2877 osse
1033 2815 1192 2894 dubitans,

120 2988 124 2993 ι
221 2905 257 2964 da
278 2922 401 2982 corpote
423 2923 558 2981 opressa,
572 2924 630 2982 per
651 2907 787 2981 spineam
808 2905 882 2964 viati
904 2906 1024 2980 ampelos
1045 2907 1158 2966 seilicet

328 2998 357 3052 et
378 2995 503 3067 animas,
525 2995 623 3070 sicque
645 2993 688 3051 ad
707 3008 814 3068 coepas
834 3009 969 3068 neyraco
990 2997 1041 3051 est.

126 3168 130 3178 ·
229 3144 331 3208 Abbas
363 3146 400 3208 de
427 3141 641 3228 Brunisbach‘)
674 3164 750 3209 anno
782 3149 935 3222 praeterito
966 3146 1063 3207 rendit
1094 3145 1218 3210 Abbati

164 3240 262 3295 nostro
276 3238 462 3294 tentationem
479 3235 624 3311 quandam
639 3251 675 3294 ex
688 3235 801 3293 tristitia
821 3241 928 3310 natam,
949 3233 1108 3294 terribilem
1132 3239 1218 3312 salis,

164 3323 207 3382 sit
229 3321 341 3382 dicens:
363 3321 398 3380 In
419 3325 568 3398 provincia
588 3327 686 3381 nostra
703 3321 846 3397 quaedam
861 3323 967 3380 exstitit
987 3321 1085 3397 puella
1101 3323 1218 3384 nubilis

155 3425 200 3469 ac
227 3408 365 3484 formosa,
394 3408 571 3484 divitumque
598 3407 666 3467 fida
701 3405 805 3485 'Quam
834 3425 901 3468 cum
928 3415 1062 3484 parentes
1094 3410 1219 3470 tradere

164 3495 271 3556 vellent
291 3498 402 3572 marito,
422 3498 515 3556 renuit
535 3495 585 3556 illa
607 3495 717 3555 dicens:
738 3495 805 3556 Non
825 3496 934 3555 nubam
955 3495 1037 3556 alteri
1056 3497 1137 3573 viro,
1160 3499 1220 3558 nisi

184 3682 215 3751 1)
234 3681 252 3734 r
269 3679 450 3733 terribilem
465 3680 783 3750 v21s0.-2)np00.a‚
797 3680 837 3734 15.
855 3667 896 3735 tt.
911 3680 985 3748 -33
1001 3679 1061 3734 scr
1075 3680 1219 3734 usums-

233 3749 322 3875 ¹biacbh.
344 3749 469 3873 l{melligit
486 3750 626 3812 Brumbaclr
644 3751 770 3804 abbatiam
787 3766 867 3820 prope
886 3750 1025 3804 Wenhenn
1042 3751 1069 3802 in
1089 3749 1221 3807 DIcecesi

256 3835 284 3873 er
302 3835 343 3889 ipo
374 3835 429 3873 ana.
