2538 4314
153 275 213 338 130
418 351 424 359 ,
469 269 698 341 nanneno
718 273 867 341 annun

153 403 221 477 quia
242 402 323 460 multi
344 408 425 477 sunt,
454 405 478 462 si
500 406 604 462 seirent
631 403 754 463 fructum
783 401 960 480 oorporalem
982 418 1046 462 esse
1065 401 1095 462 in
1116 415 1193 466 eon·

84 507 86 518 ⁴
151 489 281 563 sessione,
302 493 459 564 paratiores
481 497 577 550 essent
597 493 626 548 in
639 490 714 549 illius
729 494 919 550 exseeutioue.
951 489 1191 553 MONAGHUS:

151 575 298 651 Numquid
318 593 376 636 non
397 595 506 636 memor
528 595 568 652 es,
590 577 687 652 qualia
707 577 755 636 vel
777 584 884 652 quanta
900 576 1192 638 dominusWalterus

152 661 255 722 Abbas
276 663 442 724 Vilariensis
463 666 547 725 nobis
580 665 683 724 dixerit
716 664 751 724 de
781 665 975 740 confessione,
1004 667 1124 724 veniens
1154 664 1195 725 de

154 749 284 809 sollemni
313 754 391 810 ouria
419 751 648 826 Franokinvord,
677 754 706 809 in
741 769 798 826 qua
826 752 901 810 iilius
929 751 1071 811 Frederiei
1099 752 1195 828 Regis

153 835 348 896 Romanorum
371 839 478 898 electus
501 849 544 898 est
563 841 593 896 in
614 837 746 915 Regem?
789 837 991 899 NOVICIUS:
1020 839 1099 898 Bene
1123 841 1195 915 qui-

153 923 218 982 dem
240 925 389 1001 recordor,
422 926 474 985 sed
502 929 570 1002 quia
590 943 671 985 mens
694 926 817 985 hominis
838 925 932 985 labilis
955 931 998 986 est
1019 928 1194 1001 memoriae,
1266 987 1267 990 ,

151 1011 247 1086 placet
268 1013 356 1071 semel
377 1013 482 1087 audita,
504 1016 627 1072 maxime
651 1031 725 1088 quae
746 1013 831 1072 saluti
852 1015 1098 1087 suntneoessaria,
1120 1029 1195 1072 sae-

152 1099 215 1173 pius
229 1099 335 1158 audire.
378 1098 614 1160 MONAOHUS:
638 1100 710 1159 Cum
722 1117 823 1174 essem,
844 1103 943 1175 inquit,
964 1099 1195 1174 Franolrinvord,

51 1186 55 1197 '
154 1191 182 1244 et
210 1185 340 1261 loquerer
374 1203 440 1246 eum
468 1189 606 1263 magistro
635 1186 767 1246 Conrado
794 1186 916 1246 Deoano
943 1187 1084 1262 Spirensi,
1115 1189 1196 1245 iuter

154 1277 248 1331 cetera
270 1273 327 1331 dixi
348 1273 403 1330 illi:
427 1273 576 1350 Quaedam
597 1277 666 1333 novi
688 1273 724 1334 de
742 1274 927 1348 consessione,
950 1291 1024 1348 quoe
1038 1275 1197 1350 vosprae·

156 1359 294 1418 rimatores
317 1361 389 1418 seire
411 1359 560 1420 deberetis.
599 1361 794 1422 Praedicabat
815 1363 891 1420 enim
913 1378 1041 1435 erueem3
1064 1368 1093 1422 et
1101 1378 1198 1447 roga7

82 1449 96 1460 “
153 1447 194 1504 vit
214 1463 261 1505 me
281 1446 331 1506 illa
351 1447 498 1522 replicare.
541 1447 670 1523 Quorum
691 1454 773 1507 tenor
793 1447 858 1506 talis
880 1454 931 1507 est.

507 1635 740 1698 dAPITULUM
761 1637 831 1698 XV.

152 1761 199 1818 De
221 1761 324 1820 elerico
339 1727 543 1822 Attoobatenei
565 1762 685 1836 ottoque
705 1777 814 1836 sorore,
838 1779 916 1837 quae
937 1761 973 1819 de
993 1761 1128 1820 incendio
1134 1779 1200 1838 per

180 1847 389 1924 confessionem
411 1848 536 1908 liberata
558 1855 607 1921 est,
630 1865 698 1906 earn
720 1851 926 1923 carpentarium
943 1847 1168 1925 interfecissent

216 1985 306 2063 Apud
328 1991 472 2048 civitatem
493 1987 729 2047 Attrabatensem
742 1983 758 2067 ¹)
781 1993 848 2046 ante
870 2003 961 2046 annos
982 2005 1092 2063 paucos
1106 1989 1201 2048 iuve-

152 2076 196 2132 nis
218 2074 335 2149 quidam
357 2075 475 2135 alericus
498 2077 619 2149 exstitit,
642 2074 677 2133 de
701 2075 802 2133 eadem
824 2076 938 2133 civitate
960 2081 1058 2148 natus,
1081 2072 1201 2136 delica-

153 2163 209 2220 tius
231 2161 338 2221 ibidem
358 2163 396 2221 ab
418 2164 537 2222 infantia
559 2161 698 2221 educatus
707 2158 747 2242 ²),
770 2168 799 2220 et
819 2163 892 2220 inter
912 2159 1050 2220 honestos
1073 2161 1202 2223 elericos

153 2256 352 2307 conversatus.
378 2249 434 2325 Qui
455 2267 521 2309 omn
541 2267 600 2308 non
621 2249 741 2307 haberet
761 2247 878 2323 aliquod
900 2248 1073 2323 stipendium
1094 2249 1202 2309 eoele-

154 2337 313 2410 siasticam,
336 2342 364 2395 et
385 2344 476 2396 mater
497 2338 557 2395 eius
580 2337 721 2411 coepisset
743 2351 839 2412 egere,
861 2334 963 2411 puduit
985 2351 1051 2394 erun
1072 2353 1201 2398 manere

125 2438 219 2484 ,eum
239 2421 296 2480 illa.
339 2422 514 2499 Inflatusque
536 2426 635 2500 spiritu
657 2421 814 2496 diabolico,
841 2421 879 2480 ad
901 2422 1018 2481 domum
1040 2423 1202 2484 cuiusdam

99 2549 101 2560 ,
153 2507 246 2568 divitis
280 2513 432 2586 argentarii
459 2513 538 2570 venit
565 2527 631 2568 eum
661 2509 735 2568 dolo.
790 2507 843 2568 Cui
873 2515 901 2568 et
931 2509 1015 2567 dixit:
1043 2508 1202 2570 Mercator
1266 2531 1267 2582 3

153 2595 268 2670 quidam
291 2596 372 2656 dives
394 2599 522 2656 venitin
544 2596 661 2656 domurn
681 2613 790 2671 meam,
811 2595 911 2654 volens
933 2613 1098 2671 comparare
1120 2614 1201 2675 sey-

153 2680 226 2758 phos
248 2691 407 2760 argenteos,
430 2683 533 2743 calices
556 2687 650 2759 etiam,
672 2690 700 2742 et
722 2683 779 2742 alia
801 2683 943 2758 quaedam
964 2683 1098 2756 roseida,
1128 2687 1201 2746 sive

153 2778 320 2828 ornamenta
349 2770 385 2830 de
413 2787 481 2830 auro
512 2773 572 2830 sive
602 2776 719 2847 argento
749 2770 907 2829 fabrefacta
915 2767 944 2849 ³).
995 2768 1027 2828 Si
1054 2769 1125 2844 quid
1157 2772 1200 2834 de

154 2856 203 2915 tali
225 2874 311 2934 opere
332 2858 457 2918 vendere
479 2857 617 2932 volueris,
649 2861 678 2916 in
711 2857 833 2918 saccello
862 2874 953 2932 pone,
982 2863 1011 2914 et
1035 2855 1086 2914 tali
1116 2857 1200 2920 hora

151 2943 245 3019 solus,
275 2947 343 3020 quia
371 2953 512 3005 secretum
540 2946 604 3004 vult
635 2961 713 3020 esse,
746 2947 844 3004 venias
873 2943 910 3002 acl
939 2943 1055 3002 domum
1081 2961 1199 3008 meam.

151 3029 341 3108 Argentarius
363 3033 399 3092 de
422 3033 524 3092 elerico
546 3033 620 3092 bene
642 3032 696 3091 sibi
717 3022 786 3090 noto
818 3031 927 3090 nullam
953 3029 1062 3089 habens
1089 3037 1199 3108 suspi-

151 3119 270 3193 tionem,
292 3126 324 3177 ut
345 3122 467 3180 iusserat
487 3120 562 3194 lecit,
583 3126 679 3178 tamen
702 3135 759 3194 quo
780 3120 870 3176 iturus
893 3123 968 3176 esset
980 3117 1105 3176 familiae
1116 3137 1198 3183 suae
1266 3139 1267 3148 ¹

149 3203 315 3264 notificavit.
359 3207 451 3284 Quem
474 3225 540 3267 eum
562 3206 680 3265 elericos
701 3204 794 3264 solum
815 3207 977 3263 venientem
999 3205 1198 3290 aspicerem),

149 3298 214 3366 post
236 3294 340 3352 ostium
362 3311 393 3352 se
416 3293 574 3368 abscondit,
595 3295 781 3368 intrantisque
804 3291 952 3351 cerebrum
974 3293 1066 3349 seouri
1081 3291 1198 3373 divisit,

149 3385 177 3436 et
200 3379 311 3439 oceidit.
354 3379 467 3441 Deinde
497 3397 562 3439 oum
578 3397 686 3443 ,sorore
707 3381 816 3456 virgine
838 3379 983 3436 hominem
1003 3379 1197 3443 membratim

150 3465 323 3541 dividentes,
355 3469 384 3525 in
408 3467 536 3526 eloacam
556 3469 744 3543 proiecerunt.
786 3465 908 3525 Familia
929 3466 999 3524 vero
1022 3465 1151 3527 aurificis
1162 3467 1197 3550 ⁵),

149 3570 214 3611 eum
235 3553 327 3613 redire
349 3553 483 3629 tardaret,
503 3553 541 3614 ad
563 3553 680 3612 domum
702 3553 796 3613 elerici
816 3555 903 3628 venit,
924 3553 1042 3612 ubinam
1053 3552 1197 3617 dominus

169 3722 198 3793 l)
216 3725 302 3776 llrras.
322 3748 353 3764 ἢ-
379 3721 411 3791 2)
429 3721 449 3778 C
466 3721 625 3774 educatus
643 3722 680 3774 ab
699 3722 842 3774 infantia
859 3719 977 3773 ibidem
997 3718 1193 3780 delicatius.

217 3823 247 3834 -
268 3793 299 3862 3)
318 3793 338 3846 Ο
355 3795 426 3845 sive
453 3791 490 3844 de
517 3802 654 3861 argento
680 3792 854 3846 fabricata.
874 3821 905 3830 —
924 3791 957 3860 l)
975 3790 995 3844 0
1012 3795 1194 3861 prospice-

215 3872 273 3916 ret.
294 3889 324 3902 -
345 3864 377 3932 5)
395 3859 415 3915 ll
434 3863 582 3916 artifieio.
