2664 4308
155 253 195 308 14
459 249 688 312 DISTINGTIO
710 251 885 312 SEPTIMA

152 388 216 431 eam
244 373 311 431 iusti
338 353 560 434 revelationibus
589 373 780 435 consolentur.
827 372 1065 436 MONAGHUS:
1099 373 1193 451 Quam

153 457 269 519 mirifice
289 461 380 519 iustos
402 462 455 520 sibi
477 463 633 522 servientes
665 469 766 522 sancta
786 462 843 522 Dei
865 461 995 522 Genitrix
1017 461 1193 535 consoletur,

158 562 193 605 ex
206 549 313 622 paucis
335 563 409 622 quae
431 550 580 608 sublicium
602 566 776 626 cognoscere
796 551 903 625 poteris
925 547 1070 625 exemplis.

512 737 746 800 oseruuuuru
766 690 832 798 xe

191 861 239 918 Dc
260 862 353 920 Petro
374 863 532 921 aponoculo
554 861 669 921 Abbote
692 833 900 935 Oloraooolbs
922 865 971 921 oui
992 866 1024 922 bc
1041 855 1163 922 ecclesia

306 947 439 1023 Spirensi
458 956 564 1008 sancta
584 947 688 1030 Morta
710 947 936 1008 benedictionem
957 950 1045 1009 dedit.

221 1066 317 1130 Causa
338 1071 452 1147 exstitit,
473 1077 506 1129 ut
527 1070 644 1146 quidam
666 1087 702 1128 ex
718 1068 883 1130 Abbatibus
906 1070 1011 1131 ordinis
1033 1073 1122 1130 nostri
1142 1088 1194 1147 pro

154 1157 270 1232 negotio
301 1157 406 1216 ordinis
441 1157 480 1217 ad
507 1156 665 1218 Henricum
693 1155 899 1232 Imperatorem
933 1156 1024 1216 filium
1052 1155 1196 1218 liuderici

155 1243 340 1302 mitterentur.
389 1243 469 1303 Inter
490 1261 563 1320 qnos
584 1245 756 1319 praecipuus
776 1243 929 1304 videbatur
956 1251 1015 1304 tarn
1044 1247 1196 1305 sanctitate

154 1345 241 1403 quam
270 1328 421 1406 dignitate,
455 1330 586 1390 dominns
613 1330 718 1391 Petrus
745 1330 915 1390 monoculus
943 1329 1046 1390 Abbas
1076 1331 1196 1392 Clarae·

152 1414 250 1490 vallis,
279 1418 360 1476 cuius
388 1420 495 1477 mentio
519 1417 619 1476 habita
648 1423 692 1478 est
712 1419 742 1476 iu
763 1418 943 1477 distinctione
966 1425 1047 1476 sexta
1070 1419 1195 1494 capitulo

152 1501 314 1562 undecimo.
356 1504 396 1563 Et
416 1507 483 1579 quia
516 1504 647 1566 dominus
670 1503 864 1564 Cisterciensis
885 1506 914 1562 in
935 1507 1051 1581 propria
1071 1522 1197 1581 persona

152 1591 250 1648 venire
271 1607 329 1650 non
350 1593 457 1667 potuit,
485 1591 615 1650 Priorem
636 1609 725 1660 snum
749 1609 801 1668 pro
824 1608 856 1650 se
877 1593 962 1650 misit.
1004 1592 1196 1652 Venientibus

154 1677 194 1736 eis
215 1675 346 1752 Spiream
359 1675 389 1758 ¹),
419 1694 485 1737 cum
506 1681 535 1736 in
565 1678 686 1738 ecclesia
708 1679 811 1738 beatae
840 1678 897 1737 Dei
919 1677 1086 1755 Genitricis,
1115 1682 1196 1740 cuius

153 1769 296 1823 structura
316 1765 475 1840 stupendae
497 1765 699 1842 magnitudinis
721 1772 773 1840 ost,
795 1767 1064 1839 orassentcunotis
1086 1767 1166 1826 ocius
1174 1763 1194 1846 ²)

154 1850 192 1910 ab
215 1853 342 1911 oratione
364 1851 553 1928 surgentibus,
575 1858 604 1911 et
618 1852 745 1911 eiusdem
768 1851 905 1912 ecelesiae
920 1851 1049 1912 aedificia
1071 1855 1195 1912 obcum-

154 1935 301 1996 lnstrando
324 1939 618 2014 considerantibus,
611 1956 668 1999 ram
691 1938 783 1998 dictus
803 1939 922 2013 Petrus,
949 1941 1029 1999 cuius
1052 1943 1196 2016 cogitatus

155 2028 184 2082 et
205 2023 355 2084 delectatio
377 2042 435 2084 non
455 2025 536 2084 luit
528 2045 557 2084 ιιι
579 2024 716 2085 aedificiis
734 2025 972 2101 corruptibilibus,
994 2025 1074 2084 sed
1066 2045 1096 2085 m
1113 2033 1196 2087 stru-

154 2115 236 2170 ctura
256 2109 418 2171 Jerusalem
440 2095 626 2187 ooel'estis,'
617 2130 646 2170 ιιι
670 2116 797 2172 oratione
818 2115 1021 2188 perseveravit.
1064 2113 1196 2173 Tandem

154 2193 315 2258 omnibus
309 2202 442 2276 egressis,
465 2217 531 2264 cnm
551 2201 580 2258 in
601 2201 713 2275 portien
736 2199 874 2259 ccclesiae
896 2217 914 2260 a
936 2201 1080 2259 canonicis
1100 2200 1195 2260 hono-

153 2282 231 2343 rifice
258 2285 378 2344 luissent
398 2287 528 2361 salutati,
561 2292 591 2346 et
619 2304 685 2345 oum
717 2288 852 2362 instantia
872 2284 963 2345 multa
984 2287 1022 2345 ad
1043 2287 1196 2362 prandium

152 2371 278 2446 invitati,
310 2374 478 2448 requisitum
499 2379 543 2433 est
568 2373 735 2448 aquodam
757 2372 890 2448 Abbate,
917 2375 946 2431 in
977 2375 1057 2432 errius
1086 2374 1195 2434 honore

154 2456 276 2517 ecclesia
297 2459 398 2518 eadem
420 2466 496 2520 esset
517 2465 692 2519 consecrata.
734 2459 986 2535 Respondentibus
1009 2460 1134 2536 clericis,
1165 2463 1195 2520 in

152 2543 261 2606 honore
292 2545 435 2607 Dominae
449 2553 596 2622 „nostrae3
632 2545 736 2606 Abbas
769 2544 954 2606 Claraevallis
986 2548 1194 2608 inconsiderate

153 2631 311 2691 subiunxit:
333 2631 372 2692 Et
394 2651 447 2712 ego
470 2635 605 2694 solebam.
638 2632 724 2709 Quod
741 2633 862 2693 verbum
876 2634 959 2693 Prior
974 2629 1101 2694 cistercii
1122 2653 1194 2695 oon·

153 2716 289 2794 sidereus,
310 2725 379 2780 tnnc
402 2720 516 2796 quidem
538 2723 635 2794 tacuit,
657 2720 709 2778 sed
730 2737 798 2778 mox
819 2726 851 2779 ut
873 2724 980 2797 egressi
1001 2728 1068 2780 sunt
1089 2725 1195 2782 civita-

152 2812 227 2880 tem,
256 2806 384 2866 ciusdem
403 2809 485 2867 verbi
506 2807 687 2892 recordatus,
716 2809 757 2866 eit
777 2806 901 2867 Abbati:
929 2807 1053 2869 Domine
1076 2807 1197 2884 Abbas,

153 2890 237 2954 dicite
266 2893 349 2968 mihi,
380 2893 456 2953 unde
478 2895 611 2953 sciebatis
638 2893 772 2969 Spirense
794 2897 1034 2954 monasterium
1026 2914 1055 2953 ιιι
1085 2895 1193 2955 honore

151 2978 294 3040 Dominae
321 2986 438 3040 nostrae
464 2980 552 3039 inisse
576 2980 792 3040 consecratum?
836 2981 888 3041 llle
911 2980 947 3040 de
963 2983 1058 3040 verbo
1081 2983 1192 3058 prolato

152 3066 260 3141 dolens,
281 3067 440 3143 respondit:
462 3067 566 3126 Visum
589 3073 632 3126 est
652 3067 723 3125 milri
744 3068 818 3127 bone
841 3067 955 3142 decere,
977 3075 1010 3126 ut
1031 3075 1091 3127 tam
1113 3072 1194 3128 miri·

151 3153 223 3213 fiose
246 3160 404 3218 structurae
426 3161 547 3230 patrona
567 3154 640 3213 soret
662 3160 754 3212 mater
775 3154 832 3213 Dei
854 3161 883 3213 ct
905 3155 1050 3215 coelorum
1071 3155 1193 3232 Regina.

150 3240 232 3299 Prior
251 3243 326 3302 bene
348 3257 523 3318 cognoscens
545 3243 606 3300 eius
627 3243 823 3316 sanctitatem,
854 3248 882 3299 et
911 3244 978 3317 quia
1004 3241 1118 3317 aliquid¹
1138 3245 1198 3324 sibi¹

150 3330 179 3386 in
202 3328 323 3388 ecclesia
343 3327 501 3388 revelatum
521 3328 630 3403 inisset,
653 3346 688 3387 ex
709 3330 894 3403 responsione
917 3330 1089 3404 conficiens,
1110 3329 1192 3390 udie-

143 3417 204 3475 eit:
226 3415 290 3492 Ego
311 3417 341 3474 in
362 3414 417 3474 hac
439 3417 486 3474 via
507 3417 601 3474 vicem
622 3431 691 3491 gero
714 3415 820 3474 domini
840 3413 965 3476 Abbatis
988 3415 1193 3491 cisterciensis,

150 3504 180 3560 in
202 3505 282 3561 ouius
303 3505 472 3562 anctoritate
494 3504 578 3561 vobis
599 3504 758 3577 praecipio,
787 3508 820 3561 ut
845 3519 904 3561 non
926 3501 994 3561 milri
1016 3501 1116 3562 dicatis
1137 3505 1191 3562 nisi

149 3591 309 3649 veritatem.
352 3589 434 3649 Tunc
454 3588 502 3652 ille
524 3588 687 3649 obedientia
708 3594 832 3663 artatus,
862 3607 928 3649 oum
948 3590 1123 3650 verecundia
1143 3608 1191 3650 re-

150 3675 279 3751 spondit:
314 3676 436 3753 Quando
457 3682 616 3753 prostratus
639 3693 737 3736 eoram
757 3674 840 3736 altari
867 3693 921 3752 pro
949 3679 1076 3753 peccatis
1104 3680 1190 3752 meis,

168 3828 200 3896 1)
217 3827 323 3896 Spiram,
341 3827 445 3898 Spcper.
465 3861 494 3871 -
516 3829 549 3898 2)
567 3826 607 3880 BC
625 3829 734 3880 citius.
