2622 4322
459 263 513 325 Du
534 265 796 328 ἹῈΝΤΑΤΙΟΝΕ.
1048 329 1049 336 ,
1081 273 1146 332 265

105 384 316 446 NOVIGIUS:
343 385 442 446 Mirari
469 405 526 447 uon
548 388 661 463 desim,
683 389 761 464 quod
788 390 878 466 Dens,
900 392 948 466 qui
970 397 1014 452 est
1034 409 1147 454 summa

7 539 9 564 fl
105 473 258 548 munditia,
269 476 349 533 viros
363 473 517 550 religiosos,
540 481 656 535 sanctos
666 483 753 552 atque
765 477 906 552 perfectos
920 484 980 538 mm
992 479 1146 541 immundis

104 560 329 636 tentationibus,
359 567 389 620 et
417 562 588 638 quandoque
609 562 672 638 diu,
700 567 799 622 vexari
825 567 970 640 permittit
1010 565 1144 627 MONA-

105 645 229 706 OHUS:
258 646 325 706 Hoc
352 646 414 706 fieri
441 648 565 708 creditur
593 668 629 710 ex
651 649 860 726 dispensatione
882 649 995 712 divinae
1015 655 1144 730 pietatis,

104 728 224 792 duabus
252 733 288 794 de
317 737 426 809 causis,
453 735 586 796 videlieet
612 736 649 796 ad
666 737 834 808 custodiam
855 737 1036 814 humilitatis,
1063 747 1092 800 et
1112 749 1145 801 ut

103 819 237 880 habeant
264 824 413 880 materiam
441 822 617 882 exercendae
644 825 765 884 virtutis.
808 824 879 900 Quis
905 827 935 882 in
958 825 1014 885 hoc
1035 827 1143 888 mundo

103 909 203 966 maior
229 905 394 984 Apostolo?
421 908 489 985 Ipse
517 917 560 969 est
582 912 631 986 qui
653 909 734 969 dicit:
763 905 810 984 Ne
831 913 1005 987 mopnitudo
1026 915 1141 973 recela-

104 997 225 1054 mnam
254 996 378 1054 acucbat
404 1015 465 1068 me,
488 997 577 1055 dutus
603 1004 646 1056 cot
673 999 744 1055 mibi
769 1000 904 1057 elimatius
934 1002 1031 1058 camis
1052 1019 1143 1074 meuc,

103 1082 234 1156 capetus
247 1077 390 1154 Satanae,
412 1087 464 1158 qni
477 1102 524 1141 nec
536 1084 704 1162 colaphizet,
721 1091 846 1159 propter
864 1085 952 1160 quod,
975 1092 1003 1144 et
1019 1093 1113 1146 cetera
1119 1084 1145 1166 ¹).

102 1166 193 1226 Sicut
224 1167 292 1227 dicit
327 1171 481 1244 scriptura,
512 1170 626 1230 relictae
665 1176 732 1229 sunt
762 1171 897 1247 reliquiae
933 1172 1145 1234 immundarum

102 1256 238 1331 gentium
265 1256 295 1313 in
317 1260 393 1313 terra
413 1259 616 1332 promissionis,
636 1265 672 1316 ιιι
693 1261 874 1332 experiretur
895 1262 927 1317 ιἰι
949 1263 988 1318 ete
1008 1260 1104 1318 Israel
1112 1259 1144 1336 ²).

102 1342 186 1400 Nam
217 1357 282 1400 oum
311 1340 436 1401 Domino
464 1343 617 1420 placuerit,
645 1361 704 1402 uua
729 1344 801 1404 hora
821 1347 991 1406 tentationes
1012 1349 1041 1405 in
1062 1347 1145 1406 uobis

102 1429 275 1488 fortissimas
298 1431 462 1504 compescit.
531 1433 534 1442 ’

417 1617 654 1720 cremonen
674 1618 834 1702 exure)

203 1741 249 1800 Do
270 1739 430 1800 Banordo
452 1742 597 1812 monacho
620 1749 740 1815 tentato,
767 1747 819 1819 qui
838 1761 869 1802 oe
888 1748 921 1804 ia
941 1751 1050 1804 aomnb

480 1828 555 1888 sidit
576 1830 774 1888 eunuchizari.

172 1945 207 2006 lu
235 1945 398 2007 claravalle
425 1947 559 2007 sacerdos
588 1948 703 2024 quidam
732 1949 880 2026 religiosus
909 1957 967 2025 est,
995 1953 1020 2010 si
1047 1960 1142 2014 minen

102 2034 202 2095 adhuc
216 2036 297 2109 vivit,
310 2051 415 2110 genere
433 2034 545 2109 nobilis,
565 2036 617 2095 sed
638 2038 789 2096 virtutibus
803 2037 893 2097 multo
902 2032 923 2115 ³)
945 2037 1075 2114 nobilior,
1087 2058 1142 2101 no·

104 2123 182 2203 mine
201 2121 375 2190 Bernardus.
417 2122 477 2181 Iste
494 2127 623 2198 tempore
641 2123 766 2198 quodam
787 2141 805 2182 a
826 2123 935 2184 Sataua
960 2142 1012 2200 per
1039 2129 1142 2186 stimu-

104 2209 165 2268 lum
194 2211 287 2268 carnis
315 2211 357 2267 ita
378 2215 421 2267 est
441 2215 578 2285 vexatus,
606 2212 647 2269 ita
667 2211 812 2285 trnbatus,
839 2213 949 2270 utiam
970 2224 1142 2288 proponeret

103 2296 256 2356 tentationi
268 2298 383 2354 omnino
398 2294 507 2369 cedere,
528 2303 614 2370 atque
633 2304 699 2372 post
719 2297 855 2372 plurimos
877 2297 994 2358 sudores
1015 2299 1054 2360 ad
1074 2319 1142 2362 sae-

104 2382 203 2443 culum
224 2381 326 2442 redire.
370 2381 522 2442 Confessus
544 2384 637 2442 iuerat
657 2387 819 2458 passionem
832 2385 952 2444 eandem
975 2387 1071 2462 semel,
1093 2407 1141 2449 se·

105 2469 246 2530 cundoet
267 2469 447 2546 multotiens3
469 2469 520 2528 sed
541 2487 599 2529 non
620 2473 751 2529 cessavit.
794 2470 924 2530 Tandem
947 2475 1028 2547 quasi
1048 2475 1141 2536 victus

104 2558 229 2616 accessit
249 2555 288 2615 ad
309 2557 446 2630 Priorem,
465 2562 566 2631 petens
586 2557 642 2632 sibi
663 2574 785 2633 cappam
807 2557 874 2632 dari,
895 2558 992 2618 dicens
1015 2579 1046 2620 se
1066 2564 1141 2622 velle

104 2643 197 2704 redire
233 2642 272 2702 ad
299 2643 460 2718 saeculum,
477 2714 479 2720 s
494 2659 529 2702 eo
562 2643 639 2719 quod
668 2662 725 2703 non
759 2652 857 2719 posset
891 2663 987 2705 carere
1016 2649 1142 2710 muliere.

104 2730 206 2789 Multis
227 2730 361 2805 precibus
390 2733 437 2788 vix
462 2730 546 2789 Prior
567 2732 702 2805 obtinuit,
730 2737 762 2789 ut
784 2738 961 2806 exspectaret
981 2733 1030 2794 illa
1050 2744 1142 2796 nocte.

104 2817 308 2892 Exspectant,
330 2823 359 2876 et
375 2817 526 2890 Dominus,
547 2817 710 2892 quisalvat
729 2824 876 2893 sperantes
897 2821 926 2877 ln
947 2815 1015 2897 se‘),
1038 2839 1142 2883 conso-

105 2903 182 2962 latus
204 2909 250 2963 est
262 2919 328 2962 eum
349 2911 434 2964 nocte
454 2902 503 2963 illa
524 2905 682 2978 insomnis,
704 2907 778 2963 sieut
791 2911 820 2963 et
833 2905 935 2964 beatos
955 2905 1018 2966 illos
1029 2907 1142 2986 Magos,

105 2991 212 3065 quibus
232 2992 386 3066 praecepit,
407 3007 444 3050 ne
465 2990 589 3049 redirent
608 2990 647 3048 ad
667 2990 826 3050 Herodem·
864 2992 923 3051 Vix
942 2996 1065 3055 tenuiter
1086 2998 1142 3057 ob-

105 3077 278 3150 dormierat,
314 3083 342 3137 et
371 3095 438 3137 ecce
468 3072 614 3152 conspexit
646 3081 755 3137 eminus
786 3080 881 3137 virum
908 3079 1072 3142 horribilem
1113 3087 1142 3142 in

106 3163 201 3240 effigie
228 3163 367 3223 carnificis
396 3164 434 3224 ad
463 3181 493 3222 se
516 3171 732 3240 properantem,
759 3171 788 3224 et
810 3165 955 3225 cultellum
972 3167 1092 3245 longum
1113 3173 1142 3230 in

106 3267 196 3310 manu
216 3257 375 3325 tenentem,
410 3251 639 3326 sequebaturque
661 3269 726 3311 eum
749 3255 826 3310 oanis
853 3270 975 3329 maguus
1005 3261 1034 3314 et
1054 3260 1142 3334 niger.

107 3337 174 3412 Quo
202 3339 265 3396 viso
295 3341 470 3399 contremuit.
522 3337 583 3397 Neo
605 3339 715 3397 mirum
757 3339 809 3397 Ille
840 3356 906 3398 vero
935 3340 1057 3402 multum
1085 3348 1141 3405 im-

23 3451 27 3456 ¹
106 3431 229 3500 petuose
265 3413 383 3499 arreptis
416 3413 475 3482 eius'r
503 3418 674 3500 genitalibus
702 3424 838 3500 abscidit,
871 3428 992 3501 canique
1017 3433 1143 3506 proiecit.

108 3509 192 3587 Quae
206 3526 275 3568 mox
291 3507 366 3589 ille⁵)
382 3511 538 3571 devoravit.
569 3511 715 3588 Evigilans
728 3518 824 3571 autern
839 3513 1005 3574 exhorrere
1019 3520 1145 3594 visionis,

108 3597 232 3674 putabat
253 3613 284 3655 se
305 3596 391 3656 fuisse
414 3595 638 3658 eunuchizatum
683 3597 767 3676 Quod
788 3616 890 3659 revera
910 3603 952 3658 ita
968 3611 1049 3677 erat,
1071 3611 1100 3664 et
1121 3608 1145 3663 si

101 3781 104 3786 ’
130 3770 161 3836 1)
180 3766 234 3818 Cor.
253 3768 289 3828 ll,
315 3767 361 3828 12,
387 3769 411 3818 7.
431 3797 460 3807 -
480 3767 512 3835 2)
529 3765 608 3818 Judic.
634 3769 665 3832 3,
689 3769 713 3819 4.
733 3797 765 3806 -
790 3767 822 3835 *J
839 3767 929 3818 Homil.
948 3767 966 3820 l.
986 3786 1010 3836 p.
1031 3771 1089 3840 111.
1111 3802 1141 3810 -

184 3837 214 3904 3)
231 3836 327 3888 multo
346 3835 393 3886 add
412 3837 439 3892 B.
459 3866 489 3876 -
509 3837 540 3904 4)
559 3837 629 3888 Dani.
650 3839 691 3901 13,
710 3838 750 3890 60.
771 3864 802 3876 *-
821 3837 853 3904 5)
871 3836 936 3890 ACD
954 3837 1012 3890 ille
1032 3856 1107 3891 mox.

772 3911 885 3982 ·12
