2594 4302
195 295 262 394 rer
455 350 457 356 ,
512 291 774 358 nrsnnmno
794 291 906 356 nour

197 414 271 478 illas.
314 413 399 493 Quod
421 432 487 476 cum
506 414 553 476 ille
574 416 703 492 fecisset,
731 421 760 477 et
780 412 869 496 una')
890 417 985 476 minus
1006 413 1176 492 reperisset,
1204 430 1238 473 ex

198 504 286 564 nimio
313 509 421 563 terrore
451 519 529 578 pene
545 517 645 564 amens
667 503 799 580 effectus,
820 505 925 564 corruit
946 508 976 562 et
996 499 1084 562 flevit
1128 499 1240 560 Ormcta

198 588 339 666 siquidem
360 588 524 666 firmacula,
550 595 611 649 tam
633 591 727 648 scrinii
748 607 835 666 quam
856 589 959 664 pixidis
980 588 1063 648 salva
1082 589 1240 649 invenerat.

198 675 282 736 Tunc
305 693 371 736 eum
391 675 497 736 lomina
518 674 666 736 consolata
674 673 709 756 ²),
736 673 804 752 quid
826 673 930 736 viderit
950 675 998 735 vel
1020 673 1089 752 quid
1118 673 1155 734 de
1183 674 1240 732 ho-

198 765 254 824 stia
276 769 373 822 actum
394 764 431 822 sit
452 765 596 838 exposuit,
624 779 743 822 monens
771 779 808 822 nc
831 761 867 822 de
888 768 984 822 cetero
1006 767 1126 821 etanta
1148 762 1242 838 gratia

198 856 259 910 tam
279 849 435 910 vehemens
459 847 631 909 desiderium
651 848 810 926 repelleret
852 849 935 912 Haeo
956 848 1040 909 nobis
1061 847 1154 907 relata
1175 854 1242 906 sunt

198 953 217 996 a
231 935 366 1020 dohanne
380 935 523 1012 monacbo
535 942 634 997 nostro
642 933 673 1016 ⁸),
695 937 744 1011 qui
767 934 869 996 eodem
883 942 1013 1011 ternpore
1035 931 1071 994 de
1092 934 1243 1010 praedicta

198 1021 267 1084 villa
294 1025 425 1097 veniens,
454 1024 594 1084 veraciter
623 1039 658 1082 ea
678 1021 785 1082 ibidem
806 1024 960 1100 contigisse
982 1023 1126 1098 cognovit
1169 1019 1242 1081 ΝΟ·
1282 1075 1283 1102 ,

197 1107 347 1170 VIOIUS:
375 1108 532 1170 Benedicta
561 1110 598 1169 sit
626 1109 716 1186 gloria
737 1109 854 1168 Domini
880 1109 915 1169 da
936 1108 1002 1168 loco
1023 1114 1123 1168 sancto
1147 1105 1242 1188 suo⁴).

197 1194 434 1256 MONAOHUS:
455 1194 520 1255 Non
541 1197 658 1258 minoris
686 1195 795 1273 gloriae
817 1201 861 1258 est
890 1195 968 1273 quod
999 1196 1144 1271 sequitur,
1167 1201 1198 1254 at
1220 1198 1242 1254 si

197 1300 256 1345 uon
277 1288 338 1344 tam
358 1281 549 1344 manifestum.

515 1489 754 1581 ,cnrrrmuu
774 1489 926 1552 xxxm.

221 1611 305 1682 ,lum
328 1614 364 1674 dc
384 1611 573 1690 Hildcpundc
594 1613 687 1674 vidua
716 1631 810 1690 quam
832 1611 964 1674 maurus
983 1631 1039 1690 per
1059 1629 1090 1673 se
1109 1615 1213 1690 meum
1282 1567 1283 1580 χ

603 1702 839 1760 omnm-unicauit.

262 1835 298 1898 In
325 1835 395 1898 villa
422 1830 615 1918 Lubbelare⁸)
643 1853 718 1914 quae
747 1836 860 1898 duobus
888 1829 1085 1920 milliaribus‘)
1109 1835 1243 1898 distata

201 1922 336 2001 Colonia,
356 1923 444 1985 vidua
465 1921 608 2001 quaedam
628 1923 751 1984 honesta
773 1930 802 1984 et
823 1923 958 2001 religiosa
980 1929 1055 1999 erat,
1076 1921 1243 2002 Hildegun·

201 2009 245 2071 dis
276 2013 406 2088 nomine,
441 2013 535 2071 amica
567 2010 674 2071 domini
702 2010 820 2070 Henrici
847 2009 972 2070 Abbatis
1010 2012 1107 2069 nostri.
1158 2009 1244 2072 Haec

199 2113 279 2158 more
291 2097 365 2158 illius
379 2096 483 2158 viduae
500 2097 683 2174 evangelicae
696 2113 770 2174 pene
780 2115 928 2173 nunquam
946 2095 1099 2156 recedebat
1114 2095 1152 2156 da
1166 2103 1244 2158 tenr-

199 2182 258 2262 plo,
277 2187 388 2246 ieiuniis
410 2190 439 2245 et
453 2185 697 2245 obsecrationibus
711 2187 838 2244 serviens
852 2180 956 2264 Deo').
986 2183 1125 2244 Habebat
1144 2191 1244 2244 autern

199 2271 290 2330 lilium
310 2271 429 2332 militem
454 2272 589 2330 iuvenem
609 2273 724 2331 nomine
745 2270 948 2345 wilhelmum,
975 2287 994 2329 a
1016 2287 1073 2346 quo
1094 2270 1246 2332 modicum

171 2403 176 2414 .
201 2360 228 2420 ci
251 2357 470 2435 impendebatur
490 2358 620 2433 honoris,
650 2359 754 2418 amoris
777 2355 834 2438 etl)
857 2355 1067 2418 consolationis.
1110 2356 1150 2418 Et
1177 2375 1244 2418 cum

199 2444 370 2520 abundaret,
389 2446 538 2536 immemor
558 2451 687 2520 naturae,
709 2445 820 2504 sinebat
839 2443 918 2504 illam
940 2459 1032 2521 egere,
1053 2441 1153 2504 multis
1177 2463 1244 2506 mo-

201 2529 245 2592 dis
277 2548 341 2591 eam
363 2543 543 2607 exasperans.
585 2531 651 2592 Non
674 2538 718 2592 cst
738 2530 904 2592 recordatus
925 2532 1084 2607 scripturae
1105 2530 1242 2592 dicentis:
1282 2517 1283 2584 Ῐ

199 2617 375 2678 Maledictus
390 2635 410 2676 a
422 2618 488 2677 Deo
511 2619 563 2695 qui
585 2625 741 2695 acceperat
761 2625 888 2677 matrem
896 2615 929 2696 ⁹).
972 2615 1082 2678 Similia
1101 2632 1244 2695 perpessa
1282 2693 1283 2696 Ἴ

200 2711 245 2765 est
265 2723 284 2764 a
303 2723 393 2780 nuru,
423 2720 512 2764 uxore
527 2701 557 2785 ¹⁰)
578 2705 638 2763 filii.
681 2703 763 2781 Quae
786 2721 852 2764 cum
871 2703 1028 2779 infirmata,
1051 2702 1089 2764 ad
1112 2711 1245 2766 extrema

200 2789 377 2868 devenisset,
403 2789 577 2867 dixissetque
606 2783 738 2851 an'cillae:
770 2791 831 2850 Fac
859 2808 905 2852 mc
931 2790 1039 2851 habere
1060 2791 1245 2853 sacerdot'em

199 2882 233 2938 nt
254 2879 476 2954 communicem
494 2877 543 2937 illa
555 2877 646 2938 verba
667 2880 727 2938 cius
742 2876 842 2938 detrrlit
855 2877 893 2937 cd
913 2895 1018 2938 nurum
1039 2875 1152 2939 dicens:
1177 2879 1245 2939 Do-

199 2954 278 3025 mina
290 2981 356 3024 mea
367 2967 440 3041 petit
452 2964 638 3040 sacerdotem.
673 2963 725 3023 Cui
735 2963 784 3024 ille
801 2962 1063 3025 substomachando
1077 2967 1244 3041 respondit:

198 3049 234 3111 In
261 3049 445 3112 hebdomada
464 3054 520 3111 iata
540 3054 651 3128 accepit
671 3068 774 3128 corpus
795 3051 927 3127 Domini,
960 3057 1104 3112 ettamen
1125 3051 1246 3114 videtur

198 3137 270 3197 milri
296 3135 374 3216 quod
401 3137 497 3198 adhue
522 3140 611 3199 vivat.
652 3137 692 3197 Dt
718 3137 822 3205 adiecit
842 3137 1029 3215 indignando:
1057 3137 1143 3200 Vade
1166 3157 1247 3202 voca

197 3223 288 3285 illum.
330 3224 388 3302 Qui
409 3241 475 3285 cnm
503 3227 629 3286 venisset
656 3242 722 3285 cnm
751 3242 870 3302 corpore
897 3224 1030 3301 Domini,
1051 3225 1091 3285 ait
1110 3223 1244 3287 infirma:

200 3310 297 3388 Quare
317 3314 435 3372 venistis
457 3311 592 3372 domine?
613 3311 815 3388 Respondenta
833 3309 1001 3388 sacerdota,
1023 3317 1056 3371 ut
1076 3316 1247 3373 communi-

199 3415 265 3459 cem
284 3415 353 3476 vos,
374 3399 699 3475 respondit:.Dominus
719 3415 802 3459 meus
824 3401 905 3458 cuius
926 3415 1030 3476 corpus
1050 3400 1155 3474 petivi,
1183 3402 1246 3461 iarn

198 3483 247 3546 bic
273 3484 328 3546 suit
354 3485 594 3563 praesentialiter,
627 3491 656 3546 et
683 3488 742 3546 suis
770 3487 902 3546 manibus
930 3498 978 3546 me
1006 3487 1247 3548 communicavit.

218 3669 250 3740 l)
267 3669 313 3724 BC
329 3685 429 3724 unam.
453 3701 484 3712 -
503 3669 584 3740 2)'D
607 3672 780 3725 consolata
808 3679 867 3725 est.
885 3701 916 3712 -
941 3672 973 3741 3)
995 3670 1018 3725 Β
1041 3687 1056 3723 a
1079 3673 1245 3726 monachu

269 3748 384 3792 nostro
412 3739 578 3794 Caesario.
598 3769 629 3782 —
656 3743 689 3810 4)
707 3741 799 3794 Eneclr.
818 3743 847 3808 3,
872 3741 913 3794 12.
934 3771 963 3782 -
989 3741 1021 3810 5)
1043 3741 1134 3795 tritu.
1154 3772 1190 3783 -
1211 3744 1244 3811 6)

269 3807 360 3862 ΔΒῦΡ
377 3809 558 3862 milliariis.
572 3840 602 3852 -
621 3811 654 3878 7)
671 3811 729 3864 buc.
748 3812 774 3876 2,
791 3813 834 3865 37.
854 3841 884 3852 -
904 3810 936 3879 8)
954 3809 976 3864 C
993 3811 1141 3880 ant—9)
1161 3811 1242 3866 Eccli

270 3875 297 3942 8,
314 3877 355 3930 le.
376 3907 406 3918 -
426 3878 476 3948 10)
494 3877 515 3932 G
533 3880 664 3932 scilicet
681 3895 791 3933 uxore.
1005 3899 1011 3914 ⁸
