2654 4308
455 269 510 332 Du
530 269 686 333 saucia
703 271 844 334 MARIA.

458 462 691 524 carruvium
718 461 843 544 xuvn.
913 540 918 547 .

127 583 176 642 De
197 585 343 643 monacho
364 585 484 657 medico,
506 589 555 644 cui
575 593 681 644 sancto
695 585 798 644 Maria
818 588 851 643 ia
872 583 961 642 choro
976 583 1167 640 electuarium

215 688 304 729 suum
327 674 428 746 primo
449 675 577 746 aequavit,
601 679 629 731 et
644 679 752 748 postca
774 671 928 730 amendato
950 669 1081 728 donavit.

192 808 262 868 Fuit
293 810 322 866 in
358 808 457 868 ordine
491 816 588 868 nostro
619 809 735 885 quidam
762 809 914 885 physicus,
944 809 1036 883 magis
1065 807 1165 866 habitu

126 911 216 969 quam
230 901 298 954 actu
308 896 474 971 monachus,
489 898 639 956 occasione
651 896 809 955 medicinae
821 913 873 971 per
883 897 1045 970 provincias
1056 892 1167 953 discur-

124 997 202 1056 rens,
225 988 254 1039 ot
274 983 322 1041 vix
344 1000 471 1057 unquam
485 985 539 1041 nisi
560 985 588 1040 iu
609 985 769 1059 praecipuis
790 982 991 1041 festivitatibus
1012 979 1050 1039 ad
1063 997 1166 1039 mona-

124 1069 245 1126 sterium
266 1074 421 1130 revertens.
452 1069 487 1126 ln
508 1068 634 1145 quadarn
647 1077 764 1129 sanctae
777 1069 834 1128 Dei
849 1067 999 1128 Genitn'cis
1020 1066 1167 1126 sollemni·

108 1159 186 1234 ¹tate
220 1171 287 1213 cum
313 1162 398 1214 nocte
425 1161 514 1214 staret
543 1174 609 1215 cum
630 1156 692 1216 aliis
714 1155 752 1216 ad
773 1153 967 1232 psallendum,
991 1155 1055 1229 ipsa
1075 1151 1166 1230 Virgo

125 1240 307 1316 beatissima,
336 1241 427 1300 multa
456 1241 583 1302 claritate
613 1243 799 1318 circumfusa,
828 1241 947 1302 chomm
968 1241 1030 1317 ipso
1051 1239 1166 1300 vidente

124 1329 252 1402 intravit,
273 1327 428 1404 psallentes
450 1331 586 1404 circuivit,
609 1336 637 1388 et
659 1329 695 1390 de
711 1329 807 1405 pixide
825 1345 912 1404 quam
934 1331 963 1386 in
984 1344 1072 1386 manu
1095 1343 1166 1402 por·
1247 1381 1249 1394 ‚

124 1414 222 1490 tabat,
244 1413 428 1474 electuarium
449 1433 501 1491 per
522 1415 633 1475 coclear
654 1417 802 1490 hauriens,
823 1413 941 1491 singulis
961 1417 992 1473 in
1013 1431 1046 1474 os
1068 1415 1165 1472 mitte-

125 1500 186 1560 bat.
229 1499 278 1559 Ad
298 1503 393 1577 ipsum
421 1519 490 1562 vero
519 1505 652 1576 veniens,
682 1520 747 1562 oum
775 1504 958 1578 pertransiret
987 1507 1016 1562 et
1044 1500 1165 1560 diceret:

125 1587 222 1647 Tude
243 1604 309 1647 meo
330 1587 483 1648 electuario
505 1605 562 1647 non
583 1588 701 1665 indiges,
724 1591 791 1665 quia
812 1589 940 1648 medicus
962 1605 1003 1662 es,
1026 1593 1055 1647 et
1075 1586 1165 1662 pluri-

125 1692 189 1734 mas
211 1675 263 1732 tibi
283 1675 425 1750 impendis
448 1676 671 1751 consolationem
692 1675 739 1734 ille
760 1677 847 1735 tristis
860 1681 1054 1734 transeuntem
1075 1673 1166 1733 oculis

124 1762 301 1838 sequebatur
317 1759 349 1842 ¹),
378 1760 493 1836 culpam
519 1762 752 1840 recognoscens.'
779 1761 827 1821 Ab
856 1761 904 1820 illo
934 1764 1009 1820 enim
1037 1766 1165 1836 tempore

124 1865 183 1909 non
211 1850 266 1906 nisi
292 1865 345 1924 per
370 1848 562 1908 obedentiam
584 1855 701 1908 coactus
723 1849 759 1909 de
780 1850 954 1908 monasterio
976 1846 1072 1924 egredi
1094 1863 1165 1907 con-

124 1930 229 2011 sentit3
263 1952 362 1995 omues
395 1935 557 2010 corporales
586 1934 793 1996 consolationes
821 1935 877 1994 sibi
903 1935 1081 2009 temperavit
1130 1933 1165 1992 Iu

124 2023 257 2098 proxima
283 2038 337 2083 sua
363 2021 554 2081 sollemnitate
573 2023 700 2082 Domina
727 2028 825 2082 nostra
845 2020 991 2096 praedicto
1013 2019 1098 2080 modo
1119 2019 1164 2077 f·

124 2109 220 2169 mulos
249 2125 317 2168 suos
345 2109 479 2184 visitans,
506 2116 661 2184 postquam
689 2109 727 2168 ad
753 2107 896 2167 medicum
924 2109 1016 2182 venit,
1044 2106 1165 2184 gradum

124 2195 187 2254 fixit
209 2201 239 2254 et
259 2196 313 2255 ait:
337 2194 413 2270 Quia
434 2202 463 2255 te
484 2187 656 2271 emendasti,
671 2198 737 2256 'tuis
758 2194 971 2255 medicamentis
992 2211 1058 2254 mea
1078 2210 1165 2269 prae-

123 2282 227 2357 ferens,
249 2298 317 2341 ecce
339 2281 375 2340 de
396 2299 461 2341 meo
475 2282 628 2343 electuario
649 2285 724 2342 sicut
737 2283 837 2342 ceteris
858 2283 910 2341 tihi
929 2283 1083 2357 impartior.
1117 2280 1164 2340 De

125 2386 183 2444 quo
206 2375 239 2427 ut
259 2371 401 2445 gustavit,
420 2386 487 2428 mox
508 2375 620 2428 tantum
642 2369 799 2429 dulcedinis
821 2387 856 2428 ac
877 2369 1036 2428 devotionis
1059 2383 1164 2428 conce-

124 2458 181 2532 pit,
210 2463 243 2516 ut
264 2455 398 2530 deinceps
420 2455 529 2515 stabilis
550 2458 579 2514 in
602 2459 821 2533 congregatione
842 2461 985 2530 maneret,
1018 2460 1047 2514 et
1068 2455 1165 2514 omnia

9 2545 11 2552 '
123 2543 218 2603 carnis
246 2542 398 2601 commoda
424 2549 561 2617 tanquam
590 2547 715 2603 stercora
727 2540 747 2622 ²)
777 2548 929 2618 reputaret.
971 2541 1164 2602 Electuarium

123 2629 201 2688 istud
222 2631 315 2705 gratia
329 2628 487 2688 devotionis
502 2628 674 2706 intelligitur,
691 2632 776 2690 buius
798 2633 901 2689 virtute
915 2629 1070 2705 psallentes
1092 2645 1164 2688 oon-

123 2717 279 2790 iortantur,
309 2718 389 2774 cuius
412 2715 561 2775 dulcedine
582 2716 664 2776 labor
696 2716 857 2793 vigiliarum
885 2717 1005 2775 vertitur
1032 2718 1061 2773 in
1074 2747 1075 2754 κ
1090 2713 1162 2776 deli·

125 2806 195 2863 cias.
244 2801 339 2861 Huius
361 2805 471 2878 species
504 2805 677 2863 aromaticae
710 2810 776 2863 sunt
797 2805 934 2863 memoria
962 2803 1164 2878 compunctiva

123 2890 295 2950 Dominicae
336 2891 544 2964 conceptionis,
580 2891 751 2964 nativitatis,
792 2895 821 2949 et
854 2889 1028 2965 reliquorum
1064 2905 1163 2947 sacra-

124 2983 287 3037 mentorum
317 2973 435 3050 Christi,
468 2993 542 3051 quae
571 2978 667 3035 omnia
695 2975 831 3036 melliflua
858 2994 910 3052 spe
939 2975 1051 3034 suturae
1078 2976 1162 3034 retri-

125 3065 251 3124 butionis
291 3061 474 3137 condiuntur,
515 3069 543 3120 et
582 3065 688 3122 meritis
723 3064 826 3122 beatae
857 3063 983 3139 Virginis
1014 3061 1162 3137 psallenti-

124 3151 179 3210 bus
216 3149 409 3207 iniunduntur.
442 3141 669 3210 *Noviorum
707 3149 808 3209 Placet
843 3149 922 3226 quod
957 3148 1035 3208 dicis.
1084 3146 1162 3208 Mo-

124 3235 300 3297 NACHUS:
334 3235 420 3312 Quod
451 3235 529 3311 apud
561 3237 677 3296 beatam
710 3235 883 3296 Genitrioem
914 3236 971 3295 Dei
983 3232 1003 3315 ³)
1035 3241 1162 3312 ungenta

124 3325 181 3383 sint
194 3324 333 3396 sanativa,
354 3328 475 3380 testatur
488 3340 611 3398 sponsus
632 3324 661 3380 in
675 3322 799 3382 Cantiois
813 3322 922 3382 dicens:
945 3321 1072 3381 Meliora
1092 3331 1162 3382 suat
1212 3319 1215 3331 ”

124 3409 219 3470 ubera
242 3416 296 3468 tua
317 3411 403 3484 virco5
424 3409 499 3467 odor
511 3416 712 3485 cauponiorum
734 3417 856 3469 tuorum
868 3428 957 3486 super·
974 3412 1076 3468 omma
1089 3427 1160 3469 oro-

124 3492 250 3571 mow⁴).
285 3495 324 3554 Et
344 3497 374 3554 in
394 3493 451 3554 alio
465 3494 530 3555 loco
552 3497 580 3553 in
595 3513 718 3572 persona
738 3495 825 3556 illius:
847 3497 932 3557 Siout
952 3514 1161 3576 cynamomum

143 3769 174 3838 1)
190 3767 213 3822 B
231 3766 473 3834 insequebatur.
494 3797 524 3808 -
544 3767 576 3836 2)
595 3766 700 3839 Philipp.
718 3771 743 3833 3,
761 3770 786 3822 8.
807 3799 836 3810 -
857 3769 889 3838 3)
907 3769 971 3823 ssco
990 3769 1044 3822 Dei
1067 3769 1160 3824 Geni-

193 3839 318 3894 tricem.
337 3865 369 3880 ,-
388 3837 419 3906 t)
437 3837 508 3891 Cant.
527 3839 553 3904 t,
573 3837 613 3892 10.
966 3849 969 3860 ‘
