2628 4310
191 255 254 316 340
461 247 690 313 DISTINOTIO
712 249 956 312 DUODEOIMA

190 381 306 436 secutus
327 379 380 434 est.
423 372 481 450 Qui
502 389 569 433 cum
589 371 681 434 iectus
702 373 803 434 brissei
829 373 1004 449 monachus,
1031 375 1073 434 ita
1100 373 1217 434 distrios
1278 439 1279 464 χ

189 479 222 524 se
242 461 352 536 habuit,
373 462 414 519 its
435 460 586 536 singularis
607 460 670 535 luit,
691 465 725 520 ut
746 462 772 520 ei
789 459 892 521 Abbas
914 463 1035 537 timeret,
1056 467 1086 521 et
1106 477 1156 539 pro
1177 463 1218 520 in-
1278 471 1279 488 ¹

190 549 311 610 dbcrcto
329 548 440 607 fervore
463 549 577 622 saepius
598 553 739 624 argueret.
792 547 845 608 Ille
867 563 936 608 vero
965 548 1138 609 salutaribus
1158 564 1218 608 mo·

189 637 255 696 uitis
275 651 333 695 non
355 636 555 711 acquiescens,
583 635 613 692 iu
635 635 791 709 pertinacia
812 652 865 694 sua
888 637 1099 711 perseveravit,
1127 637 1218 712 sicque

189 730 256 800 post
272 723 382 798 aliquot
403 739 494 780 annos
516 721 666 781 defunctus
688 728 740 780 cst
782 721 874 781 Nocte
896 722 1022 798 quadam
1045 740 1111 782 curn
1124 720 1219 782 Abbas
1279 719 1280 732 ¹

190 817 293 887 quarte
307 811 377 869 seria
399 807 437 867 ad
457 807 558 867 leudes
579 809 609 866 in
630 807 714 867 stallo
736 824 789 868 suo
812 815 909 883 staret,
931 816 960 868 et
982 817 1082 869 cenna
1103 809 1220 886 presby·
1279 805 1280 818 ¹

189 899 291 958 terium
312 897 479 978 respiceret,
507 901 565 954 tres
586 911 723 971 personas
745 897 828 970 quasi
847 901 918 954 tres«
931 896 1066 956 candelas
1094 897 1221 955 ardentes

189 983 227 1044 sd
248 1000 280 1043 se
303 985 398 1043 venire
418 980 626 1056 contemplatus
647 988 699 1040 est.
742 981 855 1059 Quibus
876 985 993 1058 propius
1014 983 1221 1056 accedentibus,
1280 994 1281 1042 l

189 1073 324 1148 cognovit
345 1085 453 1128 omncs.
494 1067 609 1128 Medius
630 1067 684 1126 luit
704 1068 868 1144 praedictus
879 1067 895 1149 ¹)
918 1069 1127 1145 scholasticus,¹
1142 1076 1171 1129 et
1190 1085 1222 1129 ex
1280 1051 1281 1080 ¹

188 1165 310 1233 unoque
333 1159 393 1216 eius
411 1155 500 1215 latere
514 1154 571 1214 duo
595 1157 733 1230 conversi,
755 1171 853 1215 omnes
865 1172 956 1231 nuper
978 1156 1113 1216 defuncti.
1146 1157 1222 1215 Tunc

188 1244 291 1304 Abba·
313 1260 423 1302 memor
435 1244 609 1317 pertinaciae
631 1241 803 1318 scholastici,
823 1245 1010 1320 interrogavit
1025 1260 1093 1303 eum
1114 1243 1221 1304 dicens:

189 1330 341 1408 Quomodo
362 1328 475 1389 habes?
525 1328 729 1409 Respondente
757 1329 820 1404 illo,
849 1330 940 1406 bene;
968 1347 1037 1390 mox
1065 1331 1222 1390 subiunxit:

188 1416 334 1494 Numquid
362 1415 469 1494 aliquid
497 1433 600 1490 passus
630 1433 661 1477 es
688 1432 741 1492 pro
770 1417 963 1476 inobedientia
991 1415 1064 1477 tua?
1115 1417 1222 1490 Etiam,

187 1507 294 1583 inquit,
323 1503 414 1563 multa
437 1510 466 1562 et
486 1505 613 1562 maxima
633 1509 784 1562 tormenta
826 1502 886 1563 Sed
915 1505 983 1579 quia
1010 1506 1133 1564 intentio
1162 1520 1224 1563 mea

94 1631 97 1640 ι
187 1593 265 1654 bona
286 1591 352 1651 licet
372 1591 525 1649 indiscreta
545 1587 675 1668 luerit²),
696 1589 837 1648 Dominus
859 1591 916 1649 mei
935 1592 1070 1650 misertus
1092 1596 1150 1667 est,
1174 1606 1223 1649 uec

187 1698 252 1740 sum
274 1677 434 1737 damnatus.
476 1675 515 1735 Ει
535 1677 576 1736 ait
589 1674 706 1736 Abbas:
728 1675 807 1754 Quid
821 1683 865 1736 est
887 1676 963 1753 quod
984 1679 1039 1737 iste
1061 1693 1224 1750 conversus,

188 1766 276 1844 digito
299 1782 364 1824 eum
386 1764 600 1838 demonstrans,
622 1763 711 1822 altero
733 1762 835 1824 clarior
856 1770 914 1838 est,
937 1765 1086 1840 cumipse
1107 1770 1224 1841 aposta·

187 1855 299 1928 tavent,
321 1859 349 1911 et
371 1851 442 1911 alter
463 1866 611 1926 nunqnam
633 1867 668 1909 ex
691 1866 748 1925 quo
770 1849 809 1909 ad
830 1850 959 1910 ordinem
980 1853 1079 1927 venit,
1099 1852 1224 1928 graviter

189 1937 363 2002 excesserit?
398 1937 558 2012 Respondit
575 1936 750 1997 monachus:
772 1936 848 2013 Quia
869 1939 923 1996 iste
944 1942 1012 2013 post
1031 1936 1150 2013 lapsum
1170 1938 1226 1998 ior·

187 2029 244 2088 tius
266 2029 399 2100 surrexit,
430 2031 458 2084 et
480 2023 570 2084 altero
592 2024 682 2083 multo
703 2024 857 2083 ferventior
881 2023 942 2084 init.
991 2023 1111 2085 Interim
1142 2025 1225 2086 choro

188 2121 322 2176 cantante
343 2111 514 2172 versiculum
523 2109 558 2190 ⁸):
576 2110 672 2170 Pedes
684 2113 866 2171 'sanctorum
886 2128 1011 2171 morum
1032 2111 1181 2186 eeuabd,
1202 2117 1227 2172 et
1283 2152 1284 2173 ι

187 2205 270 2278 impii
283 2203 315 2260 in
331 2198 454 2260 tenebris
468 2194 698 2275 concessant),
720 2197 908 2258 scholasticus
917 2194 937 2277 ⁸)
959 2199 1042 2274 signa
1057 2213 1128 2258 suae
1141 2215 1227 2275 prae-
1283 2189 1284 2198 ’

187 2292 296 2350 seutiae
325 2288 365 2346 ibi
392 2285 551 2360 relinquere
579 2284 693 2359 volens,
728 2284 858 2344 tabulam
884 2285 1008 2361 pedibus
1042 2285 1227 2361 psallentium

187 2377 378 2447 substratam,
400 2379 460 2432 tam
480 2371 590 2430 sortiter
611 2370 691 2432 calce
712 2373 860 2447 percussit,
881 2377 914 2430 ut
934 2372 1119 2449 frangeretur.
1164 2373 1227 2434 Sic-

181 2481 244 2541 .quc
270 2462 415 2538 disparuit.
466 2456 567 2516 Abbas
596 2475 665 2518 vero
694 2459 723 2516 in
751 2460 944 2518 testimoninm
972 2465 1033 2518 tam
1059 2460 1228 2520 manifestae

178 2551 318 2623 pisionis,
348 2544 477 2606 tabulam
504 2545 624 2603 fractam
652 2547 778 2620 reparari
807 2544 855 2604 vel
875 2547 980 2605 mutari
1002 2562 1059 2604 non
1089 2550 1228 2623 penuisit.

186 2633 391 2696 NOVICIUS:
414 2633 475 2710 leta
488 2633 601 2691 recitari
616 2631 754 2690 deberent
773 2631 922 2691 monachis
945 2634 994 2708 qui
1016 2650 1053 2692 ex
1073 2633 1227 2694 indiscreto

186 2724 297 2784 fervore
319 2721 373 2780 sibi
396 2725 425 2778 et
446 2718 508 2778 aliis
529 2717 643 2777 inutiles
657 2717 738 2776 liunt
775 2717 1011 2779 MONACHUS:
1033 2720 1156 2796 Propter
1178 2738 1227 2782 cos

185 2815 303 2872 sanctus
324 2806 499 2866 Benedictus
520 2807 550 2863 in
571 2804 671 2882 regula
693 2805 776 2881 dicit,
808 2812 942 2866 octavum
963 2805 1086 2883 madum
1107 2806 1227 2867 humili-

145 2919 151 2928 *
186 2900 254 2958 tatis
276 2912 355 2969 esse,
381 2900 413 2952 ut
442 2890 511 2950 nihil
532 2898 601 2968 agat
622 2892 781 2952 monachus
802 2894 857 2953 nisi
878 2893 956 2969 quo‘d
978 2893 1137 2954 communis
1161 2911 1227 2954 mo·

186 2985 302 3044 nasterii
315 2979 415 3057 regula
428 2978 476 3038 vel
497 2981 636 3040 maiorum
654 2979 840 3039 cohortantur
854 2979 994 3056 exempla.
1021 2979 1227 3042 novicius:

186 3071 267 3132 Sicut
284 3067 400 3146 quidam
413 3069 443 3125 in
456 3067 549 3142 rigore
571 3081 624 3125 suo
646 3067 730 3126 nimis
750 3073 818 3125 sunt
838 3068 1007 3142 pertinaces,
1027 3069 1069 3128 ita
1089 3067 1138 3127 alii
1158 3085 1227 3128 ver-

186 3159 231 3218 bis
252 3157 300 3217 vel
321 3156 408 3232 signis
430 3155 514 3212 nimis
535 3157 602 3212 sunt
622 3151 711 3213 leves.
754 3151 990 3214 MONAOHUS:
1019 3154 1058 3214 Et
1078 3154 1110 3218 hi
1130 3171 1226 3232 poena

186 3245 265 3323 digni
285 3250 359 3303 sunt.

527 3376 760 3440 CAPITULUM
780 3379 886 3440 XXX.

243 3507 292 3566 De
313 3505 454 3564 Jobanne
475 3503 601 3560 sacruto
629 3501 786 3560 Velamenta·
807 3505 860 3577 qui
881 3505 1024 3578 apparuit
1044 3501 1163 3563 Abbati.

252 3627 378 3688 Sacrista
404 3623 521 3700 quidam
549 3621 627 3699 apud
648 3597 791 3683 Vilarium
819 3623 890 3684 meis
912 3622 1094 3700 temporibus
1123 3623 1224 3684 deluu-

206 3762 237 3831 1)
254 3759 274 3814 C
293 3758 341 3810 add
360 3755 542 3810 monachus.
562 3784 594 3797 -
613 3755 645 3824 2)
663 3754 684 3809 Β
702 3756 783 3824 luit,
807 3755 962 3810 Pluerat.
987 3755 1018 3798 -’-
1044 3757 1076 3826 3)
1094 3757 1114 3810 Β
1137 3756 1222 3810 illum

256 3827 460 3881 versiculum.
480 3856 511 3866 -
531 3825 563 3894 4)
581 3825 644 3896 lleg.
662 3825 682 3891 l,
699 3827 726 3892 2,
743 3826 769 3879 9.
788 3851 820 3874 -ι-
839 3828 872 3896 5)
889 3825 911 3882 0
927 3825 977 3879 add
994 3826 1177 3880 monachus.
