<?xml version="1.0" encoding="UTF-8"?>
<!DOCTYPE html PUBLIC "-//W3C//DTD XHTML 1.0 Transitional//EN"
    "http://www.w3.org/TR/xhtml1/DTD/xhtml1-transitional.dtd">
<html xmlns="http://www.w3.org/1999/xhtml" xml:lang="en" lang="en">
 <head>
  <title>
</title>
<meta http-equiv="Content-Type" content="text/html;charset=utf-8" />
  <meta name='ocr-system' content='tesseract 3.04.00' />
  <meta name='ocr-capabilities' content='ocr_page ocr_carea ocr_par ocr_line ocrx_word'/>
</head>
<body>
  <div class='ocr_page' id='page_1' title='image "./caesariiheister05stragoog/caesariiheister05stragoog_0464.png"; bbox 0 0 2664 4308; ppageno 0'>
   <div class='ocr_carea' id='block_1_1' title="bbox 456 249 1175 378">
    <p class='ocr_par' dir='ltr' id='par_1_1' title="bbox 456 249 1175 378">
     <span class='ocr_line' id='line_1_1' title="bbox 456 249 1175 378; baseline 0.007 -13"><span class='ocrx_word' id='word_1_1' title='bbox 456 297 510 364; x_wconf 83' lang='lat' dir='ltr'><strong>no·</strong></span> <span class='ocrx_word' id='word_1_2' title='bbox 533 249 690 367; x_wconf 75' lang='lat' dir='ltr'><strong>ennom</strong></span> <span class='ocrx_word' id='word_1_3' title='bbox 708 301 851 378; x_wconf 71' lang='lat' dir='ltr'><strong>nomn</strong></span> <span class='ocrx_word' id='word_1_4' title='bbox 1135 312 1175 370; x_wconf 78' lang='lat' dir='ltr'><strong>ar</strong></span> 
     </span>
    </p>
   </div>
   <div class='ocr_carea' id='block_1_2' title="bbox 131 418 1241 942">
    <p class='ocr_par' dir='ltr' id='par_1_2' title="bbox 131 418 1241 942">
     <span class='ocr_line' id='line_1_2' title="bbox 134 418 1176 506; baseline 0.008 -22"><span class='ocrx_word' id='word_1_5' title='bbox 134 418 260 484; x_wconf 80' lang='lat' dir='ltr'><strong>sinilite</strong></span> <span class='ocrx_word' id='word_1_6' title='bbox 290 423 326 484; x_wconf 90' lang='lat' dir='ltr'><strong>de</strong></span> <span class='ocrx_word' id='word_1_7' title='bbox 356 442 446 486; x_wconf 87' lang='lat' dir='ltr'><strong>causa</strong></span> <span class='ocrx_word' id='word_1_8' title='bbox 475 429 579 486; x_wconf 87' lang='lat' dir='ltr'><strong>virium</strong></span> <span class='ocrx_word' id='word_1_9' title='bbox 607 429 662 487; x_wconf 87' lang='lat' dir='ltr'><strong>sihi</strong></span> <span class='ocrx_word' id='word_1_10' title='bbox 690 430 915 504; x_wconf 83' lang='lat' dir='ltr'><strong>subtractarum,</strong></span> <span class='ocrx_word' id='word_1_11' title='bbox 948 429 1095 506; x_wconf 89' lang='lat' dir='ltr'><strong>respondit</strong></span> <span class='ocrx_word' id='word_1_12' title='bbox 1122 432 1176 492; x_wconf 93' lang='lat' dir='ltr'><strong>illi:</strong></span> 
     </span>
     <span class='ocr_line' id='line_1_3' title="bbox 132 511 1176 592; baseline 0.009 -22"><span class='ocrx_word' id='word_1_13' title='bbox 132 511 197 570; x_wconf 87' lang='lat' dir='ltr'><strong>Non</strong></span> <span class='ocrx_word' id='word_1_14' title='bbox 224 523 290 570; x_wconf 85' lang='lat' dir='ltr'><strong>mea</strong></span> <span class='ocrx_word' id='word_1_15' title='bbox 317 514 437 588; x_wconf 89' lang='lat' dir='ltr'><strong>virtute,</strong></span> <span class='ocrx_word' id='word_1_16' title='bbox 466 514 518 573; x_wconf 92' lang='lat' dir='ltr'><strong>sed</strong></span> <span class='ocrx_word' id='word_1_17' title='bbox 539 515 655 592; x_wconf 86' lang='lat' dir='ltr'><strong>gloriosi</strong></span> <span class='ocrx_word' id='word_1_18' title='bbox 675 519 797 576; x_wconf 88' lang='lat' dir='ltr'><strong>nominis</strong></span> <span class='ocrx_word' id='word_1_19' title='bbox 818 517 961 576; x_wconf 89' lang='lat' dir='ltr'><strong>Dominae</strong></span> <span class='ocrx_word' id='word_1_20' title='bbox 983 524 1098 578; x_wconf 86' lang='lat' dir='ltr'><strong>nostrae</strong></span> <span class='ocrx_word' id='word_1_21' title='bbox 1119 518 1176 580; x_wconf 91' lang='lat' dir='ltr'><strong>hoc</strong></span> 
     </span>
     <span class='ocr_line' id='line_1_4' title="bbox 132 597 1241 681; baseline 0.012 -23"><span class='ocrx_word' id='word_1_22' title='bbox 132 603 229 658; x_wconf 88' lang='lat' dir='ltr'><strong>actum</strong></span> <span class='ocrx_word' id='word_1_23' title='bbox 251 603 303 657; x_wconf 83' lang='lat' dir='ltr'><strong>ast</strong></span> <span class='ocrx_word' id='word_1_24' title='bbox 347 597 434 675; x_wconf 83' lang='lat' dir='ltr'><strong>Quod</strong></span> <span class='ocrx_word' id='word_1_25' title='bbox 456 617 522 660; x_wconf 92' lang='lat' dir='ltr'><strong>cum</strong></span> <span class='ocrx_word' id='word_1_26' title='bbox 542 603 670 661; x_wconf 76' lang='lat' dir='ltr'><strong>audisset</strong></span> <span class='ocrx_word' id='word_1_27' title='bbox 690 603 745 678; x_wconf 89' lang='lat' dir='ltr'><strong>illc,</strong></span> <span class='ocrx_word' id='word_1_28' title='bbox 768 606 882 662; x_wconf 88' lang='lat' dir='ltr'><strong>territus</strong></span> <span class='ocrx_word' id='word_1_29' title='bbox 904 609 956 680; x_wconf 88' lang='lat' dir='ltr'><strong>est,</strong></span> <span class='ocrx_word' id='word_1_30' title='bbox 977 622 1030 664; x_wconf 91' lang='lat' dir='ltr'><strong>nec</strong></span> <span class='ocrx_word' id='word_1_31' title='bbox 1053 605 1177 681; x_wconf 89' lang='lat' dir='ltr'><strong>amplius</strong></span> <span class='ocrx_word' id='word_1_32' title='bbox 1238 665 1241 671; x_wconf 94' lang='lat'>.</span> 
     </span>
     <span class='ocr_line' id='line_1_5' title="bbox 132 683 1177 766; baseline 0.01 -24"><span class='ocrx_word' id='word_1_33' title='bbox 132 683 264 744; x_wconf 88' lang='lat' dir='ltr'><strong>adulterii</strong></span> <span class='ocrx_word' id='word_1_34' title='bbox 290 687 413 745; x_wconf 84' lang='lat' dir='ltr'><strong>verbnm</strong></span> <span class='ocrx_word' id='word_1_35' title='bbox 441 686 479 746; x_wconf 92' lang='lat' dir='ltr'><strong>ad</strong></span> <span class='ocrx_word' id='word_1_36' title='bbox 507 688 585 747; x_wconf 84' lang='lat' dir='ltr'><strong>illem</strong></span> <span class='ocrx_word' id='word_1_37' title='bbox 613 689 707 750; x_wconf 89' lang='lat' dir='ltr'><strong>lacere</strong></span> <span class='ocrx_word' id='word_1_38' title='bbox 728 693 928 766; x_wconf 80' lang='lat' dir='ltr'><strong>praesumpsit.</strong></span> <span class='ocrx_word' id='word_1_39' title='bbox 971 690 1177 752; x_wconf 82' lang='lat' dir='ltr'><strong>NOVIGIUS:</strong></span> 
     </span>
     <span class='ocr_line' id='line_1_6' title="bbox 131 771 1176 853; baseline 0.008 -23"><span class='ocrx_word' id='word_1_40' title='bbox 131 771 321 832; x_wconf 89' lang='lat' dir='ltr'><strong>Benedictum</strong></span> <span class='ocrx_word' id='word_1_41' title='bbox 343 775 380 832; x_wconf 91' lang='lat' dir='ltr'><strong>sit</strong></span> <span class='ocrx_word' id='word_1_42' title='bbox 400 791 505 834; x_wconf 91' lang='lat' dir='ltr'><strong>nomen</strong></span> <span class='ocrx_word' id='word_1_43' title='bbox 526 774 645 834; x_wconf 88' lang='lat' dir='ltr'><strong>Mariae.</strong></span> <span class='ocrx_word' id='word_1_44' title='bbox 688 775 924 837; x_wconf 82' lang='lat' dir='ltr'><strong>MONACHUS:</strong></span> <span class='ocrx_word' id='word_1_45' title='bbox 954 777 1039 853; x_wconf 86' lang='lat' dir='ltr'><strong>Quod</strong></span> <span class='ocrx_word' id='word_1_46' title='bbox 1061 779 1176 838; x_wconf 88' lang='lat' dir='ltr'><strong>vincula</strong></span> 
     </span>
     <span class='ocr_line' id='line_1_7' title="bbox 132 858 1175 942; baseline 0.007 -25"><span class='ocrx_word' id='word_1_47' title='bbox 132 858 280 919; x_wconf 86' lang='lat' dir='ltr'><strong>solvantur</strong></span> <span class='ocrx_word' id='word_1_48' title='bbox 302 860 363 919; x_wconf 86' lang='lat' dir='ltr'><strong>eius</strong></span> <span class='ocrx_word' id='word_1_49' title='bbox 384 862 505 937; x_wconf 89' lang='lat' dir='ltr'><strong>virtute,</strong></span> <span class='ocrx_word' id='word_1_50' title='bbox 537 865 623 922; x_wconf 90' lang='lat' dir='ltr'><strong>etiam</strong></span> <span class='ocrx_word' id='word_1_51' title='bbox 639 859 656 942; x_wconf 78' lang='lat'><strong>¹)</strong></span> <span class='ocrx_word' id='word_1_52' title='bbox 685 881 737 939; x_wconf 91' lang='lat' dir='ltr'><strong>per</strong></span> <span class='ocrx_word' id='word_1_53' title='bbox 759 863 922 941; x_wconf 85' lang='lat' dir='ltr'><strong>axcmplnm</strong></span> <span class='ocrx_word' id='word_1_54' title='bbox 943 866 995 923; x_wconf 93' lang='lat' dir='ltr'><strong>tihi</strong></span> <span class='ocrx_word' id='word_1_55' title='bbox 1016 865 1175 925; x_wconf 84' lang='lat' dir='ltr'><strong>ostendam.</strong></span> 
     </span>
    </p>
   </div>
   <div class='ocr_carea' id='block_1_3' title="bbox 416 1051 855 1121">
    <p class='ocr_par' dir='ltr' id='par_1_3' title="bbox 416 1051 855 1121">
     <span class='ocr_line' id='line_1_8' title="bbox 416 1051 855 1121; baseline 0.005 -9"><span class='ocrx_word' id='word_1_56' title='bbox 416 1112 420 1121; x_wconf 81' lang='grc'>,</span> <span class='ocrx_word' id='word_1_57' title='bbox 452 1051 684 1114; x_wconf 82' lang='lat' dir='ltr'><strong>GAPITULUM</strong></span> <span class='ocrx_word' id='word_1_58' title='bbox 705 1055 855 1114; x_wconf 84' lang='lat' dir='ltr'>XXVIH.</span> 
     </span>
    </p>
   </div>
   <div class='ocr_carea' id='block_1_4' title="bbox 205 1175 1104 1340">
    <p class='ocr_par' dir='ltr' id='par_1_4' title="bbox 205 1175 1104 1340">
     <span class='ocr_line' id='line_1_9' title="bbox 205 1175 1104 1248; baseline 0.002 -14"><span class='ocrx_word' id='word_1_59' title='bbox 205 1175 253 1234; x_wconf 88' lang='lat' dir='ltr'><strong>Dc</strong></span> <span class='ocrx_word' id='word_1_60' title='bbox 277 1175 454 1235; x_wconf 74' lang='lat' dir='ltr'><strong>llrcodcaico</strong></span> <span class='ocrx_word' id='word_1_61' title='bbox 476 1177 582 1248; x_wconf 82' lang='lat' dir='ltr'><strong>milite,</strong></span> <span class='ocrx_word' id='word_1_62' title='bbox 604 1180 688 1236; x_wconf 81' lang='lat' dir='ltr'><strong>cuiue</strong></span> <span class='ocrx_word' id='word_1_63' title='bbox 709 1179 830 1236; x_wconf 82' lang='lat' dir='ltr'><strong>vincalo</strong></span> <span class='ocrx_word' id='word_1_64' title='bbox 852 1182 962 1238; x_wconf 80' lang='lat' dir='ltr'><strong>meritis</strong></span> <span class='ocrx_word' id='word_1_65' title='bbox 983 1185 1104 1238; x_wconf 79' lang='lat' dir='ltr'><strong>sanctae</strong></span> 
     </span>
     <span class='ocr_line' id='line_1_10' title="bbox 473 1261 835 1340; baseline 0.008 -19"><span class='ocrx_word' id='word_1_66' title='bbox 473 1261 592 1328; x_wconf 78' lang='lat' dir='ltr'><strong>Mariae</strong></span> <span class='ocrx_word' id='word_1_67' title='bbox 614 1263 735 1340; x_wconf 67' lang='lat' dir='ltr'><strong>dirupto</strong></span> <span class='ocrx_word' id='word_1_68' title='bbox 757 1272 835 1324; x_wconf 82' lang='lat' dir='ltr'><strong>auat.</strong></span> 
     </span>
    </p>
   </div>
   <div class='ocr_carea' id='block_1_5' title="bbox 128 1366 1293 1638">
    <p class='ocr_par' dir='ltr' id='par_1_5' title="bbox 128 1366 1293 1638">
     <span class='ocr_line' id='line_1_11' title="bbox 195 1366 1293 1462; baseline 0.005 -21"><span class='ocrx_word' id='word_1_69' title='bbox 195 1381 308 1442; x_wconf 85' lang='lat' dir='ltr'><strong>Eodem</strong></span> <span class='ocrx_word' id='word_1_70' title='bbox 328 1366 458 1459; x_wconf 83' lang='lat' dir='ltr'><strong>tempore</strong></span> <span class='ocrx_word' id='word_1_71' title='bbox 480 1401 536 1460; x_wconf 90' lang='lat' dir='ltr'><strong>quo</strong></span> <span class='ocrx_word' id='word_1_72' title='bbox 560 1383 691 1444; x_wconf 89' lang='lat' dir='ltr'><strong>dominus</strong></span> <span class='ocrx_word' id='word_1_73' title='bbox 711 1385 895 1462; x_wconf 87' lang='lat' dir='ltr'><strong>Engilbcrtns</strong></span> <span class='ocrx_word' id='word_1_74' title='bbox 915 1385 1095 1446; x_wconf 80' lang='lat' dir='ltr'><strong>Coloniensis</strong></span> <span class='ocrx_word' id='word_1_75' title='bbox 1116 1385 1176 1446; x_wconf 78' lang='lat' dir='ltr'><strong>Ar·</strong></span> <span class='ocrx_word' id='word_1_76' title='bbox 1292 1421 1293 1426; x_wconf 20' lang='grc' dir='ltr'><strong>κ</strong></span> 
     </span>
     <span class='ocr_line' id='line_1_12' title="bbox 130 1469 1202 1550; baseline 0.003 -20"><span class='ocrx_word' id='word_1_77' title='bbox 130 1469 331 1546; x_wconf 88' lang='lat' dir='ltr'><strong>chiepiscopus</strong></span> <span class='ocrx_word' id='word_1_78' title='bbox 348 1470 511 1530; x_wconf 89' lang='lat' dir='ltr'><strong>aedificavit</strong></span> <span class='ocrx_word' id='word_1_79' title='bbox 533 1477 658 1530; x_wconf 82' lang='lat' dir='ltr'><strong>castrum</strong></span> <span class='ocrx_word' id='word_1_80' title='bbox 679 1474 708 1530; x_wconf 90' lang='lat' dir='ltr'><strong>in</strong></span> <span class='ocrx_word' id='word_1_81' title='bbox 721 1473 908 1550; x_wconf 86' lang='lat' dir='ltr'><strong>Furstinherg</strong></span> <span class='ocrx_word' id='word_1_82' title='bbox 931 1480 1030 1533; x_wconf 90' lang='lat' dir='ltr'><strong>contra</strong></span> <span class='ocrx_word' id='word_1_83' title='bbox 1049 1475 1176 1533; x_wconf 90' lang='lat' dir='ltr'><strong>nobilem</strong></span> <span class='ocrx_word' id='word_1_84' title='bbox 1200 1522 1202 1526; x_wconf 93' lang='lat'>.</span> 
     </span>
     <span class='ocr_line' id='line_1_13' title="bbox 128 1555 1175 1638; baseline 0.005 -22"><span class='ocrx_word' id='word_1_85' title='bbox 128 1560 224 1616; x_wconf 90' lang='lat' dir='ltr'><strong>virum</strong></span> <span class='ocrx_word' id='word_1_86' title='bbox 244 1556 404 1616; x_wconf 86' lang='lat' dir='ltr'><strong>Gerardum</strong></span> <span class='ocrx_word' id='word_1_87' title='bbox 427 1557 462 1617; x_wconf 89' lang='lat' dir='ltr'><strong>de</strong></span> <span class='ocrx_word' id='word_1_88' title='bbox 484 1557 621 1617; x_wconf 89' lang='lat' dir='ltr'><strong>Bruhach</strong></span> <span class='ocrx_word' id='word_1_89' title='bbox 629 1555 660 1638; x_wconf 86' lang='lat'><strong>²),</strong></span> <span class='ocrx_word' id='word_1_90' title='bbox 681 1561 792 1618; x_wconf 89' lang='lat' dir='ltr'><strong>iuvenis</strong></span> <span class='ocrx_word' id='word_1_91' title='bbox 815 1560 931 1634; x_wconf 89' lang='lat' dir='ltr'><strong>quidam</strong></span> <span class='ocrx_word' id='word_1_92' title='bbox 952 1560 1034 1620; x_wconf 90' lang='lat' dir='ltr'><strong>miles</strong></span> <span class='ocrx_word' id='word_1_93' title='bbox 1056 1561 1091 1620; x_wconf 90' lang='lat' dir='ltr'><strong>de</strong></span> <span class='ocrx_word' id='word_1_94' title='bbox 1114 1564 1175 1621; x_wconf 91' lang='lat' dir='ltr'><strong>eius</strong></span> 
     </span>
    </p>
   </div>
   <div class='ocr_carea' id='block_1_6' title="bbox 129 1639 1280 1722">
    <p class='ocr_par' dir='ltr' id='par_1_6' title="bbox 129 1639 1280 1722">
     <span class='ocr_line' id='line_1_14' title="bbox 129 1639 1280 1722; baseline 0.005 -20"><span class='ocrx_word' id='word_1_95' title='bbox 129 1645 272 1718; x_wconf 86' lang='lat' dir='ltr'><strong>exercitu,</strong></span> <span class='ocrx_word' id='word_1_96' title='bbox 294 1643 488 1704; x_wconf 85' lang='lat' dir='ltr'><strong>Theodericus</strong></span> <span class='ocrx_word' id='word_1_97' title='bbox 509 1647 639 1721; x_wconf 91' lang='lat' dir='ltr'><strong>nomine,</strong></span> <span class='ocrx_word' id='word_1_98' title='bbox 660 1645 754 1705; x_wconf 84' lang='lat' dir='ltr'><strong>lacere</strong></span> <span class='ocrx_word' id='word_1_99' title='bbox 777 1647 831 1705; x_wconf 90' lang='lat' dir='ltr'><strong>sibi</strong></span> <span class='ocrx_word' id='word_1_100' title='bbox 853 1648 953 1706; x_wconf 90' lang='lat' dir='ltr'><strong>volens</strong></span> <span class='ocrx_word' id='word_1_101' title='bbox 974 1639 1087 1722; x_wconf 86' lang='lat' dir='ltr'><strong>nomen,</strong></span> <span class='ocrx_word' id='word_1_102' title='bbox 1108 1653 1175 1708; x_wconf 89' lang='lat' dir='ltr'><strong>ante</strong></span> <span class='ocrx_word' id='word_1_103' title='bbox 1277 1665 1280 1674; x_wconf 62' lang='lat'><em>⁴</em></span> 
     </span>
    </p>
   </div>
   <div class='ocr_carea' id='block_1_7' title="bbox 111 1731 1175 3635">
    <p class='ocr_par' dir='ltr' id='par_1_7' title="bbox 111 1731 1254 3635">
     <span class='ocr_line' id='line_1_15' title="bbox 127 1731 1175 1808; baseline 0.006 -20"><span class='ocrx_word' id='word_1_104' title='bbox 127 1731 207 1790; x_wconf 91' lang='lat' dir='ltr'><strong>idem</strong></span> <span class='ocrx_word' id='word_1_105' title='bbox 242 1737 367 1790; x_wconf 84' lang='lat' dir='ltr'><strong>castrum</strong></span> <span class='ocrx_word' id='word_1_106' title='bbox 401 1737 503 1806; x_wconf 91' lang='lat' dir='ltr'><strong>captus</strong></span> <span class='ocrx_word' id='word_1_107' title='bbox 537 1737 588 1790; x_wconf 90' lang='lat' dir='ltr'><strong>est.</strong></span> <span class='ocrx_word' id='word_1_108' title='bbox 639 1731 698 1790; x_wconf 88' lang='lat' dir='ltr'><strong>Dia</strong></span> <span class='ocrx_word' id='word_1_109' title='bbox 730 1732 836 1792; x_wconf 84' lang='lat' dir='ltr'><strong>ibidem</strong></span> <span class='ocrx_word' id='word_1_110' title='bbox 867 1736 1075 1808; x_wconf 81' lang='lat' dir='ltr'><strong>incarceratus,</strong></span> <span class='ocrx_word' id='word_1_111' title='bbox 1108 1752 1175 1794; x_wconf 90' lang='lat' dir='ltr'><strong>cum</strong></span> 
     </span>
     <span class='ocr_line' id='line_1_16' title="bbox 127 1817 1174 1896; baseline 0.002 -18"><span class='ocrx_word' id='word_1_112' title='bbox 127 1819 283 1894; x_wconf 89' lang='lat' dir='ltr'><strong>pecuniam</strong></span> <span class='ocrx_word' id='word_1_113' title='bbox 310 1834 362 1892; x_wconf 89' lang='lat' dir='ltr'><strong>pro</strong></span> <span class='ocrx_word' id='word_1_114' title='bbox 392 1836 446 1876; x_wconf 87' lang='lat' dir='ltr'><strong>sua</strong></span> <span class='ocrx_word' id='word_1_115' title='bbox 475 1818 615 1878; x_wconf 89' lang='lat' dir='ltr'><strong>solutione</strong></span> <span class='ocrx_word' id='word_1_116' title='bbox 639 1817 706 1878; x_wconf 87' lang='lat' dir='ltr'><strong>dare</strong></span> <span class='ocrx_word' id='word_1_117' title='bbox 728 1821 943 1896; x_wconf 86' lang='lat' dir='ltr'><strong>spopondisset,</strong></span> <span class='ocrx_word' id='word_1_118' title='bbox 972 1827 1115 1880; x_wconf 85' lang='lat' dir='ltr'><strong>extractus</strong></span> <span class='ocrx_word' id='word_1_119' title='bbox 1138 1820 1174 1880; x_wconf 89' lang='lat' dir='ltr'><strong>de</strong></span> 
     </span>
     <span class='ocr_line' id='line_1_17' title="bbox 129 1903 1175 1986; baseline 0.001 -20"><span class='ocrx_word' id='word_1_120' title='bbox 129 1921 262 1980; x_wconf 88' lang='lat' dir='ltr'><strong>carcere,</strong></span> <span class='ocrx_word' id='word_1_121' title='bbox 292 1907 402 1980; x_wconf 86' lang='lat' dir='ltr'><strong>positus</strong></span> <span class='ocrx_word' id='word_1_122' title='bbox 431 1911 475 1964; x_wconf 86' lang='lat' dir='ltr'><strong>est</strong></span> <span class='ocrx_word' id='word_1_123' title='bbox 502 1906 531 1963; x_wconf 91' lang='lat' dir='ltr'><strong>in</strong></span> <span class='ocrx_word' id='word_1_124' title='bbox 560 1905 646 1964; x_wconf 93' lang='lat' dir='ltr'><strong>domo</strong></span> <span class='ocrx_word' id='word_1_125' title='bbox 675 1909 821 1981; x_wconf 90' lang='lat' dir='ltr'><strong>superiore</strong></span> <span class='ocrx_word' id='word_1_126' title='bbox 832 1903 862 1986; x_wconf 82' lang='lat'><strong>³).</strong></span> <span class='ocrx_word' id='word_1_127' title='bbox 906 1906 960 1966; x_wconf 85' lang='lat' dir='ltr'><strong>Cui</strong></span> <span class='ocrx_word' id='word_1_128' title='bbox 988 1906 1086 1966; x_wconf 84' lang='lat' dir='ltr'><strong>addita</strong></span> <span class='ocrx_word' id='word_1_129' title='bbox 1108 1915 1175 1968; x_wconf 87' lang='lat' dir='ltr'><strong>sant</strong></span> 
     </span>
     <span class='ocr_line' id='line_1_18' title="bbox 129 1990 1174 2069; baseline 0.002 -17"><span class='ocrx_word' id='word_1_130' title='bbox 129 1991 256 2066; x_wconf 85' lang='lat' dir='ltr'><strong>vincula,</strong></span> <span class='ocrx_word' id='word_1_131' title='bbox 279 1998 308 2050; x_wconf 91' lang='lat' dir='ltr'><strong>ct</strong></span> <span class='ocrx_word' id='word_1_132' title='bbox 328 1994 408 2051; x_wconf 89' lang='lat' dir='ltr'><strong>servi</strong></span> <span class='ocrx_word' id='word_1_133' title='bbox 426 1991 464 2050; x_wconf 87' lang='lat' dir='ltr'><strong>ad</strong></span> <span class='ocrx_word' id='word_1_134' title='bbox 485 1992 643 2051; x_wconf 85' lang='lat' dir='ltr'><strong>custodiam</strong></span> <span class='ocrx_word' id='word_1_135' title='bbox 664 1990 801 2069; x_wconf 87' lang='lat' dir='ltr'><strong>deputati.</strong></span> <span class='ocrx_word' id='word_1_136' title='bbox 843 1993 981 2053; x_wconf 87' lang='lat' dir='ltr'><strong>Habebat</strong></span> <span class='ocrx_word' id='word_1_137' title='bbox 993 1991 1077 2052; x_wconf 80' lang='lat' dir='ltr'><strong>¹enirn</strong></span> <span class='ocrx_word' id='word_1_138' title='bbox 1099 1996 1174 2054; x_wconf 88' lang='lat' dir='ltr'><strong>circa</strong></span> 
     </span>
     <span class='ocr_line' id='line_1_19' title="bbox 128 2077 1173 2158; baseline 0.002 -20"><span class='ocrx_word' id='word_1_139' title='bbox 128 2077 223 2155; x_wconf 87' lang='lat' dir='ltr'><strong>pedes</strong></span> <span class='ocrx_word' id='word_1_140' title='bbox 243 2078 344 2138; x_wconf 85' lang='lat' dir='ltr'><strong>anulos</strong></span> <span class='ocrx_word' id='word_1_141' title='bbox 364 2078 486 2153; x_wconf 81' lang='lat' dir='ltr'><strong>ferreos,</strong></span> <span class='ocrx_word' id='word_1_142' title='bbox 508 2084 537 2138; x_wconf 90' lang='lat' dir='ltr'><strong>ct</strong></span> <span class='ocrx_word' id='word_1_143' title='bbox 558 2081 634 2138; x_wconf 89' lang='lat' dir='ltr'><strong>circa</strong></span> <span class='ocrx_word' id='word_1_144' title='bbox 654 2079 804 2138; x_wconf 87' lang='lat' dir='ltr'><strong>brachium</strong></span> <span class='ocrx_word' id='word_1_145' title='bbox 827 2079 955 2140; x_wconf 91' lang='lat' dir='ltr'><strong>eiusdem</strong></span> <span class='ocrx_word' id='word_1_146' title='bbox 975 2082 1087 2158; x_wconf 88' lang='lat' dir='ltr'><strong>generis</strong></span> <span class='ocrx_word' id='word_1_147' title='bbox 1108 2098 1173 2140; x_wconf 86' lang='lat' dir='ltr'><strong>nra-</strong></span> 
     </span>
     <span class='ocr_line' id='line_1_20' title="bbox 128 2165 1173 2242; baseline 0.002 -18"><span class='ocrx_word' id='word_1_148' title='bbox 128 2168 240 2240; x_wconf 87' lang='lat' dir='ltr'><strong>nicam,</strong></span> <span class='ocrx_word' id='word_1_149' title='bbox 270 2181 345 2240; x_wconf 86' lang='lat' dir='ltr'><strong>quae</strong></span> <span class='ocrx_word' id='word_1_150' title='bbox 366 2182 479 2225; x_wconf 86' lang='lat' dir='ltr'><strong>annexa</strong></span> <span class='ocrx_word' id='word_1_151' title='bbox 500 2165 635 2240; x_wconf 84' lang='lat' dir='ltr'><strong>cathena,</strong></span> <span class='ocrx_word' id='word_1_152' title='bbox 664 2168 765 2242; x_wconf 91' lang='lat' dir='ltr'><strong>parieti</strong></span> <span class='ocrx_word' id='word_1_153' title='bbox 787 2173 870 2226; x_wconf 89' lang='lat' dir='ltr'><strong>caute</strong></span> <span class='ocrx_word' id='word_1_154' title='bbox 892 2169 961 2227; x_wconf 87' lang='lat' dir='ltr'><strong>satis</strong></span> <span class='ocrx_word' id='word_1_155' title='bbox 990 2173 1051 2226; x_wconf 86' lang='lat' dir='ltr'><strong>orat</strong></span> <span class='ocrx_word' id='word_1_156' title='bbox 1077 2167 1173 2226; x_wconf 85' lang='lat' dir='ltr'><strong>infixa.</strong></span> 
     </span>
     <span class='ocr_line' id='line_1_21' title="bbox 128 2252 1173 2328; baseline 0.001 -15"><span class='ocrx_word' id='word_1_157' title='bbox 128 2253 224 2313; x_wconf 88' lang='lat' dir='ltr'><strong>Nocte</strong></span> <span class='ocrx_word' id='word_1_158' title='bbox 246 2252 371 2328; x_wconf 81' lang='lat' dir='ltr'><strong>quadam</strong></span> <span class='ocrx_word' id='word_1_159' title='bbox 393 2269 458 2311; x_wconf 91' lang='lat' dir='ltr'><strong>curn</strong></span> <span class='ocrx_word' id='word_1_160' title='bbox 481 2258 557 2312; x_wconf 90' lang='lat' dir='ltr'><strong>esset</strong></span> <span class='ocrx_word' id='word_1_161' title='bbox 574 2253 716 2312; x_wconf 89' lang='lat' dir='ltr'><strong>dormiens</strong></span> <span class='ocrx_word' id='word_1_162' title='bbox 737 2255 811 2312; x_wconf 88' lang='lat' dir='ltr'><strong>inter</strong></span> <span class='ocrx_word' id='word_1_163' title='bbox 831 2271 882 2314; x_wconf 88' lang='lat' dir='ltr'><strong>sex</strong></span> <span class='ocrx_word' id='word_1_164' title='bbox 903 2253 1039 2314; x_wconf 87' lang='lat' dir='ltr'><strong>satellites</strong></span> <span class='ocrx_word' id='word_1_165' title='bbox 1060 2260 1120 2314; x_wconf 87' lang='lat' dir='ltr'><strong>tam</strong></span> <span class='ocrx_word' id='word_1_166' title='bbox 1141 2271 1173 2314; x_wconf 87' lang='lat' dir='ltr'><strong>se</strong></span> 
     </span>
     <span class='ocr_line' id='line_1_22' title="bbox 130 2337 1173 2416; baseline 0.002 -18"><span class='ocrx_word' id='word_1_167' title='bbox 130 2357 220 2415; x_wconf 90' lang='lat' dir='ltr'><strong>quam</strong></span> <span class='ocrx_word' id='word_1_168' title='bbox 248 2337 373 2415; x_wconf 83' lang='lat' dir='ltr'><strong>reliquos</strong></span> <span class='ocrx_word' id='word_1_169' title='bbox 403 2342 532 2416; x_wconf 91' lang='lat' dir='ltr'><strong>captivos</strong></span> <span class='ocrx_word' id='word_1_170' title='bbox 562 2340 767 2415; x_wconf 89' lang='lat' dir='ltr'><strong>custodientes,</strong></span> <span class='ocrx_word' id='word_1_171' title='bbox 796 2346 825 2400; x_wconf 91' lang='lat' dir='ltr'><strong>et</strong></span> <span class='ocrx_word' id='word_1_172' title='bbox 845 2341 1001 2402; x_wconf 89' lang='lat' dir='ltr'><strong>Dominam</strong></span> <span class='ocrx_word' id='word_1_173' title='bbox 1029 2348 1173 2416; x_wconf 88' lang='lat' dir='ltr'><strong>nostram,</strong></span> 
     </span>
     <span class='ocr_line' id='line_1_23' title="bbox 128 2425 1174 2503; baseline 0.003 -18"><span class='ocrx_word' id='word_1_174' title='bbox 128 2444 184 2486; x_wconf 92' lang='lat' dir='ltr'><strong>nec</strong></span> <span class='ocrx_word' id='word_1_175' title='bbox 214 2442 272 2484; x_wconf 91' lang='lat' dir='ltr'><strong>non</strong></span> <span class='ocrx_word' id='word_1_176' title='bbox 301 2432 330 2486; x_wconf 91' lang='lat' dir='ltr'><strong>et</strong></span> <span class='ocrx_word' id='word_1_177' title='bbox 358 2425 429 2484; x_wconf 84' lang='lat' dir='ltr'><strong>alios</strong></span> <span class='ocrx_word' id='word_1_178' title='bbox 458 2432 574 2486; x_wconf 88' lang='lat' dir='ltr'><strong>sanctos</strong></span> <span class='ocrx_word' id='word_1_179' title='bbox 586 2425 680 2487; x_wconf 81' lang='lat' dir='ltr'><strong>‘solito</strong></span> <span class='ocrx_word' id='word_1_180' title='bbox 702 2430 879 2503; x_wconf 84' lang='lat' dir='ltr'><strong>invocasset,</strong></span> <span class='ocrx_word' id='word_1_181' title='bbox 912 2427 1093 2488; x_wconf 87' lang='lat' dir='ltr'><strong>ohdormivit</strong></span> <span class='ocrx_word' id='word_1_182' title='bbox 1134 2428 1174 2488; x_wconf 83' lang='lat' dir='ltr'><strong>Et</strong></span> 
     </span>
     <span class='ocr_line' id='line_1_24' title="bbox 129 2512 1172 2590; baseline 0 -16"><span class='ocrx_word' id='word_1_183' title='bbox 129 2531 199 2574; x_wconf 90' lang='lat' dir='ltr'><strong>ecce</strong></span> <span class='ocrx_word' id='word_1_184' title='bbox 221 2515 251 2571; x_wconf 91' lang='lat' dir='ltr'><strong>in</strong></span> <span class='ocrx_word' id='word_1_185' title='bbox 273 2515 379 2572; x_wconf 88' lang='lat' dir='ltr'><strong>somnis</strong></span> <span class='ocrx_word' id='word_1_186' title='bbox 399 2512 471 2571; x_wconf 88' lang='lat' dir='ltr'><strong>vidit</strong></span> <span class='ocrx_word' id='word_1_187' title='bbox 492 2531 523 2573; x_wconf 88' lang='lat' dir='ltr'><strong>se</strong></span> <span class='ocrx_word' id='word_1_188' title='bbox 544 2517 749 2590; x_wconf 87' lang='lat' dir='ltr'><strong>transpositum</strong></span> <span class='ocrx_word' id='word_1_189' title='bbox 769 2516 798 2572; x_wconf 93' lang='lat' dir='ltr'><strong>in</strong></span> <span class='ocrx_word' id='word_1_190' title='bbox 816 2518 1020 2575; x_wconf 89' lang='lat' dir='ltr'><strong>monasterium</strong></span> <span class='ocrx_word' id='word_1_191' title='bbox 1035 2521 1172 2582; x_wconf 86' lang='lat' dir='ltr'><strong>nostrum.</strong></span> 
     </span>
     <span class='ocr_line' id='line_1_25' title="bbox 126 2600 1172 2678; baseline 0.002 -18"><span class='ocrx_word' id='word_1_192' title='bbox 126 2601 176 2661; x_wconf 88' lang='lat' dir='ltr'><strong>Dc</strong></span> <span class='ocrx_word' id='word_1_193' title='bbox 200 2617 257 2676; x_wconf 91' lang='lat' dir='ltr'><strong>quo</strong></span> <span class='ocrx_word' id='word_1_194' title='bbox 281 2617 347 2659; x_wconf 91' lang='lat' dir='ltr'><strong>cum</strong></span> <span class='ocrx_word' id='word_1_195' title='bbox 367 2600 455 2659; x_wconf 91' lang='lat' dir='ltr'><strong>vellet</strong></span> <span class='ocrx_word' id='word_1_196' title='bbox 477 2600 581 2677; x_wconf 80' lang='lat' dir='ltr'><strong>egredi,</strong></span> <span class='ocrx_word' id='word_1_197' title='bbox 603 2601 706 2661; x_wconf 89' lang='lat' dir='ltr'><strong>sedens</strong></span> <span class='ocrx_word' id='word_1_198' title='bbox 726 2603 756 2659; x_wconf 93' lang='lat' dir='ltr'><strong>in</strong></span> <span class='ocrx_word' id='word_1_199' title='bbox 778 2619 852 2678; x_wconf 89' lang='lat' dir='ltr'><strong>equo</strong></span> <span class='ocrx_word' id='word_1_200' title='bbox 875 2619 953 2662; x_wconf 87' lang='lat' dir='ltr'><strong>mora</strong></span> <span class='ocrx_word' id='word_1_201' title='bbox 974 2603 1097 2662; x_wconf 86' lang='lat' dir='ltr'><strong>femineo</strong></span> <span class='ocrx_word' id='word_1_202' title='bbox 1118 2619 1172 2662; x_wconf 87' lang='lat' dir='ltr'><strong>ne-</strong></span> 
     </span>
     <span class='ocr_line' id='line_1_26' title="bbox 111 2687 1172 2764; baseline 0.001 -17"><span class='ocrx_word' id='word_1_203' title='bbox 111 2689 264 2748; x_wconf 86' lang='lat' dir='ltr'><strong>cessitate</strong></span> <span class='ocrx_word' id='word_1_204' title='bbox 293 2687 486 2762; x_wconf 88' lang='lat' dir='ltr'><strong>vinculorum,</strong></span> <span class='ocrx_word' id='word_1_205' title='bbox 519 2687 649 2746; x_wconf 87' lang='lat' dir='ltr'><strong>dixerunt</strong></span> <span class='ocrx_word' id='word_1_206' title='bbox 677 2690 703 2747; x_wconf 92' lang='lat' dir='ltr'><strong>ei</strong></span> <span class='ocrx_word' id='word_1_207' title='bbox 733 2688 790 2748; x_wconf 91' lang='lat' dir='ltr'><strong>duo</strong></span> <span class='ocrx_word' id='word_1_208' title='bbox 820 2706 856 2748; x_wconf 89' lang='lat' dir='ltr'><strong>ex</strong></span> <span class='ocrx_word' id='word_1_209' title='bbox 877 2689 1025 2748; x_wconf 91' lang='lat' dir='ltr'><strong>monachis</strong></span> <span class='ocrx_word' id='word_1_210' title='bbox 1052 2692 1172 2764; x_wconf 89' lang='lat' dir='ltr'><strong>nostris,</strong></span> 
     </span>
     <span class='ocr_line' id='line_1_27' title="bbox 128 2770 1171 2852; baseline 0.001 -19"><span class='ocrx_word' id='word_1_211' title='bbox 128 2770 355 2852; x_wconf 59' lang='lat' dir='ltr'><strong>Manegoldust)</strong></span> <span class='ocrx_word' id='word_1_212' title='bbox 388 2773 495 2836; x_wconf 88' lang='lat' dir='ltr'><strong>scilicet</strong></span> <span class='ocrx_word' id='word_1_213' title='bbox 534 2780 563 2834; x_wconf 90' lang='lat' dir='ltr'><strong>et</strong></span> <span class='ocrx_word' id='word_1_214' title='bbox 594 2774 736 2834; x_wconf 88' lang='lat' dir='ltr'><strong>Henricus</strong></span> <span class='ocrx_word' id='word_1_215' title='bbox 766 2779 881 2852; x_wconf 83' lang='lat' dir='ltr'><strong>cognati</strong></span> <span class='ocrx_word' id='word_1_216' title='bbox 917 2778 977 2835; x_wconf 91' lang='lat' dir='ltr'><strong>eius</strong></span> <span class='ocrx_word' id='word_1_217' title='bbox 1012 2775 1171 2836; x_wconf 89' lang='lat' dir='ltr'><strong>secundum</strong></span> 
     </span>
     <span class='ocr_line' id='line_1_28' title="bbox 128 2860 1172 2938; baseline 0.001 -17"><span class='ocrx_word' id='word_1_218' title='bbox 128 2877 261 2921; x_wconf 86' lang='lat' dir='ltr'><strong>carnem:</strong></span> <span class='ocrx_word' id='word_1_219' title='bbox 283 2860 377 2921; x_wconf 91' lang='lat' dir='ltr'><strong>Nolite</strong></span> <span class='ocrx_word' id='word_1_220' title='bbox 400 2862 509 2937; x_wconf 83' lang='lat' dir='ltr'><strong>egredi,</strong></span> <span class='ocrx_word' id='word_1_221' title='bbox 531 2860 582 2920; x_wconf 87' lang='lat' dir='ltr'><strong>sed</strong></span> <span class='ocrx_word' id='word_1_222' title='bbox 603 2864 789 2937; x_wconf 88' lang='lat' dir='ltr'><strong>revertimini,</strong></span> <span class='ocrx_word' id='word_1_223' title='bbox 811 2865 878 2938; x_wconf 89' lang='lat' dir='ltr'><strong>quia</strong></span> <span class='ocrx_word' id='word_1_224' title='bbox 899 2869 1001 2922; x_wconf 86' lang='lat' dir='ltr'><strong>sancta</strong></span> <span class='ocrx_word' id='word_1_225' title='bbox 1021 2862 1114 2922; x_wconf 88' lang='lat' dir='ltr'><strong>Maria</strong></span> <span class='ocrx_word' id='word_1_226' title='bbox 1135 2863 1172 2922; x_wconf 88' lang='lat' dir='ltr'><strong>de</strong></span> 
     </span>
     <span class='ocr_line' id='line_1_29' title="bbox 127 2945 1171 3027; baseline 0.002 -21"><span class='ocrx_word' id='word_1_227' title='bbox 127 2947 313 3008; x_wconf 89' lang='lat' dir='ltr'><strong>Hestcrbach</strong></span> <span class='ocrx_word' id='word_1_228' title='bbox 325 2945 345 3027; x_wconf 80' lang='lat'><strong>⁵)</strong></span> <span class='ocrx_word' id='word_1_229' title='bbox 374 2947 508 3008; x_wconf 89' lang='lat' dir='ltr'><strong>liberavit</strong></span> <span class='ocrx_word' id='word_1_230' title='bbox 538 2965 600 3006; x_wconf 85' lang='lat' dir='ltr'><strong>vos.</strong></span> <span class='ocrx_word' id='word_1_231' title='bbox 643 2948 709 3008; x_wconf 91' lang='lat' dir='ltr'><strong>Hoc</strong></span> <span class='ocrx_word' id='word_1_232' title='bbox 732 2951 818 3008; x_wconf 88' lang='lat' dir='ltr'><strong>etiam</strong></span> <span class='ocrx_word' id='word_1_233' title='bbox 839 2952 953 3010; x_wconf 90' lang='lat' dir='ltr'><strong>nomine</strong></span> <span class='ocrx_word' id='word_1_234' title='bbox 974 2956 1095 3009; x_wconf 89' lang='lat' dir='ltr'><strong>vocatur</strong></span> <span class='ocrx_word' id='word_1_235' title='bbox 1115 2948 1171 3008; x_wconf 92' lang='lat' dir='ltr'><strong>do-</strong></span> 
     </span>
     <span class='ocr_line' id='line_1_30' title="bbox 127 3033 1170 3113; baseline 0.003 -19"><span class='ocrx_word' id='word_1_236' title='bbox 127 3054 195 3095; x_wconf 88' lang='lat' dir='ltr'><strong>mus</strong></span> <span class='ocrx_word' id='word_1_237' title='bbox 223 3041 330 3094; x_wconf 90' lang='lat' dir='ltr'><strong>nostra.</strong></span> <span class='ocrx_word' id='word_1_238' title='bbox 373 3033 422 3095; x_wconf 84' lang='lat' dir='ltr'><strong>Ad</strong></span> <span class='ocrx_word' id='word_1_239' title='bbox 451 3033 529 3110; x_wconf 90' lang='lat' dir='ltr'><strong>qnod</strong></span> <span class='ocrx_word' id='word_1_240' title='bbox 558 3035 680 3094; x_wconf 89' lang='lat' dir='ltr'><strong>verbum</strong></span> <span class='ocrx_word' id='word_1_241' title='bbox 707 3035 754 3094; x_wconf 90' lang='lat' dir='ltr'><strong>ille</strong></span> <span class='ocrx_word' id='word_1_242' title='bbox 782 3036 934 3113; x_wconf 85' lang='lat' dir='ltr'><strong>evigilans,</strong></span> <span class='ocrx_word' id='word_1_243' title='bbox 966 3039 1083 3113; x_wconf 87' lang='lat' dir='ltr'><strong>gavisus</strong></span> <span class='ocrx_word' id='word_1_244' title='bbox 1117 3043 1170 3098; x_wconf 88' lang='lat' dir='ltr'><strong>cst.</strong></span> 
     </span>
     <span class='ocr_line' id='line_1_31' title="bbox 126 3119 1171 3202; baseline 0 -20"><span class='ocrx_word' id='word_1_245' title='bbox 126 3122 166 3182; x_wconf 87' lang='lat' dir='ltr'><strong>Et</strong></span> <span class='ocrx_word' id='word_1_246' title='bbox 189 3121 357 3182; x_wconf 80' lang='lat' dir='ltr'><strong>derisione</strong></span> <span class='ocrx_word' id='word_1_247' title='bbox 380 3125 522 3200; x_wconf 86' lang='lat' dir='ltr'><strong>cogitans,</strong></span> <span class='ocrx_word' id='word_1_248' title='bbox 548 3128 710 3180; x_wconf 88' lang='lat' dir='ltr'><strong>utmmnam</strong></span> <span class='ocrx_word' id='word_1_249' title='bbox 739 3139 809 3182; x_wconf 88' lang='lat' dir='ltr'><strong>vera</strong></span> <span class='ocrx_word' id='word_1_250' title='bbox 830 3119 938 3202; x_wconf 58' lang='lat' dir='ltr'><strong>essem)</strong></span> <span class='ocrx_word' id='word_1_251' title='bbox 961 3141 998 3182; x_wconf 88' lang='lat' dir='ltr'><strong>an</strong></span> <span class='ocrx_word' id='word_1_252' title='bbox 1019 3123 1171 3183; x_wconf 83' lang='lat' dir='ltr'><strong>fantastica</strong></span> 
     </span>
     <span class='ocr_line' id='line_1_32' title="bbox 127 3206 1170 3290; baseline 0.001 -21"><span class='ocrx_word' id='word_1_253' title='bbox 127 3213 201 3269; x_wconf 88' lang='lat' dir='ltr'><strong>scire</strong></span> <span class='ocrx_word' id='word_1_254' title='bbox 220 3208 328 3284; x_wconf 91' lang='lat' dir='ltr'><strong>volens,</strong></span> <span class='ocrx_word' id='word_1_255' title='bbox 350 3221 419 3268; x_wconf 84' lang='lat' dir='ltr'><strong>mox</strong></span> <span class='ocrx_word' id='word_1_256' title='bbox 430 3216 464 3268; x_wconf 94' lang='lat' dir='ltr'><strong>ut</strong></span> <span class='ocrx_word' id='word_1_257' title='bbox 478 3209 581 3285; x_wconf 88' lang='lat' dir='ltr'><strong>digitos</strong></span> <span class='ocrx_word' id='word_1_258' title='bbox 595 3206 732 3282; x_wconf 87' lang='lat' dir='ltr'><strong>admovit,</strong></span> <span class='ocrx_word' id='word_1_259' title='bbox 751 3209 855 3284; x_wconf 90' lang='lat' dir='ltr'><strong>pedem</strong></span> <span class='ocrx_word' id='word_1_260' title='bbox 876 3228 966 3268; x_wconf 88' lang='lat' dir='ltr'><strong>unum</strong></span> <span class='ocrx_word' id='word_1_261' title='bbox 988 3212 1049 3269; x_wconf 90' lang='lat' dir='ltr'><strong>sine</strong></span> <span class='ocrx_word' id='word_1_262' title='bbox 1064 3207 1170 3290; x_wconf 88' lang='lat' dir='ltr'><strong>omni⁷)</strong></span> 
     </span>
     <span class='ocr_line' id='line_1_33' title="bbox 127 3294 1171 3358; baseline 0.001 -3"><span class='ocrx_word' id='word_1_263' title='bbox 127 3295 295 3356; x_wconf 86' lang='lat' dir='ltr'><strong>difficultate</strong></span> <span class='ocrx_word' id='word_1_264' title='bbox 313 3298 442 3356; x_wconf 78' lang='lat' dir='ltr'><strong>exuaxit.</strong></span> <span class='ocrx_word' id='word_1_265' title='bbox 470 3294 562 3356; x_wconf 82' lang='lat' dir='ltr'><strong>Simili</strong></span> <span class='ocrx_word' id='word_1_266' title='bbox 576 3295 711 3356; x_wconf 81' lang='lat' dir='ltr'><strong>facilitate</strong></span> <span class='ocrx_word' id='word_1_267' title='bbox 733 3313 850 3355; x_wconf 89' lang='lat' dir='ltr'><strong>manum</strong></span> <span class='ocrx_word' id='word_1_268' title='bbox 864 3314 882 3354; x_wconf 91' lang='lat' dir='ltr'><strong>a</strong></span> <span class='ocrx_word' id='word_1_269' title='bbox 897 3297 1019 3356; x_wconf 85' lang='lat' dir='ltr'><strong>cathena</strong></span> <span class='ocrx_word' id='word_1_270' title='bbox 1030 3297 1171 3358; x_wconf 84' lang='lat' dir='ltr'><strong>liberavit</strong></span> 
     </span>
     <span class='ocr_line' id='line_1_34' title="bbox 126 3381 1170 3459; baseline -0.001 -15"><span class='ocrx_word' id='word_1_271' title='bbox 126 3383 251 3459; x_wconf 88' lang='lat' dir='ltr'><strong>Saepius</strong></span> <span class='ocrx_word' id='word_1_272' title='bbox 272 3385 328 3442; x_wconf 89' lang='lat' dir='ltr'><strong>ista</strong></span> <span class='ocrx_word' id='word_1_273' title='bbox 342 3389 511 3457; x_wconf 85' lang='lat' dir='ltr'><strong>tentaverat,</strong></span> <span class='ocrx_word' id='word_1_274' title='bbox 533 3383 585 3441; x_wconf 90' lang='lat' dir='ltr'><strong>sed</strong></span> <span class='ocrx_word' id='word_1_275' title='bbox 605 3399 663 3441; x_wconf 91' lang='lat' dir='ltr'><strong>non</strong></span> <span class='ocrx_word' id='word_1_276' title='bbox 676 3381 844 3458; x_wconf 85' lang='lat' dir='ltr'><strong>profecerat.</strong></span> <span class='ocrx_word' id='word_1_277' title='bbox 880 3383 1011 3459; x_wconf 82' lang='lat' dir='ltr'><strong>Cumque</strong></span> <span class='ocrx_word' id='word_1_278' title='bbox 1033 3401 1069 3442; x_wconf 84' lang='lat' dir='ltr'><strong>ex</strong></span> <span class='ocrx_word' id='word_1_279' title='bbox 1089 3389 1170 3443; x_wconf 92' lang='lat' dir='ltr'><strong>motu</strong></span> 
     </span>
     <span class='ocr_line' id='line_1_35' title="bbox 115 3463 1170 3546; baseline 0.001 -17"><span class='ocrx_word' id='word_1_280' title='bbox 115 3463 307 3531; x_wconf 66' lang='lat' dir='ltr'><strong>&#39;duculomm</strong></span> <span class='ocrx_word' id='word_1_281' title='bbox 328 3487 402 3529; x_wconf 91' lang='lat' dir='ltr'><strong>unus</strong></span> <span class='ocrx_word' id='word_1_282' title='bbox 424 3486 574 3529; x_wconf 88' lang='lat' dir='ltr'><strong>servorum</strong></span> <span class='ocrx_word' id='word_1_283' title='bbox 596 3469 767 3545; x_wconf 87' lang='lat' dir='ltr'><strong>evigilasset,</strong></span> <span class='ocrx_word' id='word_1_284' title='bbox 788 3471 900 3529; x_wconf 89' lang='lat' dir='ltr'><strong>territus</strong></span> <span class='ocrx_word' id='word_1_285' title='bbox 921 3470 1012 3546; x_wconf 89' lang='lat' dir='ltr'><strong>miles,</strong></span> <span class='ocrx_word' id='word_1_286' title='bbox 1034 3471 1170 3530; x_wconf 89' lang='lat' dir='ltr'><strong>circulum</strong></span> 
     </span>
     <span class='ocr_line' id='line_1_36' title="bbox 125 3556 1170 3635; baseline 0.002 -19"><span class='ocrx_word' id='word_1_287' title='bbox 125 3573 265 3634; x_wconf 88' lang='lat' dir='ltr'><strong>reponere</strong></span> <span class='ocrx_word' id='word_1_288' title='bbox 293 3556 397 3632; x_wconf 92' lang='lat' dir='ltr'><strong>voluit,</strong></span> <span class='ocrx_word' id='word_1_289' title='bbox 429 3573 484 3616; x_wconf 90' lang='lat' dir='ltr'><strong>nec</strong></span> <span class='ocrx_word' id='word_1_290' title='bbox 511 3557 613 3632; x_wconf 90' lang='lat' dir='ltr'><strong>potuit.</strong></span> <span class='ocrx_word' id='word_1_291' title='bbox 655 3557 737 3616; x_wconf 86' lang='lat' dir='ltr'><strong>Tunc</strong></span> <span class='ocrx_word' id='word_1_292' title='bbox 764 3559 888 3633; x_wconf 92' lang='lat' dir='ltr'><strong>primum</strong></span> <span class='ocrx_word' id='word_1_293' title='bbox 909 3557 1084 3635; x_wconf 85' lang='lat' dir='ltr'><strong>intelligens,</strong></span> <span class='ocrx_word' id='word_1_294' title='bbox 1112 3556 1170 3618; x_wconf 80' lang='lat' dir='ltr'><strong>tale</strong></span> 
     </span>
    </p>
   </div>
   <div class='ocr_carea' id='block_1_8' title="bbox 145 3742 1168 3881">
    <p class='ocr_par' dir='ltr' id='par_1_8' title="bbox 145 3742 1168 3881">
     <span class='ocr_line' id='line_1_37' title="bbox 145 3742 1168 3813; baseline 0 -17"><span class='ocrx_word' id='word_1_295' title='bbox 145 3743 178 3813; x_wconf 88' lang='grc'><strong>1)</strong></span> <span class='ocrx_word' id='word_1_296' title='bbox 197 3742 217 3794; x_wconf 87' lang='grc' dir='ltr'><em>Β</em></span> <span class='ocrx_word' id='word_1_297' title='bbox 234 3743 332 3795; x_wconf 86' lang='lat' dir='ltr'><strong>etiam</strong></span> <span class='ocrx_word' id='word_1_298' title='bbox 352 3743 526 3797; x_wconf 82' lang='lat' dir='ltr'><strong>solvantur</strong></span> <span class='ocrx_word' id='word_1_299' title='bbox 543 3743 613 3796; x_wconf 87' lang='lat' dir='ltr'><strong>eius</strong></span> <span class='ocrx_word' id='word_1_300' title='bbox 631 3744 767 3795; x_wconf 81' lang='lat' dir='ltr'><strong>virtute.</strong></span> <span class='ocrx_word' id='word_1_301' title='bbox 780 3743 886 3812; x_wconf 75' lang='lat' dir='ltr'><strong>-2JB</strong></span> <span class='ocrx_word' id='word_1_302' title='bbox 903 3743 1168 3811; x_wconf 66' lang='lat' dir='ltr'><strong>urnach-ew</strong></span> 
     </span>
     <span class='ocr_line' id='line_1_38' title="bbox 199 3812 1168 3881; baseline 0.001 -17"><span class='ocrx_word' id='word_1_303' title='bbox 199 3813 368 3880; x_wconf 84' lang='lat' dir='ltr'><strong>superiori.</strong></span> <span class='ocrx_word' id='word_1_304' title='bbox 388 3844 421 3852; x_wconf 91' lang='lat'>—</span> <span class='ocrx_word' id='word_1_305' title='bbox 439 3813 472 3881; x_wconf 78' lang='lat' dir='ltr'><strong>l)</strong></span> <span class='ocrx_word' id='word_1_306' title='bbox 490 3812 510 3865; x_wconf 92' lang='lat' dir='ltr'><strong>B</strong></span> <span class='ocrx_word' id='word_1_307' title='bbox 528 3813 757 3878; x_wconf 71' lang='lat' dir='ltr'><strong>Wanegoldus.</strong></span> <span class='ocrx_word' id='word_1_308' title='bbox 778 3843 809 3854; x_wconf 88' lang='lat'><em>-</em></span> <span class='ocrx_word' id='word_1_309' title='bbox 828 3814 860 3881; x_wconf 79' lang='lat'><strong>5)</strong></span> <span class='ocrx_word' id='word_1_310' title='bbox 878 3813 920 3866; x_wconf 83' lang='lat' dir='ltr'><strong>cn</strong></span> <span class='ocrx_word' id='word_1_311' title='bbox 938 3812 1168 3866; x_wconf 86' lang='lat' dir='ltr'><strong>llcistcrhach.</strong></span> 
     </span>
    </p>
   </div>
   <div class='ocr_carea' id='block_1_9' title="bbox 198 3871 1278 3953">
    <p class='ocr_par' dir='ltr' id='par_1_9' title="bbox 198 3871 1278 3953">
     <span class='ocr_line' id='line_1_39' title="bbox 198 3871 1278 3953; baseline 0 -19"><span class='ocrx_word' id='word_1_312' title='bbox 198 3882 254 3934; x_wconf 89' lang='lat' dir='ltr'><strong>llcx</strong></span> <span class='ocrx_word' id='word_1_313' title='bbox 266 3883 350 3935; x_wconf 74' lang='lat' dir='ltr'><strong>nane</strong></span> <span class='ocrx_word' id='word_1_314' title='bbox 368 3883 535 3936; x_wconf 85' lang='lat' dir='ltr'><strong>liberabit.</strong></span> <span class='ocrx_word' id='word_1_315' title='bbox 548 3871 670 3953; x_wconf 77' lang='lat' dir='ltr'>-6)BP</span> <span class='ocrx_word' id='word_1_316' title='bbox 688 3891 776 3936; x_wconf 83' lang='lat' dir='ltr'><strong>asset</strong></span> <span class='ocrx_word' id='word_1_317' title='bbox 793 3884 965 3951; x_wconf 81' lang='lat' dir='ltr'><strong>vcra-7)</strong></span> <span class='ocrx_word' id='word_1_318' title='bbox 978 3884 1059 3944; x_wconf 82' lang='lat' dir='ltr'><strong>omni</strong></span> <span class='ocrx_word' id='word_1_319' title='bbox 1079 3881 1127 3933; x_wconf 88' lang='lat' dir='ltr'><strong>add</strong></span> <span class='ocrx_word' id='word_1_320' title='bbox 1139 3882 1167 3934; x_wconf 89' lang='lat' dir='ltr'><strong>B.</strong></span> <span class='ocrx_word' id='word_1_321' title='bbox 1276 3905 1278 3914; x_wconf 40' lang='grc' dir='ltr'><strong>ν</strong></span> 
     </span>
    </p>
   </div>
   <div class='ocr_carea' id='block_1_10' title="bbox 0 0 1336 4308">
    <p class='ocr_par' dir='ltr' id='par_1_10' title="bbox 0 0 1336 4308">
     <span class='ocr_line' id='line_1_40' title="bbox 0 0 1336 4308; baseline 0 2"><span class='ocrx_word' id='word_1_322' title='bbox 0 0 1336 4308; x_wconf 95' lang='lat' dir='ltr'><strong> </strong></span> 
     </span>
    </p>
   </div>
  </div>
 </body>
</html>
