2628 4310
360 219 415 279 DE
436 217 619 280 PRAEMIO
641 217 907 280 MORTUORUM.
1093 219 1153 276 341

119 346 182 402 ctus
203 347 255 417 est,
275 342 389 402 nomine
410 340 570 401 lohannes.
611 341 669 401 Hic
690 341 807 416 quidem
827 340 977 418 religiosus
998 339 1156 413 satisfuit,

118 427 221 488 sedin
242 429 337 488 verbis
358 434 445 504 atque
467 430 557 504 signis
576 428 672 488 levem
688 426 844 487 admodum
867 445 898 487 se
921 427 1057 486 exhibuit.
1098 425 1156 484 Die

119 515 245 592 quadam
265 522 332 592 post
352 522 474 574 mortem
492 517 553 575 eius
576 532 642 575 cum
665 513 921 574 dominusUlricus
933 511 950 593 ¹)
974 520 1041 572 tuno
1053 511 1156 572 Abbas

117 604 271 662 intraturus
280 608 363 662 esset
374 603 536 677 oratorium,
558 608 588 661 et
601 619 690 660 unum
706 601 810 677 pedem
831 602 974 676 posuisset
994 603 1156 673 introrsum,

117 688 197 750 clare
216 689 281 749 luce
303 688 466 764 praedictus
475 687 628 750 ,iohannes
640 688 680 747 illi
693 705 844 764 apparens,
864 687 903 744 ad
913 687 1002 762 pedes
1014 689 1074 748 eius
1085 703 1155 762 pro·

118 775 202 850 cidit,
223 777 366 835 orationes
386 775 545 851 postulans.
589 775 654 852 Quo
683 777 746 834 viso
767 773 871 834 Abbas
899 775 1025 848 territus,
1052 771 1156 849 pedem

116 863 241 938 retraxit,
263 864 368 922 ostium
388 868 455 938 post
476 879 508 922 se
531 862 676 922 claudens
718 862 756 920 Et
778 860 934 920 indicatum
957 866 1000 920 est
1021 877 1040 920 a
1060 859 1155 919 frani-
1185 882 1188 889 ·

118 950 181 1024 bus,
202 966 320 1009 cansam
341 951 497 1026 purgatorii
511 952 572 1008 eius
594 951 719 1008 maxime
740 949 827 1007 luisse
842 947 997 1006 levitatem.
1039 945 1156 1007 NOVI-

117 1034 225 1096 OIUS:
255 1035 332 1112 Quid
353 1037 377 1095 si
398 1038 453 1111 ipsi
473 1033 606 1096 Abbates
628 1035 756 1096 ordinem
777 1053 861 1094 suum
889 1035 982 1093 minus
1011 1032 1156 1092 custodie-

116 1121 193 1182 rint?
235 1121 470 1182 MONAOHUS:
494 1122 575 1183 Sicut
598 1123 728 1184 subiecto
756 1122 926 1199 probabitur
951 1120 1099 1196 exemplo,
1128 1125 1157 1178 et

115 1209 171 1285 ipsi
190 1225 302 1284 poenae
323 1210 524 1270 subiacebunt.
553 1241 558 1252 ι

450 1397 686 1460 CAPITULUM
706 1398 828 1460 XXXI.

124 1510 127 1520 ¹
187 1519 236 1579 De
250 1523 435 1596 perpeterio
456 1519 579 1580 Abbatio
601 1524 655 1597 qui
674 1485 785 1580 inuitus
806 1523 860 1580 ivit
882 1519 924 1579 ud
944 1517 1084 1578 laborem.

65 1675 67 1680 .
180 1641 327 1702 Recitavit
347 1641 416 1700 mibi
437 1659 528 1718 nuper
548 1641 691 1704 Henricus
712 1644 803 1702 maior
825 1641 986 1703 cellerarius
1009 1641 1044 1702 dc
1067 1640 1155 1701 Clau-

114 1735 176 1790 stro
197 1731 339 1790 visionem
359 1729 516 1788 notabilem
538 1730 616 1788 satis
660 1728 801 1805 Contigit,
820 1731 927 1805 inquit,
955 1736 988 1789 ut
1010 1729 1055 1788 die
1081 1743 1155 1804 qua·-

117 1815 186 1876 dam
207 1815 346 1876 haberem
360 1818 470 1884 socium
484 1817 549 1875 viae
570 1815 744 1874 monachum
766 1816 919 1890 quendam·
932 1816 1037 1875 ordinis
1058 1816 1156 1874 nostri.

116 1902 250 1978 Cumque
271 1901 357 1961 simul
379 1903 570 1964 conferremus
591 1902 628 1960 de
649 1900 862 1978 aedificatoriis,
889 1902 959 1962 dixit
979 1901 1063 1960 mihi:
1091 1902 1154 1979 Ego

115 1990 200 2050 vobis
221 1989 343 2049 reseram
364 1989 443 2065 qnod
463 2006 555 2065 nuper
576 1990 695 2064 contigit
706 1991 736 2046 in
758 1988 843 2049 domo
865 1995 971 2049 nostra.
1013 1988 1155 2049 Habeba-

116 2092 183 2136 mus
203 2073 350 2137 Abbatem
371 2079 465 2135 virum
479 2079 508 2134 in
530 2074 677 2152 disciplina
698 2074 803 2135 ordinis
824 2078 893 2136 satis
914 2076 1081 2152 perlectum,
1103 2092 1156 2136 ex-

117 2168 202 2237 cepto
223 2162 280 2222 hoc
302 2160 373 2237 solo,
395 2161 474 2239 qnod
494 2166 650 2239 nunquam·
662 2179 737 2238 pene
759 2163 979 2222 cumfratribus
1002 2165 1079 2223 exire
1100 2179 1155 2222 vo·

117 2246 171 2306 luit
180 2247 218 2306 ad
229 2248 344 2309 labores
354 2261 500 2308 manuum.
528 2249 586 2310 Hic
606 2267 673 2309 cum
683 2251 835 2309 moriturus
847 2255 930 2325 esset,
952 2257 981 2309 et
997 2249 1156 2308 monachus

116 2333 235 2410 quidam
257 2351 344 2410 quem
364 2335 531 2396 familiarius
552 2351 622 2412 prae
636 2337 737 2395 ceteris
759 2336 903 2413 diligebat,
925 2338 951 2395 ei
968 2339 1095 2410 serviret,
1116 2337 1157 2396 ait

116 2421 240 2480 elidem
255 2422 428 2482 monachus:
451 2422 577 2483 Domine
598 2439 741 2500 rogovos
762 2425 866 2482 intuitu
887 2425 1028 2498 carimtis,
1056 2429 1089 2482 ut
1109 2424 1163 2488 in·,

114 2508 159 2568 fra
179 2508 234 2569 hos
255 2511 371 2586 triginta
387 2510 447 2570 dies
469 2509 539 2569 mihi
561 2508 735 2588 apparendo,
758 2510 793 2569 de
806 2516 883 2570 stetu
905 2516 1000 2569 vestro
1022 2526 1069 2569 me
1091 2525 1155 2570 cer-

114 2594 237 2655 tificetis.
279 2596 440 2673 Respondit
460 2597 578 2658 Abbas:
607 2597 638 2658 Si
660 2597 729 2655 mihi
752 2613 920 2656 concessum
941 2597 1040 2671 fuerit,
1060 2596 1156 2657 liben-

114 2688 159 2742 ter
178 2683 292 2743 iaciam.
328 2683 434 2761 Sisque
447 2685 598 2746 defunctus
621 2691 672 2744 est.
714 2683 876 2744 Monachus
899 2701 967 2744 vero
990 2687 1058 2759 quie
1078 2683 1156 2742 mul-

114 2775 146 2828 ta
166 2769 274 2829 iecerat
290 2773 316 2829 ei
337 2771 423 2846 bona,
445 2771 618 2847 quotidianis
638 2770 761 2832 lacrimis
784 2773 813 2830 in
836 2775 963 2830 oratione
984 2771 1082 2832 Deum
1103 2786 1155 2846 pro

113 2855 189 2916 illius
212 2858 378 2918 excessibus
395 2865 462 2918 anto
483 2858 600 2934 aliquod
621 2857 711 2918 altare
732 2858 846 2933 placore
868 2859 1012 2918 studebat.
1054 2857 1156 2918 Trice-

113 2945 188 3002 sima
210 2943 271 3019 die,
292 2961 358 3004 cnm
380 2947 438 3004 iam
459 2945 618 3005 monachus
640 2944 677 3004 de
697 2943 822 3005 Abbatis
844 2946 936 3004 reditu
959 2945 1155 3020 desperasset,

114 3029 162 3089 ifle
184 3031 276 3089 oranti
307 3049 466 3107 apparens,
495 3033 550 3090 ait:
580 3032 657 3092 Ecce
685 3031 732 3091 hic
761 3049 825 3092 sum
855 3034 929 3091 sicut
949 3033 1072 3107 promisi:
1094 3031 1156 3090 tibi.

114 3115 186 3176 Erat
206 3123 303 3176 autem
333 3135 351 3177 a
380 3117 493 3194 cingulo
524 3125 553 3178 et
579 3135 693 3178 sursum
722 3125 782 3177 tam
811 3135 930 3194 corpore
959 3137 1045 3194 quam
1074 3124 1155 3178 veste

114 3203 209 3264 clarus
223 3203 317 3279 valde,
339 3222 422 3264 crure
444 3221 512 3264 vero
525 3207 585 3264 eius
607 3204 737 3265 ulcerosa
749 3212 778 3264 et
798 3204 837 3266 ad
858 3208 948 3265 instar
968 3203 1125 3266 carbonum
1133 3201 1154 3284 ²)

114 3291 276 3368 nigerrima.
306 3290 472 3368 Reqnisitus
488 3290 523 3351 de
545 3299 623 3351 statu
637 3309 699 3367 suo,
720 3293 883 3368 respondit:
902 3292 1059 3352 Tormenta
1080 3309 1155 3368 quae

113 3378 144 3437 in
166 3379 294 3438 cruribus
316 3380 452 3453 sustinui,
481 3377 560 3439 nulla
579 3378 677 3456 lingua
698 3387 797 3454 posset
825 3382 995 3457 exprimere,
1032 3380 1155 3439 Dicente

114 3464 273 3540 monacho,
295 3480 371 3539 quae
389 3466 442 3524 fuit
463 3482 552 3526 causa
580 3472 725 3526 tantomm
757 3467 983 3526 tormentorum?
1005 3465 1053 3526 ille
1082 3467 1155 3526 sub-

113 3553 219 3613 iunxit:
249 3552 325 3629 Quia
352 3553 514 3629 frequenter
541 3552 577 3614 de
605 3552 704 3613 labore
732 3556 839 3629 mansi,
873 3555 952 3613 nulla
988 3553 1154 3628 saepissime

113 3647 193 3700 corta
213 3642 399 3716 necessitate,
421 3645 454 3699 ut
475 3645 519 3700 est
539 3639 700 3720 hospitum,
729 3642 796 3704 siue
812 3640 1024 3704 audiendnmm
1040 3639 1160 3701 confes-

132 3789 164 3861 1)
181 3789 203 3843 D
220 3789 384 3844 ilenricus.
400 3820 431 3830 -
450 3790 483 3859 2)
501 3791 520 3844 B
539 3792 709 3846 carbonis.
