2580 4316
145 195 185 253 :rs
477 151 706 252 ursumeuro
727 189 856 250 rums

480 346 713 407 CAPITULUM
729 347 854 406 XXXI.

168 469 215 528 De
236 467 326 528 nobili
347 472 426 544 viro,
449 473 500 546 qni
521 473 622 545 pratia
644 473 839 528 conversionis
861 468 982 544 capitoli
1002 470 1161 527 sonantior

544 555 713 615 subtractos
737 563 785 614 cst.

212 695 254 752 Eo
284 701 412 770 tempore
446 712 503 770 quo
533 695 596 754 Rex
627 692 695 753 Otto
724 694 868 770 proiectus
891 700 934 752 est
954 693 1077 752 Romam
1099 709 1184 752 coro-

148 783 209 840 nari
236 784 265 839 in
293 781 513 857 Imperatorem,
538 785 688 857 imperium
717 799 803 857 super
820 777 836 860 ¹)
859 780 1011 840 Mosellam
1031 780 1108 838 fratri
1130 796 1184 838 suo

147 867 272 940 Henrico
294 869 425 927 Palatino
447 868 604 945 regendum
626 871 774 928 commisit
816 867 872 926 Hic
892 867 1019 926 nobilem
1041 866 1186 950 quendam

148 958 241 1017 virum
276 955 450 1030 praedonem
477 974 528 1031 per
553 956 689 1016 iudicium
719 955 833 1030 capitali
861 957 1000 1014 sententia
1029 954 1187 1012 damnavit

148 1041 276 1101 Advenit
288 1039 308 1122 ²)
331 1043 435 1102 Daniel
463 1043 565 1102 Abbas
593 1043 768 1117 Sconariae,
800 1044 916 1116 suisque
945 1041 1078 1117 precibus
1107 1041 1186 1116 apud

149 1129 312 1188 Palatinum
334 1131 469 1204 obtinuit,
498 1136 531 1188 ut
551 1132 577 1188 ei
598 1130 695 1188 liceret
716 1132 828 1204 vivere,
850 1136 879 1188 et
899 1130 964 1188 Deo
986 1145 1037 1203 pro
1058 1130 1186 1203 peccatis

149 1209 220 1274 suis'
234 1219 263 1274 in
293 1217 390 1275 ordine
420 1216 599 1275 cisterciensi
628 1217 799 1275 satisfacere.
850 1216 899 1275 Sic
930 1215 1016 1273 horno
1045 1232 1096 1290 pro
1126 1217 1187 1273 suis

149 1303 302 1364 sceleribus
320 1300 340 1383 3)
363 1305 446 1362 morti
468 1303 598 1363 addictus
613 1297 645 1382 ⁴),
665 1321 717 1378 per
738 1305 858 1379 gratiam
880 1305 1072 1362 conversionis
1094 1303 1188 1360 evasit

150 1392 317 1448 sententiam
334 1386 354 1468 ⁵)
388 1390 584 1449 damnationis.
633 1391 811 1465 Frequenter
846 1389 912 1448 huic
942 1389 1043 1448 similia
1075 1388 1187 1462 audivi,

151 1476 257 1535 scilicet
277 1483 310 1535 ut
331 1477 459 1536 homines
481 1477 615 1553 flagitiosi
635 1495 686 1552 pro
716 1481 774 1536 suis
803 1478 964 1536 criminibus
996 1479 1081 1534 variis
1114 1491 1186 1550 sup-

150 1563 241 1639 pliciis
263 1563 407 1639 deputati,
440 1564 577 1622 beneficio
608 1565 714 1622 ordinis
746 1566 802 1622 sint
822 1563 940 1623 liberati.
982 1561 1187 1622 NOVICIUS:

153 1651 231 1710 Licet
251 1649 323 1709 baec
344 1651 495 1710 videantur
506 1645 526 1729 ⁶)
549 1653 673 1725 minima,
695 1668 753 1709 non
774 1657 871 1709 tamen
892 1656 958 1709 sunt
974 1649 1187 1725 parvipenden-

152 1737 203 1811 da,
237 1730 372 1812 eo‘quod
394 1741 449 1796 sint
470 1737 670 1796 aedificatoria.
713 1736 948 1797 MONAOHUS:
982 1737 1092 1812 Quibus
1114 1736 1188 1794 haec

152 1824 323 1883 videbuntur
344 1827 468 1898 minima,
490 1825 609 1883 audiant
630 1825 665 1884 de
686 1825 739 1902 bis,
761 1842 833 1900 quos
855 1827 938 1882 timor
952 1841 1062 1900 poenae
1076 1823 1188 1900 gehen·
1285 1869 1286 1872 η

150 1910 222 1970 nalis
244 1914 392 1985 convertit,
414 1930 520 1988 magna
541 1919 628 1987 atque
649 1912 792 1970 terribilia.

476 2102 707 2163 CAPITULUM
728 2101 863 2162 XXXII.

184 2223 233 2288 De
254 2227 443 2284 convortere
464 2224 587 2284 Abbatis
609 2221 834 2302 Morimnndi'),
857 2228 909 2300 qui
930 2230 1067 2308 mortona
1085 2223 1155 2306 fnit,

589 2317 616 2370 ct
638 2315 753 2370 reviait.

218 2448 295 2509 Ante
317 2450 370 2511 bos
392 2467 482 2508 annos
493 2453 594 2527 viginti
612 2455 734 2525 quatuor
744 2450 847 2510 Abbas
858 2450 974 2525 quidam
987 2453 1017 2508 in
1026 2449 1190 2509 Morimun-

96 2595 101 2606 ,
155 2537 192 2595 do
206 2533 228 2616 ⁸)
250 2537 310 2611 fuit,
335 2554 421 2613 quem
442 2537 506 2596 talis
527 2539 681 2597 necessitas
703 2537 741 2596 ad
763 2538 891 2597 ordinem
912 2541 1004 2596 traxit.
1049 2537 1129 2613 Quae
1153 2538 1190 2597 de

153 2624 202 2683 ille
224 2623 349 2684 dicturus
371 2641 442 2699 sum,
465 2641 501 2683 ex
522 2624 657 2684 relatione
680 2624 785 2683 domini
806 2624 965 2684 Hermanni
978 2624 1102 2684 Abbatis
1118 2624 1191 2684 Loci

154 2718 270 2771 sanctae
291 2709 401 2771 Mariae
425 2715 560 2788 cognovi,
583 2715 631 2787 qui
654 2711 777 2770 eundem
798 2711 945 2771 Abbatem
966 2711 1045 2785 vidit,
1065 2710 1191 2786 loquen-

154 2805 212 2858 tem
234 2799 351 2872 audivit,
372 2806 459 2874 atque
480 2805 577 2875 gestus
599 2799 673 2857 illius
696 2799 864 2876 diligentius,
886 2805 985 2874 utpote
1001 2801 1049 2874 qui
1060 2805 1191 2858 mortuus

153 2885 252 2960 iuerat,
272 2890 303 2943 'et
324 2888 433 2959 revixit,
456 2887 652 2945 consideravit.
688 2886 761 2943 Cum
783 2893 858 2944 esset
878 2887 997 2960 iuvenis,
1013 2889 1194 2945 comestoris

155 2973 331 3032 scholaribus
358 2972 492 3033 studebat
521 2973 644 3031 Parisiis.
696 2972 752 3048 Qui
781 2991 845 3031 cum
875 2979 950 3031 esset
977 2972 1039 3030 duri
1065 2974 1191 3049 ingenii,

156 3058 304 3134 labilisque
327 3063 495 3134 memoriae,
524 3063 564 3120 ita
591 3066 623 3117 ut
643 3077 716 3134 pene
737 3060 777 3117 nil
798 3066 896 3135 posset
917 3077 1018 3135 capere
1039 3057 1119 3140 rel⁹)
1141 3077 1191 3118 re·
1285 3067 1286 3080 ¹

39 3157 46 3168 ‘
155 3149 251 3220 tinere,
273 3147 311 3206 ab
334 3148 466 3206 omnibus
487 3146 663 3220 irridebatur,
686 3147 723 3204 ab
746 3148 878 3206 omnibus
894 3146 1191 3222 idiotaiudicabatm3

155 3233 230 3292 unde
253 3235 346 3308 coepit
366 3234 482 3307 turbari,
503 3233 656 3308 multisque
679 3233 823 3292 doloribus
846 3250 895 3292 cor
913 3237 972 3293 eius
985 3234 1080 3311 affligi.
1110 3233 1191 3292 Con·
1285 3239 1286 3244 ’

155 3323 217 3396 tigit
238 3328 270 3379 ut
292 3320 338 3379 die
359 3319 484 3395 quadam
515 3320 718 3396 infirmaretur,
748 3327 777 3379 et
803 3338 869 3379 occe
898 3320 987 3380 Satan
1019 3319 1111 3396 affuit,
1141 3325 1191 3397 qui

176 3488 203 3555 l)
222 3485 262 3540 Be
280 3504 385 3554 supra.
405 3517 435 3530 -
455 3489 487 3555 2)
506 3487 546 3540 Bc
564 3489 612 3540 add
631 3489 792 3549 dominus;
811 3488 885 3556 paulo
904 3499 960 3556 post
977 3487 997 3542 0
1014 3506 1055 3541 orn
1072 3489 1190 3543 Abbas.

224 3556 494 3625 annectentur
521 3561 601 3623 suis,
619 3559 639 3612 G
656 3561 804 3627 peccatis
831 3561 906 3612 suis.
928 3588 957 3599 -
977 3559 1009 3628 4)
1028 3558 1047 3611 C
1064 3559 1193 3612 adiudi-

224 3635 326 3677 catus.
346 3655 376 3666 -
405 3627 691 3695 5)Gsententiam
719 3631 833 3681 evasit.
854 3659 883 3669 -
912 3630 944 3697 6)
963 3629 984 3680 Ι)
1003 3632 1077 3681 sint.
1099 3658 1129 3670 -
1158 3633 1192 3698 7)

224 3695 497 3833 dlll'llor·i911)rucndi¹s.
516 3725 549 3738 -—
576 3700 608 3767 8)
626 3699 647 3751 B
665 3699 697 3754 in
714 3697 947 3764 ltlorimundus,
966 3697 1004 3752 GP
1023 3699 1193 3752 Morimen-

246 3781 281 3822 ts.
302 3795 332 3805 -
439 3784 493 3824 ul.
