2664 4308
157 289 197 350 34
462 283 689 351 emimonto
711 285 886 351 SEPTIMA

154 411 201 472 fec
222 412 274 470 tibi
285 409 370 470 hodie
382 424 417 471 ex
428 427 462 470 eo
472 410 563 472 lavari
575 409 592 492 ¹)
615 418 702 488 caput
713 414 803 476 tribus
813 412 926 489 vicibus
938 420 1005 472 anto
1017 413 1144 488 mamm,
1164 411 1197 472 in

155 500 270 559 nomine
291 498 384 558 Patris
406 505 435 558 et
454 498 519 557 Filii
540 505 569 559 et
590 499 713 575 Spiritus
735 501 840 574 sancti,
864 500 1018 575 statimque
1040 499 1196 560 curaberis.

156 585 195 646 Et
215 585 333 646 adiecit:
354 585 471 646 Accede
485 585 523 644 ed
543 603 600 646 me.
643 586 729 661 Quod
750 593 779 646 et
799 586 862 646 ieci.
904 585 1051 646 Flectente
1073 603 1120 646 me
1142 602 1196 646 co-

156 689 218 732 ram
240 689 275 733 ea
295 689 403 750 genua,
434 690 552 732 manum
572 689 658 748 super
680 679 767 749 caput
786 689 884 732 meum
903 689 1029 748 ponens,
1057 667 1128 732 aits
1145 671 1196 734 Ab

155 758 212 820 hee
239 759 312 820 hora
338 776 430 835 usque
458 755 524 840 ad²)
554 758 630 820 diem
657 763 756 820 mortis
783 766 851 819 tuae
879 776 938 819 non
967 747 1076 820 dolebis
1098 765 1197 835 ceput

155 845 244 908 Mane
266 863 334 908 vcro
349 846 463 908 cuidam
476 847 614 922 feminae,
647 863 722 924 quaa
750 863 798 906 me
818 849 952 922 nutrivit,
973 848 1070 908 omnia
1090 842 1197 926 haec²)

156 933 248 994 retuli.
298 933 379 1011 Quae
406 935 436 992 in
464 933 569 995 vellem
596 936 755 1010 proximum
783 933 975 1009 descendeus,
1008 940 1037 994 et
1065 939 1199 994 ostensos

157 1019 265 1082 fructus
286 1021 432 1097 colligens,
453 1020 599 1097 praedicto
621 1020 708 1081 modo
731 1027 924 1096 caputmeum
945 1019 1023 1096 lavit,
1039 1023 1198 1096 statimque

157 1109 298 1169 convalui.
339 1107 478 1168 Dolorem
492 1123 561 1168 vero
590 1109 689 1184 capitis
710 1124 858 1184 uunquam
871 1109 909 1167 ab
930 1107 980 1166 illa
999 1107 1072 1168 hora
1091 1125 1198 1186 passus

158 1213 235 1271 sum,
265 1213 330 1255 cum
357 1201 453 1254 temen
473 1194 532 1255 hoc
552 1196 581 1252 in
603 1193 700 1253 ordine
722 1197 791 1254 satis
812 1196 850 1253 sit
870 1194 1080 1254 miraculosum.
1122 1193 1199 1255 NO-

156 1281 302 1342 VIGIUS:
332 1279 372 1341 Ut
400 1280 485 1341 video
513 1281 654 1342 medicina
675 1282 778 1340 beatae
799 1279 925 1358 Virginis
945 1281 1016 1340 nihil
1038 1279 1200 1357 efficacius,

157 1367 198 1427 nil
207 1366 229 1450 ⁴)
252 1369 394 1428 salubrius
416 1375 468 1427 est
491 1367 727 1430 MONAOHUS:
748 1367 810 1428 Nec
831 1370 942 1428 mirum.
962 1368 1032 1445 Ipsa
1052 1368 1198 1428 medicum

156 1459 262 1534 genuit,
282 1458 346 1533 ipsa
366 1455 537 1515 medicinam
558 1458 669 1532 generis
682 1455 799 1514 humani
821 1471 857 1514 ex
878 1472 909 1514 se
926 1455 1069 1532 produxit.
1111 1454 1197 1516 Unde

157 1545 294 1619 scriptum
326 1547 384 1601 est:
419 1540 568 1602 Gecmlaet
601 1549 682 1602 terre
710 1541 832 1600 barbam
860 1545 1002 1602 virentem
1034 1543 1197 1602 seeundum

157 1649 250 1708 penus
278 1648 366 1690 soom
379 1625 408 1708 ⁸),
429 1627 460 1687 id
481 1635 525 1688 est
549 1628 644 1688 Maria
666 1628 810 1688 Christum
831 1627 985 1688 hominem.
1027 1629 1198 1688 Animatum

158 1734 261 1794 corpus
282 1727 406 1791 sumens,
434 1715 469 1775 de
496 1717 605 1794 virgine
631 1718 711 1775 nasci
734 1715 939 1792 dignatusest.
981 1714 1058 1796 Item,
1078 1731 1198 1792 expres-

157 1805 216 1864 sius
237 1805 266 1861 in
280 1802 495 1864 Ecclesiastico:
517 1805 684 1862 altissimus
706 1803 742 1861 de
756 1809 838 1862 tanc
852 1805 962 1862 maoch
979 1803 1154 1862 medicinam
1162 1797 1197 1876 ⁶),

156 1891 186 1950 id
209 1897 253 1950 est
280 1908 316 1949 ex
338 1906 423 1949 carne
444 1891 562 1968 virginis
583 1889 765 1949 salvatorem.
807 1887 895 1949 Jeme
915 1891 1116 1966 interpretatur
1137 1889 1198 1949 sul·

157 1984 240 2059 vator
261 1979 322 2038 sive
336 1977 468 2036 salutare.
512 1976 588 2052 Quia
601 1976 735 2052 salvator,
756 1975 884 2035 medicus
906 1982 958 2051 est,
979 1979 1047 2052 qula
1063 1976 1198 2052 salutare,

156 2064 299 2125 medicina
316 2067 368 2124 est.
411 2062 496 2138 Quod
509 2062 603 2123 Maria
614 2069 690 2123 terra
710 2065 755 2138 sit,
769 2065 850 2122 testis
873 2067 916 2122 est
928 2062 1029 2139 Isaias,
1051 2066 1099 2139 qui
1114 2062 1197 2123 dicit:

156 2155 320 2230 spectatur
338 2157 419 2210 terra
441 2157 469 2218 et
485 2153 628 2226 paratae
647 2151 836 2210 salvatorem.
879 2148 965 2225 Quod
986 2149 1023 2210 de
1043 2150 1100 2210 hac
1120 2157 1198 2211 terra

158 2246 270 2300 creatus
292 2241 342 2311 sit,
363 2236 439 2297 idem
460 2235 606 2313 Propheta
628 2236 696 2297 dicit
716 2238 746 2296 in
766 2253 890 2313 persona
909 2236 1016 2297 Patris:
1037 2237 1105 2313 Epo
1126 2237 1195 2297 Do-

153 2329 255 2386 minus
287 2328 385 2384 creavi
413 2325 498 2383 idern
510 2321 542 2396 1).
585 2323 623 2381 Et
644 2323 801 2399 Apostolus
823 2323 890 2383 dicit
919 2340 986 2384 eum
1012 2323 1130 2400 factum
1159 2342 1197 2386 ce·

156 2409 322 2490 matrerm).
366 2410 443 2486 Quid
471 2427 539 2488 ergo
568 2412 672 2470 mirum
699 2412 724 2470 si
751 2409 830 2487 apud
855 2412 949 2487 ipsam
979 2417 1046 2471 sunt
1065 2411 1196 2472 medica·

157 2506 255 2560 menta
275 2500 439 2574 sarcitatum,
456 2515 530 2574 quae
541 2497 640 2556 hortu
663 2504 706 2556 est
726 2496 906 2558 aromatum?
949 2498 1083 2558 Dilectae
1104 2515 1196 2573 tneor,

92 2585 96 2592 '
156 2589 260 2662 inquit,
282 2585 428 2645 descendit
447 2587 480 2644 irc
501 2585 622 2644 bortum
643 2601 747 2658 mom,
769 2583 798 2644 id
821 2591 864 2645 est
891 2587 920 2643 in
942 2591 1056 2645 uterum
1083 2602 1195 2661 meum,
1316 2581 1317 2609 ¹

156 2674 199 2734 od
219 2673 353 2732 areolam
374 2678 545 2730 arornctum
553 2667 586 2748 ⁹).
621 2669 777 2731 Considera
789 2669 905 2749 Rupem
921 2671 1073 2732 Amatoris
1088 2678 1117 2731 et
1137 2671 1197 2732 elia

155 2756 221 2820 loca
241 2761 270 2818 in
291 2759 398 2819 honore
419 2760 508 2834 ipsius
531 2757 633 2832 dicata,
655 2763 684 2817 et
704 2774 763 2817 non
776 2759 932 2834 miraberis,
953 2760 978 2818 si
993 2765 1095 2835 parate
1111 2759 1197 2818 luerit

155 2847 194 2908 ad
214 2844 396 2922 medendum,
418 2851 446 2904 et
461 2843 562 2905 efficax
582 2843 620 2904 ad
641 2844 809 2904 sanandum.
852 2843 935 2905 Unde
956 2847 985 2905 in
1006 2844 1106 2905 Monte
1118 2845 1195 2906 Pes-

155 2935 272 3008 sulano‚
301 2934 351 2992 ubi
371 2933 434 2992 fons
457 2937 501 2990 est
521 2932 589 2990 artis
610 2929 763 3008 physicae,
785 2937 879 2992 tantem
902 2937 1035 3009 operabrr
1055 2927 1195 2994 sanitates

153 3023 182 3080 in
205 3019 330 3096 quadam
350 3035 404 3078 sua
432 3016 567 3092 ecclesia,
595 3026 628 3076 ut
648 3017 751 3078 medici
778 3019 888 3094 gratiae
915 3018 1089 3095 invidentes,
1115 3037 1194 3095 pau-

152 3107 275 3186 perculis
296 3104 503 3166 infirmantibus
533 3110 562 3163 et
589 3121 641 3181 pro
669 3104 795 3164 remedio
824 3107 978 3165 sanitatum
1006 3105 1045 3166 ad
1067 3123 1097 3166 ss
1119 3124 1194 3167 oon·

152 3194 305 3255 fluentibus
333 3192 426 3252 dicere
455 3189 581 3252 soleant:
613 3191 659 3252 Ito
691 3191 730 3251 ad
751 3191 902 3253 ecclesiam
929 3199 1046 3254 sanctae
1066 3191 1192 3270 Mariae,

153 3282 260 3343 deferte
283 3279 433 3355 etlumen,
455 3285 483 3339 et
500 3280 641 3356 recipietis
659 3281 818 3339 sanitatem.
850 3279 889 3338 Et
910 3296 976 3339 cum
996 3279 1053 3364 hoc
1073 3283 1193 3361 yronica

151 3369 259 3446 dicant,
287 3383 429 3444 pauperes
464 3367 501 3427 ab
532 3367 573 3426 eis
610 3368 690 3442 passi
717 3365 877 3442 repulsam,
907 3365 1059 3443 adipeam
1087 3368 1193 3429 confu-

149 3457 238 3536 giunt,
260 3461 290 3514 et
302 3461 446 3515 sanantur.
488 3452 634 3528 Numquid
654 3470 713 3513 non
733 3451 815 3513 rides
837 3471 924 3529 quam
945 3453 1067 3514 celerem
1080 3458 1193 3518 samta-

150 3550 209 3604 tem
241 3548 451 3619 consequantur
481 3540 688 3615 febricitantes,
719 3541 856 3600 ieiunium
886 3543 972 3601 trium
1003 3541 1192 3605 sabbatorum

131 3753 133 3764 ·
168 3729 200 3798 i)
217 3726 238 3781 B
256 3728 375 3780 levare.
389 3757 420 3769 -
434 3727 466 3796 2)
484 3725 505 3780 B
522 3726 560 3780 in.
578 3755 609 3767 ·-
624 3725 656 3794 3)
674 3724 753 3778 haee
769 3724 819 3778 edd
838 3725 867 3778 Β.
881 3755 912 3768 ·-
927 3727 960 3796 4)
977 3725 998 3780 Β
1014 3727 1060 3780 nil
1079 3757 1110 3769 -
1128 3729 1191 3796 nil,

217 3797 361 3851 centhii
379 3827 412 3837 -
430 3797 521 3850 nihil.
541 3827 572 3840 ·-
592 3796 624 3865 5)
642 3796 732 3850 (leues.
751 3795 774 3862 l,
793 3796 835 3848 24.
853 3809 887 3836 ὲ-
904 3797 937 3865 6)
954 3796 1032 3855 Eeeli.
1048 3797 1092 3865 38,
1109 3799 1135 3852 4,
1156 3829 1188 3842 -

217 3867 249 3937 7)
266 3868 322 3921 lsai.
340 3869 384 3935 45,
402 3871 427 3923 8.
446 3899 477 3910 -
496 3869 528 3938 8)
546 3866 626 3922 Galat.
645 3867 671 3933 l,
688 3868 714 3919 d.
732 3897 761 3908 -
784 3866 816 3935 9)
834 3864 906 3920 Cant.
925 3870 951 3934 6,
972 3868 1019 3920 1.·
1170 3892 1176 3906 ν
