2538 4314
410 206 469 265 DE
492 206 766 304 CONTRITIONE.
1070 214 1109 272 83

87 320 263 386 NOVICIUS:
296 325 417 387 Metuit
446 346 515 405 ergo
544 329 703 406 vigilando,
738 329 906 405 ieiunando,
938 331 1110 407 laborando,

86 411 227 487 obediendo,
249 412 378 490 aliisque
405 411 540 490 operibus
561 419 697 492 iustitiae,
720 417 857 493 quamdiu
878 419 907 476 in
927 419 975 476 illo
998 420 1110 479 mortali

83 496 141 556 fuiti
176 498 424 562 MONACHUS:
448 502 646 578 Nequaquam,
669 506 735 578 quia
757 521 845 579 opera
866 511 945 564 extra
963 508 1110 566 caritatem

82 583 158 658 facta,
177 593 289 646 mortua
313 594 405 664 sunt,
440 595 470 648 et
491 608 635 666 nunquam
656 593 838 650 reviviscunt.
881 591 945 652 Vae
967 609 1033 669 ergo
1055 594 1110 654 illis

82 673 119 746 qui
137 675 255 748 quotidie
277 677 310 733 in
333 675 398 734 Dei
420 679 536 735 servitio
557 677 778 752 mortificantur,
806 685 834 738 et
854 679 924 736 nihil
943 679 1010 738 inde
1031 698 1108 739 rner-

80 759 141 817 cedis
159 763 186 818 in
207 764 267 821 vita
299 769 430 822 aeterna
461 770 676 839 consequuntur.
725 763 810 822 Multi
830 767 885 824 ista
906 767 1049 842 ignorant,
1072 768 1108 828 de

78 845 139 904 finali
157 851 338 922 poenitentia
361 849 522 926 plurimum
542 857 765 926 praesumentes,
787 854 944 912 nescientes
958 857 1109 929 poeniten-

77 937 139 1008 tiam,
161 953 234 1011 quas
256 938 288 994 in
311 936 377 996 fine
401 938 506 1012 agitru,
526 945 558 995 ut
579 955 666 1013 supra
688 939 795 997 dictum
819 946 869 1013 est,
890 945 950 998 tam
972 943 1108 1002 incertam

76 1036 132 1078 esse.
171 1023 278 1082 Dicam
301 1023 361 1082 tibi
383 1029 486 1081 tamen
508 1025 636 1100 exempla
658 1024 692 1084 de
716 1025 836 1100 duobus,
860 1043 895 1085 ex
917 1027 1019 1101 quibus
1033 1045 1108 1086 nnus

74 1107 163 1168 infine
182 1109 293 1186 fictam,
317 1110 398 1170 alter
420 1127 519 1168 veram
541 1113 598 1189 egit
618 1114 831 1188 poenitentiam.

433 1298 660 1362 CAPITULUM
681 1302 751 1362 XV.

71 1443 109 1500 De
127 1449 270 1503 canonico
294 1443 480 1513 Panassa,
503 1446 553 1516 qai
574 1447 765 1502 sacramentis
786 1447 818 1501 in
836 1444 895 1520 fiac
911 1449 1106 1520 participans,

87 1537 192 1606 etpost
212 1539 349 1592 mortem
374 1528 496 1587 cuidam
518 1547 672 1604 appareas,
695 1531 770 1589 dtcit
791 1548 821 1588 se
842 1531 878 1589 ob
900 1549 962 1591 noa
982 1549 1085 1592 veram

340 1617 550 1675 contritionem
572 1617 750 1676 damnatum
772 1635 837 1676 csse.

121 1774 237 1834 Parisiis
258 1776 292 1832 in
318 1771 448 1832 ecelesia
468 1757 582 1830 sanctae
603 1770 660 1830 Dei
682 1774 823 1848 genitricis
856 1772 965 1832 Mariae
987 1778 1106 1834 canoni-

72 1876 112 1918 cus
124 1861 241 1936 quidam
252 1877 354 1936 nuper
365 1859 447 1930 obiit,
465 1860 511 1931 qui
522 1859 612 1916 multa
621 1858 732 1918 habens
743 1860 892 1934 stipendia,
907 1861 1107 1920 delicatissime

70 1948 173 2008 dierat.
216 1949 257 2009 Et
282 1949 357 2022 quia
380 1962 420 2003 ex
441 1944 553 2018 deliciis,
575 1947 698 2004 maxime
721 1962 756 2004 ex
773 1943 789 2025 ¹)
811 1946 856 2014 his
879 1965 953 2022 quae
981 1949 1019 2006 ad
1049 1967 1105 2024 gu-

70 2031 117 2092 lam
135 2038 300 2110 pertinent,
329 2031 422 2091 libido
451 2034 587 2106 nascitcu,
614 2038 684 2090 nata
711 2036 847 2107 nutritur,
877 2041 906 2092 ct
935 2035 1106 2108 quotidianis

70 2122 119 2180 eius
138 2123 340 2182 incitamentis
371 2124 583 2191 augmentatur:
615 2118 692 2176 idem
721 2121 831 2178 iuvenis
860 2120 946 2179 valdc
978 2123 1106 2180 tunicam
1203 2179 1207 2191 ,

70 2211 149 2268 carnis
170 2227 243 2268 suae
267 2206 444 2279 maculavit,
473 2211 501 2264 st
527 2212 587 2265 tam
619 2205 667 2264 illo
700 2222 786 2280 quam
811 2206 877 2273 aliis
899 2209 961 2266 suis
979 2210 1105 2282 pcccatis

69 2295 128 2354 iram
148 2297 205 2356 Dei
226 2299 259 2354 in
283 2311 317 2354 se
340 2294 517 2374 provocavit.
560 2291 690 2350 Tandem
711 2310 762 2366 per
788 2293 980 2352 infirmitatem
1002 2302 1105 2367 tactus

70 2383 157 2442 inore
178 2385 287 2442 mortis
312 2379 520 2440 confessionem
541 2380 616 2452 fecit,
637 2385 757 2453 peccata
780 2379 902 2454 deflevit,
927 2382 1104 2440 emendatio-

70 2484 125 2526 nem
145 2472 289 2545 promisit,
312 2467 744 2540 viaticumaccepit‚in1urctus
766 2473 824 2540 est,
846 2466 990 2526 hominem
1013 2467 1104 2543 depo·

71 2559 124 2613 suit.
155 2556 248 2615 Cuius
273 2571 390 2630 corpus,
411 2558 511 2626 utpoto
531 2555 584 2610 viri
605 2553 709 2610 nobilis
731 2553 891 2628 divitisque,
914 2571 978 2614 curn
999 2573 1105 2630 magna

71 2657 164 2718 pompa
186 2642 349 2703 saecularis
371 2639 479 2723 gloriae
499 2638 671 2698 tumulatum
694 2647 746 2698 est.
787 2640 826 2698 Et
847 2648 907 2698 erat
934 2645 964 2699 in
986 2641 1035 2700 illa
1057 2642 1103 2700 dic

71 2735 140 2789 tauta
160 2731 320 2802 serenitas,
348 2735 382 2785 ut
402 2729 463 2802 ipse
485 2743 533 2784 aer
554 2729 616 2786 cius
638 2729 779 2800 exsequiis
800 2727 930 2786 famulari
951 2728 1102 2787 videretur.

71 2814 262 2893 Dixeruntque
284 2816 419 2874 homines
440 2812 477 2872 ad
498 2815 633 2872 invicem:
670 2812 763 2874 Multa
784 2814 862 2873 bona
871 2817 1012 2890 praestitit
1021 2815 1119 2874 Deus·

72 2901 167 2962 homini
188 2907 247 2964 isti.
302 2901 382 2960 Nihil
411 2902 436 2958 ei
466 2899 553 2958 deluit
581 2900 684 2958 horum
717 2917 790 2974 quae
816 2901 904 2960 homo
927 2901 1102 2960 Christianus

72 2987 167 3051 habere
198 2991 310 3050 debuit.
353 2987 512 3046 Dominicis
540 2988 724 3045 sacramentis
750 2989 875 3046 munitus
905 2995 962 3062 cst,
995 3006 1044 3047 aer
1073 2991 1102 3047 in

74 3078 124 3136 eius
150 3081 424 3148 morteserenatus
453 3079 511 3148 est,
542 3091 609 3133 curn
637 3073 727 3131 multa
738 3070 758 3152 ²)
788 3073 880 3150 gloria
901 3075 1028 3150 sepultus
1051 3083 1103 3134 est.

74 3162 123 3222 Sed
142 3165 229 3226 homo
251 3164 335 3223 videt
356 3165 386 3224 in
406 3161 493 3235 facie,
524 3161 606 3221 Deus
634 3165 730 3218 autern
751 3163 876 3220 intuetur
898 3159 987 3240 eorl).
1031 3161 1102 3222 Post

75 3266 172 3326 paucos
194 3252 254 3311 dies
279 3248 396 3310 cuidam
418 3248 472 3306 sibi
493 3247 577 3306 valde
598 3247 728 3307 familiari
749 3265 905 3322 apparens,
935 3249 1048 3308 dicebat
1069 3267 1101 3308 sc

76 3353 130 3397 esse
151 3339 330 3400 damnatum.
364 3334 492 3410 Cumque
513 3330 662 3393 miraretur
680 3331 728 3392 ille
751 3342 779 3393 et
797 3337 1008 3409 expavesceret,
1028 3352 1101 3410 poc-

77 3425 209 3486 nitentianc
231 3429 296 3484 eius
320 3429 407 3496 atquc
430 3421 651 3495 consessionem,
682 3438 793 3480 sacram
815 3423 901 3480 etiam
923 3425 1101 3482 communio-

78 3527 134 3570 nem
153 3520 180 3573 et
188 3512 388 3572 inunctionem
407 3525 640 3582 commemorans,
660 3507 806 3582 respondit
817 3507 982 3568 defunctus:
1004 3508 1101 3568 Unum

78 3595 172 3659 bonum
191 3601 262 3660 mihi
285 3596 387 3670 defuit,
408 3597 467 3655 sine
490 3612 546 3670 quo
568 3594 679 3653 nullum
700 3595 817 3670 horum,
840 3612 914 3670 quae
937 3601 1104 3656 enumerata

95 3783 121 3852 i]
136 3801 167 3838 ex
188 3805 228 3844 orn
254 3785 307 3840 cit.
332 3811 363 3821 -
388 3781 454 3850 2)1²
476 3797 597 3853 magna.
618 3809 647 3818 -
675 3781 706 3849 3)
728 3780 789 3850 lieg.
809 3779 835 3844 1,
859 3779 905 3843 16,
929 3783 953 3866 7.
