2664 4308
159 250 198 308 60
463 245 691 308 DISTINOTIO
713 243 888 306 SEPTIMA

158 371 219 430 Iste
245 371 316 429 miro
341 368 428 428 modo
450 369 578 429 ordinem
598 375 727 428 nostrum
749 367 895 444 diligebat.
943 365 1010 426 Hoc
1030 382 1107 427 anno
1128 383 1198 426 curn

116 465 124 472 “
160 473 249 516 naves
277 455 382 515 ordinis
408 471 460 532 per
480 456 647 516 Zelandiam
676 457 776 515 timore
798 453 976 530 praedonum
997 456 1117 514 trmlire
1137 469 1196 514 uon

161 543 306 618 auderent,
326 560 422 602 rumor
442 545 521 602 venit
542 543 705 616 Coloniam,
732 541 811 617 quod
832 557 933 600 omncs
955 547 1051 600 essent
1072 540 1197 617 deprae-

163 630 256 689 datae.
297 629 336 688 Et
357 629 488 690 dixerunt
509 629 640 706 quidam:
662 628 747 689 Justc
769 635 865 688 actum
887 633 932 687 est
953 645 1019 687 cum
1040 629 1097 704 cis,
1131 644 1198 687 mo·

162 716 245 777 nachi
273 719 353 776 avari
381 723 461 792 sunt,
489 723 662 777 mercatores
690 721 770 790 eunt,
798 715 879 774 Deus
907 714 1020 774 illorum
1046 717 1200 775 avaritiam

164 806 301 864 sustinere
330 821 387 862 non
419 809 523 879 potest.
572 803 745 862 Huiusmodi
775 802 871 861 verbis
892 800 1055 877 praedictus
1075 798 1201 878 puer‘in

161 896 272 949 tantum
299 893 422 952 irritatus
438 887 455 970 ¹)
477 897 533 966 est,
561 897 595 949 ut
622 890 688 948 odio
717 889 855 948 adversus
884 887 1012 948 ordinem
1043 894 1201 965 concepto,

161 977 288 1053 religioni
310 977 478 1052 detraheret,
502 993 555 1037 nec
577 992 670 1052 aequo
693 975 776 1036 oculo
798 974 971 1035 monachum
991 976 1053 1035 sive
1075 990 1201 1035 conver·

162 1081 225 1123 sum
250 1067 391 1140 respicere
419 1070 525 1140 posset.
567 1063 658 1124 Nocte
687 1062 812 1138 quadam
837 1064 867 1122 in
895 1063 1002 1122 somnis
1028 1068 1095 1122 ante
1123 1064 1201 1122 ima·

161 1153 256 1227 ginem
283 1151 339 1209 Dei
366 1151 517 1210 Genitricis
544 1151 599 1209 sihi
627 1157 702 1210 stare
730 1148 891 1210 videbatur.
935 1148 1029 1225 Quem
1058 1166 1124 1210 cum
1150 1147 1202 1208 illa

162 1241 288 1297 screnus
308 1228 495 1311 intueretur,¹
511 1243 539 1296 ct
560 1253 631 1312 puer
651 1242 798 1310 tremeret,
826 1237 929 1295 taciem
957 1236 995 1295 ab
1026 1253 1060 1296 co
1083 1238 1203 1308 avertit,

163 1327 204 1384 sic
226 1324 335 1384 dicens:
365 1324 458 1384 Maior
477 1339 561 1398 puer,
590 1326 703 1398 optimis
725 1325 823 1382 andeis
844 1325 915 1382 meis
948 1339 1022 1398 quos
1054 1323 1150 1383 habco
1171 1325 1203 1380 in

163 1417 224 1471 toto
245 1411 367 1485 mundo,
394 1409 540 1470 maledicis
555 1411 599 1469 ‘et
626 1409 758 1469 detrahis.
802 1407 886 1485 Quod
915 1411 1036 1470 verbum
1056 1409 1104 1469 ille
1125 1409 1204 1468 hene

164 1497 337 1574 inteffigens,
366 1504 395 1556 et
417 1515 451 1556 ex
473 1503 578 1557 terrore
601 1497 756 1572 origines,
784 1512 911 1555 amorem
932 1498 1088 1556 extinctum
1108 1497 1205 1572 matis

164 1587 268 1644 beatae
288 1585 413 1661 Virginis
433 1586 463 1642 in
484 1586 545 1643 eius
567 1582 652 1642 corde
673 1582 844 1642 reaccendit.
887 1582 973 1658 Quod
995 1590 1092 1643 autem
1108 1583 1203 1660 Virgo

165 1673 291 1748 piissima
312 1675 477 1746 spernentes
498 1687 530 1730 se
547 1669 720 1745 quandoque
728 1666 749 1750 ²)
771 1671 872 1744 puniat
893 1676 922 1728 ot
942 1670 1079 1745 humiliet,
1100 1685 1204 1728 exem-

164 1758 219 1834 phs
252 1758 364 1818 duobus
395 1759 448 1817 tibi
479 1757 638 1818 ostendam.
689 1755 757 1816 Alia
788 1773 835 1816 mc
866 1759 982 1816 memini
1011 1757 1064 1815 tibi
1096 1753 1205 1815 dixisse

166 1847 295 1921 superius
309 1844 344 1906 de
354 1845 533 1904 invasoribus
546 1845 760 1919 possessionum
772 1843 844 1902 Loci
859 1849 975 1904 mactae
989 1841 1107 1917 Mariae,
1129 1859 1205 1918 quos

166 1932 333 2008 humiliavit,
355 1938 383 1992 et
404 1931 499 1992 adhuc
520 1930 668 1990 humiliare
687 1947 747 1989 non
768 1929 880 1990 desinit.

504 2099 752 2186 carmenum
765 2119 862 2180 xum.

242 2247 290 2305 De
306 2263 407 2322 poeno
428 2243 592 2322 Sybodonir
614 2250 642 2302 et
663 2245 811 2302 sociorum
832 2246 902 2318 cius,
927 2242 963 2304 ob
984 2246 1128 2303 iniuriam

549 2329 653 2389 beatae
683 2329 819 2405 Virginis.

233 2452 318 2513 Anno
339 2453 492 2528 praeterito
512 2450 569 2511 duo
583 2450 687 2510 milites
707 2451 843 2526 germani,
863 2447 1060 2509 ministeriales
1080 2447 1208 2510 Palatini

171 2541 287 2601 Comitis
315 2539 424 2612 Rheni,
460 2555 496 2596 ex
528 2539 632 2613 quibus
661 2554 735 2596 unus
757 2535 891 2613 Syhodo,
913 2535 984 2596 alter
1015 2535 1208 2596 Baldcmarus

169 2628 336 2700 vocabatur,
357 2625 453 2683 multis
470 2641 568 2683 secum
591 2625 753 2699 assumptis,
774 2629 885 2682 armata
905 2639 994 2682 mauu
1014 2629 1155 2682 venerunt
1176 2627 1208 2683 in

169 2713 266 2773 villam
284 2707 440 2790 Cussele⁸),
461 2711 554 2769 iorum
575 2727 670 2770 rerum
690 2709 835 2768 venalium
856 2712 885 2768 in
906 2710 1005 2769 odium
1019 2709 1209 2770 Walerammi

170 2801 288 2862 Comitis
317 2799 353 2859 da
379 2797 583 2874 Lutzclinhurg
604 2796 774 2872 spoliantes,
803 2803 833 2856 et
853 2794 943 2854 multa
964 2813 1070 2872 pecora
1089 2795 1208 2874 aliaque
1310 2843 1311 2870 ἶ

170 2889 274 2949 diversi
286 2887 399 2963 generis
412 2883 503 2960 spolia
519 2901 617 2944 secum
639 2882 821 2944 deducentes.
864 2883 934 2942 Erat
955 2886 1030 2944 enim
1051 2885 1080 2942 in
1101 2881 1208 2944 eadem
1310 2873 1311 2938 3

71 2975 73 2980 ’
171 2976 216 3035 die
244 2973 346 3050 triplex
374 2971 563 3046 sollemnitas,
598 2970 658 3030 dies
686 2969 818 3029 videlicet
844 2969 1026 3044 Domiuieus,
1061 2969 1208 3030 Nativitas
1259 3013 1263 3028 .

170 3067 286 3122 sanctae
307 3060 364 3120 Dei
386 3057 549 3131 Genitricis,
583 3064 611 3117 et
639 3056 779 3116 dedicatio
802 3055 939 3117 ccclesiae
962 3055 1087 3116 eiusdem
1108 3055 1209 3116 villae.
1310 3093 1311 3100 .

170 3149 262 3212 Nocte
282 3146 464 3224 praecedenti
485 3145 598 3204 cuidam
620 3141 700 3202 militi
722 3161 757 3203 ex
775 3143 930 3202 'comitibus
948 3142 1109 3220 Syhodonis
1130 3144 1207 3203 visio

168 3236 234 3296 talis
255 3241 371 3295 ostensa
392 3240 443 3292 est.
485 3231 607 3292 Beatam
621 3231 769 3306 Virginem
782 3228 887 3290 Christi
900 3228 1022 3304 pedihus
1043 3229 1114 3289 vidit
1134 3246 1208 3305 pro-

169 3323 311 3397 volutam,
335 3327 364 3380 et
384 3336 456 3380 voce
478 3319 554 3378 clara
576 3317 729 3377 dicentem:
759 3316 925 3392 conqueror
945 3317 997 3376 tibi
1018 3316 1142 3390 Domine
1165 3316 1208 3376 fili

169 3410 205 3470 de
219 3407 374 3486 Syhodone
396 3413 424 3466 ct
438 3405 624 3481 complicibus
640 3406 708 3479 eius,
730 3399 825 3482 quim)
842 3403 1048 3463 dedicationem
1066 3402 1208 3464 ecclesiae

169 3491 280 3576 meael)
302 3495 500 3568 turbaverunt,
528 3492 716 3567 hominesque
735 3490 775 3550 ad
797 3489 875 3552 illam
898 3490 1072 3576 conduentes
1094 3489 1208 3568 spolia-

186 3615 217 3682 1)
234 3611 319 3667 acui>
335 3611 449 3694 iratus.
464 3608 537 3692 Δ).
556 3607 751 3676 quandoque
768 3621 808 3658 om
827 3605 876 3659 BG.
896 3633 927 3646 -
946 3605 979 3727 3?
995 3605 1045 3658 Vll.
1063 3604 1208 3689 Engclh3l,

236 3686 268 3735 4:
287 3679 562 3747 ,hedriicaveratenrm
579 3677 718 3730 Wahamus
745 3685 854 3728 castrum
879 3684 906 3727 et
928 3675 1012 3728 vrlam
1035 3674 1162 3727 forensem
1180 3691 1209 3728 ιιι

236 3753 334 3806 unaco
350 3749 507 3812 Coloniensi,
533 3763 608 3815 quum
626 3747 742 3799 dominus
759 3745 925 3798 archielectus
942 3744 1066 3798 destruxit
1082 3753 1109 3798 ct
1127 3760 1210 3798 exus

237 3825 293 3876 sit.“
315 3851 342 3862 -
365 3821 397 3887 4)
416 3817 499 3871 acui)
516 3819 575 3886 qui.
596 3847 626 3858 —
647 3818 678 3885 5)
697 3831 784 3868 meae
802 3832 843 3868 om
862 3816 891 3868 l).
