2628 4310
206 263 268 323 aso
487 261 713 351 unumque
739 261 950 326 unaucurt

206 389 236 444 et
255 381 384 443 veuitad
402 382 581 443 sacerdotem
602 400 685 444 suum
708 384 805 446 diceus
838 386 1008 446 daemonem
1029 385 1130 444 exisse.
1166 383 1234 444 Post

203 468 353 546 parrlulum
375 485 443 530 vero
464 471 577 530 rediens
599 470 738 548 diabolus,
759 475 874 549 gravius
895 487 1001 532 vexare
1014 473 1147 531 miseram
1168 487 1234 530 coe·

203 558 255 632 pit.
296 555 434 616 Adducta
450 562 494 616 est
514 559 601 634 igitur
621 557 660 618 ad
680 559 866 635 sacerdotem,
888 560 938 635 qui
959 560 1044 635 quasi
1064 559 1235 620 concionan-

205 640 242 703 do
266 659 332 702 cum
353 641 477 718 diabolo,
498 645 592 721 coepit
614 661 681 704 eum
702 647 876 723 interrogare
898 652 927 706 et
948 644 1058 705 dicere:
1085 644 1176 704 Miser
1205 650 1235 702 tu

128 741 133 758 “
205 727 348 789 exierasl.
367 729 414 789 Ita
435 735 486 804 est,
507 732 606 806 inquit.
637 731 747 807 litubi,
768 734 817 807 ait,
841 731 918 791 fuisti
937 730 1055 792 infelix?
1099 730 1233 808 Respon-

204 815 260 890 dit,
286 814 519 904 Hemmenroue,
550 817 588 875 Et
611 817 694 893 quid,
722 820 828 894 inquit,
854 819 895 878 ibi
916 817 1029 878 fecisti?
1083 815 1133 876 Ad
1161 815 1236 894 quod

204 901 350 962 diabolus:
372 901 504 961 Konicho
525 903 566 962 ibi
587 905 701 964 iacebat
721 922 806 981 super
819 911 948 980 mattam,
963 911 991 965 et
1012 904 1139 964 debebat
1159 906 1238 964 mori

130 1026 134 1046 .
203 987 252 1048 Ad
274 989 355 1049 cuius
377 991 526 1048 transitum
547 990 713 1050 festinantes
727 1009 801 1068 pene
816 991 978 1069 quindecim
993 989 1081 1050 millia
1096 992 1237 1050 sociorum

202 1092 347 1150 meorum,
377 1093 442 1134 cum
464 1078 588 1136 maximo
611 1077 733 1153 tripudio
755 1079 802 1138 hic
834 1079 1002 1139 transibant
1051 1079 1091 1137 Et
1117 1077 1238 1137 videbar

202 1163 272 1222 mihi
293 1179 439 1239 nunquam
459 1163 596 1238 gaudium
617 1163 734 1239 aliquod
754 1165 919 1239 habiturus,
947 1165 1001 1223 nisi
1026 1164 1145 1223 ivissem
1175 1182 1238 1224 cum

203 1250 253 1309 eis.
306 1248 406 1310 Sciens
428 1257 525 1308 autem
563 1268 616 1308 vas
645 1250 722 1310 istud
751 1252 821 1311 milri
851 1250 1001 1326 traditum,
1034 1261 1081 1310 nic
1108 1253 1238 1310 amittere

202 1352 260 1395 non
281 1352 376 1412 posse,
397 1335 497 1411 reliqui
519 1335 588 1395 illud
610 1336 648 1396 ad
669 1343 791 1414 tempus,
813 1345 842 1398 et
858 1340 897 1398 ivi
919 1355 985 1398 eum
1007 1339 1056 1396 eis.
1100 1337 1238 1413 Dixitque

202 1421 355 1482 sacerdos:
378 1421 454 1498 Quid
476 1429 572 1482 actum
593 1431 638 1482 est
664 1424 725 1484 ibi?
775 1423 935 1500 Respondit
950 1423 1097 1486 diabolus:
1127 1424 1238 1500 Super-

202 1515 341 1568 veucruut
361 1507 504 1569 maledicti
532 1512 671 1570 tonsurati
691 1512 740 1586 illi,
762 1517 791 1570 ct
806 1515 1022 1571 circumstantes
1044 1509 1180 1586 cadaver,
1201 1515 1239 1570 ita

201 1594 296 1656 valide
316 1596 454 1671 populare
466 1593 483 1675 ¹)
506 1603 669 1672 coeperunt,
691 1597 769 1674 quod
781 1597 876 1657 nullus
897 1603 1026 1657 nostrum
1046 1599 1167 1673 propius
1190 1615 1238 1657 ae·

203 1682 304 1743 cedere
336 1699 424 1742 ausus
452 1682 512 1741 luit
559 1682 641 1743 Dixit
665 1686 773 1744 iterum·
797 1683 947 1744 sacerdos:
976 1683 1015 1743 Et
1042 1685 1093 1742 ubi
1123 1683 1238 1745 devenit

201 1768 316 1828 animai
358 1768 519 1847 Respondit
539 1768 681 1830 diabolus:
704 1770 751 1830 Ad
774 1770 863 1846 pedes
883 1769 1032 1830 Altissimi.
1080 1770 1120 1828 Et
1142 1771 1238 1831 videte

200 1855 270 1916 boui
290 1856 428 1930 homiues,
450 1861 557 1931 quanta
577 1858 660 1917 nobis
681 1859 783 1916 iniuria
799 1860 836 1916 sit
856 1857 944 1916 illata.
986 1856 1083 1917 Homo
1104 1859 1162 1917 iste
1185 1875 1237 1916 no·

199 1942 245 2002 bis
267 1944 404 2002 servierat
425 1942 489 2018 plus
511 1960 598 2019 quam
620 1944 810 2022 quadraginta
830 1946 920 2019 annis,
942 1943 980 2002 ad
994 1960 1109 2003 omnem
1132 1945 1238 2004 volun·

200 2035 289 2089 tatem
309 2035 438 2088 nostram
458 2034 543 2088 nocte
565 2047 600 2089 ac
611 2031 657 2089 die
677 2033 872 2106 paratissimus
879 2051 890 2106 ,·
912 2037 941 2090 et
961 2029 1047 2089 modo
1070 2030 1164 2092 tribus
1187 2049 1239 2091 au·

200 2117 244 2176 nis
266 2122 378 2175 tautum
399 2115 479 2176 alteri
501 2118 617 2176 servivit
639 2117 770 2192 domino,
798 2123 826 2177 et
847 2117 894 2176 ille
915 2117 998 2176 uobis
1021 2116 1142 2176 abstulit
1165 2135 1238 2178 eum.

202 2201 276 2262 (ium
296 2204 381 2278 igitur
401 2202 485 2262 nobis
511 2205 606 2262 anima
627 2204 800 2279 auferretur,
820 2203 914 2264 lurore
937 2205 1088 2279 commoti,
1109 2205 1140 2262 in
1164 2206 1238 2263 invi·

100 2347 107 2364 „
201 2295 339 2352 cenatote
354 2288 560 2348 debachatione
572 2293 693 2366 grassati
706 2309 814 2350 sumus.
845 2291 884 2350 Et
899 2307 953 2366 ego
967 2289 1054 2350 modo
1070 2307 1130 2349 non
1145 2291 1239 2352 habeo

201 2376 252 2434 ubi
273 2393 319 2435 me
340 2375 491 2452 vindicem,
512 2378 565 2434 nisi
577 2379 606 2435 in
619 2377 674 2436 hoc
696 2377 814 2436 vasculo
836 2377 914 2453 quod
936 2377 1005 2436 mihi
1026 2376 1166 2438 traditum
1191 2384 1239 2437 est

201 2461 365 2522 Transactis
386 2469 482 2522 autem
503 2466 602 2539 paucis
617 2464 717 2524 diebus
738 2471 890 2540 postquam
911 2479 957 2522 rcs
978 2465 1139 2541 praemissa
1160 2483 1240 2524 com·

201 2556 284 2626 perta
304 2555 348 2609 est
367 2551 398 2607 in
412 2548 558 2631 claustro,
581 2546 735 2611 Hernicus
753 2549 870 2626 quidam
891 2549 1050 2609 monachus
1070 2568 1124 2626 per
1145 2559 1241 2627 partes

201 2636 265 2695 illas
293 2638 443 2695 transitum
470 2637 606 2696 habebat.
661 2636 717 2714 Qui
746 2639 839 2696 sciens
857 2638 925 2713 quia
953 2634 1085 2696 diabolus
1115 2637 1241 2698 mendax

203 2728 247 2782 est
268 2728 297 2781 et
317 2729 399 2798 pater
430 2723 586 2798 mendacii,
619 2726 738 2800 experiri
769 2724 861 2783 voluit
891 2723 976 2782 huius
1007 2725 1049 2782 rei
1081 2727 1241 2784 venetum.

202 2809 355 2869 Diverteus
376 2811 463 2886 igitur
482 2810 521 2870 ad
537 2810 684 2870 obsessam
698 2809 854 2885 mulierem,
875 2811 1061 2886 intersignum
1083 2827 1143 2886 quo
1166 2809 1242 2872 credi

202 2901 300 2974 posset
323 2898 462 2971 quaesivit
484 2915 502 2955 a
524 2896 673 2960 daemone.
728 2895 769 2960 At
801 2896 849 2956 ille
869 2899 961 2972 primo
983 2896 1075 2956 noluit
1096 2897 1241 2970 confiteri;

203 2982 255 3042 sed
276 3001 295 3043 a
316 2983 457 3043 monacho
478 2985 644 3044 iuramentis
667 2985 849 3059 constrictus,
871 2983 955 3059 dixit,
985 2985 1053 3060 quia
1073 2983 1241 3045 Abbatulus

202 3078 269 3129 tuus
290 3087 409 3128 manum
420 3071 565 3130 morientis
577 3073 606 3128 iu
618 3089 705 3130 manu
715 3089 768 3130 sua
779 3071 877 3131 tenuit.
921 3067 1004 3150 Cui²)
1026 3070 1068 3130 rei
1081 3071 1242 3131 monachus

203 3156 251 3215 ille
274 3157 412 3230 conscius,
434 3156 497 3215 aliis
519 3159 579 3216 eius
594 3159 690 3217 verbis
703 3157 780 3217 credi
796 3174 881 3234 posse
904 3159 1054 3217 consensit.
1097 3157 1242 3218 Henricus

203 3259 272 3302 vcro
295 3239 523 3323 deYsenburg³)
546 3243 664 3302 audieus
686 3262 753 3303 eum
773 3243 899 3320 praefixo
922 3242 968 3303 die
980 3244 1154 3320 defunctum,
1175 3243 1244 3321 pelli

203 3346 274 3390 suae
295 3329 380 3389 valde
401 3331 552 3407 pertimuit,
574 3336 603 3390 et
625 3327 690 3390 cum
704 3331 794 3389 multe
814 3330 994 3390 festinatione
1016 3331 1054 3390 ad
1077 3330 1242 3392 Claustrum

203 3417 330 3491 veniens,
353 3415 525 3476 dextrarium
546 3417 668 3492 superbe
690 3412 868 3495 retentum⁴),
889 3415 973 3475 nudis
994 3417 1133 3494 pedibus,
1153 3435 1244 3477 maun

203 3504 319 3580 propria
346 3502 385 3563 ad
406 3502 530 3564 defuncti
550 3503 733 3580 sepulchrum
754 3502 888 3580 adduxit,
919 3505 1125 3580 poenitentiam
1152 3521 1243 3581 agens

203 3589 283 3666 apud
302 3589 390 3650 illum.
433 3589 516 3650 Haec
537 3589 606 3650 milri
627 3590 662 3650 de
685 3591 765 3650 obitu
789 3590 996 3651 monachorum
1019 3589 1243 3651 Clausuensium

204 3684 352 3754 comperta
365 3683 440 3737 sunt.
472 3676 673 3738 NOVIOIUS:
696 3677 727 3738 Si
739 3677 895 3737 daemoms
917 3677 1014 3737 electis
1036 3679 1066 3736 in
1087 3683 1179 3738 morte
1203 3680 1243 3736 sic

222 3792 254 3862 1)
270 3792 297 3845 id
315 3801 367 3856 est,
384 3791 539 3860 parabolare.
565 3824 597 3835 -
615 3795 647 3864 2)
665 3793 686 3848 F
705 3796 807 3848 cuius.
829 3825 857 3836 -
879 3794 911 3863 3)
929 3793 950 3847 Α
969 3793 1139 3864 lainberg.
1157 3823 1192 3834 —
1213 3793 1244 3860 l)

273 3861 295 3916 B
319 3863 495 3917 detentum.
