2594 4302
328 239 331 249 ‘
446 261 501 321 nu
524 259 751 322 muscinis.
1054 261 1113 318 251
1188 335 1191 340 Ι

78 401 159 458 mm,
181 389 211 443 et
238 389 330 442 totam
357 381 463 442 ibidem
490 387 605 458 gentem
634 400 722 442 unam
751 379 869 456 delerit3
897 377 933 440 de
954 395 1013 454 qua
1034 379 1126 439 nobis

77 488 137 531 non
152 475 273 544 constat,
294 485 369 545 quae
384 471 429 544 sit,
449 468 526 528 unde
542 471 645 544 vemat,
667 468 713 526 vel
731 483 790 542 quo
811 466 917 526 tendat.
959 465 1006 526 De
1027 468 1117 542 pesti„

77 557 172 620 lentiis
202 556 327 616 etiams
348 556 470 632 legimus
492 558 576 631 soils,
597 573 656 614 non
677 554 821 627 inlibris,
851 553 902 612 scd
928 554 957 611 in
978 555 1118 628 pressuris

77 647 191 704 nostris.
235 644 306 702 Post
326 648 447 702 mortem
467 643 606 718 praedicti
626 641 744 701 Henrici
764 640 949 715 Imperatoris
969 645 1051 698 tanta
1071 641 1117 700 Ia-

32 744 33 754 *
76 748 140 791 mss
163 736 232 805 erat,
253 737 286 789 ut
307 730 451 788 maldrum
472 730 588 806 siliginis
609 731 639 787 in
659 727 832 788 Alemannia
853 743 951 784 marca
963 725 1118 785 Colonien-
1193 737 1194 744 ’

77 821 152 878 sium
164 815 191 897 ¹),
214 823 242 876 et
262 819 291 875 in
306 815 477 892 qulbusdam
493 818 645 891 provinciis
667 814 766 873 decem
790 820 818 873 et
839 819 904 875 octo
926 812 1024 872 solidis
1045 830 1118 872 ven-

77 905 201 979 deretur,
224 910 252 964 ot
275 921 309 963 ex
324 902 518 980 magnitudine
539 902 621 962 samis
642 901 767 977 populus
789 899 1002 959 innumerabilis
1024 901 1118 958 extin-
1162 911 1165 914 ·

76 997 221 1070 gueretur.
263 989 310 1049 De
339 991 557 1051 terraemotibus
586 1005 638 1066 per
663 988 744 1064 loca,
773 1004 850 1047 nova
877 993 906 1046 et
933 1002 1039 1063 magna
1067 988 1118 1045 tihi

76 1079 199 1140 referem
219 1077 365 1138 miracula.
1123 1071 1127 1080 '

404 1267 636 1328 CAPITULUM
648 1267 791 1328 XLVIII.

386 1391 435 1449 De
456 1393 637 1450 tmuemotu
658 1392 690 1448 ia
714 1387 811 1466 apro.

142 1513 177 1573 In
199 1529 274 1573 anno
287 1513 438 1588 praesenti,
457 1513 507 1586 qui
529 1517 573 1570 est
594 1511 759 1570 millesimus
782 1509 992 1570 ducentesimus
1014 1512 1118 1570 vicesi-
1164 1529 1165 1532 ¹
1226 1531 1228 1536 ¹

77 1618 141 1660 mus
163 1599 307 1659 sccundus
330 1599 367 1658 ab
389 1600 583 1664 incarnatione
605 1598 735 1672 Domini,
768 1599 843 1656 sicut
863 1604 980 1656 narrent
1001 1597 1123 1672 quidam

78 1686 114 1746 de
129 1687 237 1747 elsdem
251 1687 381 1762 partibus
401 1688 557 1760 venientes,
579 1684 653 1745 duae
669 1686 799 1744 civitates
819 1686 847 1742 iu
862 1683 947 1758 (lipro
970 1703 988 1744 a
1010 1691 1118 1744 terrae·

76 1781 157 1833 motu
189 1779 362 1833 corruerunt.
412 1772 447 1830 In
477 1789 536 1830 una
564 1788 633 1831 vero
660 1772 774 1854 illarum
803 1770 872 1830 dum
899 1771 1061 1847 Episcopus
1089 1775 1118 1830 in

76 1861 160 1920 altari
174 1865 271 1935 staret,
293 1862 466 1934 missamque
490 1858 654 1933 celebraret,
676 1857 798 1919 ecclesia
819 1857 986 1918 tremefacta
1009 1857 1118 1932 cecidit,

76 1956 107 2009 et
128 1954 189 2007 tam
210 1949 304 2024 ipsum
327 1963 414 2021 quam
435 1945 577 2020 reliquum
597 1945 737 2021 populum
759 1947 886 2004 extinxit.

413 2135 646 2196 CAPITULUM
671 2135 785 2195 XLIX.

382 2260 430 2344 De
452 2265 633 2318 tardenois
656 2262 688 2317 ta
709 2259 816 2318 Brisa.

145 2384 181 2443 In
202 2383 339 2443 Adventu
351 2381 470 2456 Domini
490 2381 627 2440 haeretici
647 2380 877 2440 Mediolanenses
899 2378 1048 2439 haereticis
1070 2384 1119 2456 qul

79 2478 163 2532 erant
189 2472 219 2529 in
245 2470 333 2529 Brixa
341 2466 379 2549 ²),
411 2468 501 2527 multa
522 2467 650 2543 plaustra
672 2486 738 2527 cum
759 2465 931 2526 victualibus
952 2469 1118 2533 transmise-

78 2565 155 2617 runt.
197 2557 233 2616 In
244 2559 307 2631 ip'sa
328 2572 397 2616 vero
421 2555 466 2614 die
482 2556 646 2614 NativitatIs
667 2554 785 2613 Domini
806 2550 902 2632 dum³)
925 2557 1119 2629 convivarent,

78 2646 223 2704 Dominus
245 2651 349 2702 terram
372 2633 523 2716 concussit,
548 2648 576 2700 et
598 2641 766 2701 cadentibus
787 2639 923 2700 aedificiis
944 2639 1010 2716 plus
1031 2659 1119 2716 quam

10 2767 11 2772 κ
79 2731 233 2791 duodecim
246 2728 335 2788 millia
355 2729 504 2787 hominum
526 2730 652 2786 extinxit.
694 2728 753 2787 Alii
773 2727 912 2804 fuglentes
933 2730 963 2785 in
985 2717 1119 2803 campum

80 2835 149 2877 cum
164 2816 295 2874 audirent
313 2815 451 2874 clamores
472 2817 659 2890 morientium,
680 2833 738 2874 non
759 2815 873 2874 luerunt
894 2817 956 2873 ausi
976 2815 1068 2874 redire
1090 2819 1119 2873 in

82 2905 228 2963 civitatem
241 2901 278 2960 ad
292 2900 405 2960 illorum
420 2918 595 2960 succursum.
637 2901 866 2962 Mediolanenses
883 2917 951 2960 vero
974 2904 1119 2961 civitatem

81 3007 165 3050 suam
189 2988 366 3062 deserentes,
395 2986 460 3062 plus
482 3004 569 3063 quam
591 3005 642 3062 per
664 2996 729 3048 octo
753 2987 813 3047 dies
834 2990 864 3045 in
885 2989 1012 3046 tentoriis
1034 2988 1119 3047 hebi-

80 3078 190 3151 tabant,
212 3078 313 3134 timore
333 3075 461 3164 eiusdem
479 3081 675 3134 terraemotus.
713 3074 749 3133 In
763 3075 914 3151 Pergamo,
934 3077 963 3133 in
982 3072 1119 3155 (tumim),

78 3168 110 3223 In
131 3163 270 3237 VenetIa,
292 3164 321 3219 ln
344 3161 444 3236 CIpro,
465 3163 494 3219 in
516 3161 633 3236 Papho,
665 3168 694 3221 ct
714 3164 744 3219 in
765 3161 827 3220 aliis
849 3160 945 3220 multis
966 3164 1119 3236 proviucIIs

80 3258 168 3327 atque
196 3250 358 3310 civitatibus
392 3247 493 3308 eodem
526 3253 654 3324 tempore
690 3248 795 3325 multos
823 3254 983 3309 terruerunt
1010 3255 1119 3309 terrae·
1170 3275 1172 3280 2

79 3345 185 3398 motus.
227 3337 289 3396 Nec
311 3337 423 3393 mirum.
465 3335 523 3395 Tot
544 3342 650 3410 turres,
672 3340 715 3393 tot
736 3334 867 3396 aedificia
889 3343 1066 3410 corruerunt,
1087 3342 1120 3394 ut
1171 3397 1173 3403 A

79 3425 151 3485 nihil
165 3424 251 3498 allud,
273 3424 326 3481 nisi
340 3421 403 3481 finis
417 3421 517 3482 mundi
536 3423 642 3480 instare
661 3420 813 3482 videretur.
858 3420 943 3496 Quod
964 3440 982 3480 a
1004 3422 1118 3482 saeculo

80 3519 125 3574 est
145 3511 321 3585 inauditum,
346 3512 419 3568 sicut
439 3511 468 3568 iu
491 3511 583 3584 capIte
604 3510 701 3567 lelunii
721 3511 859 3589 magister
881 3506 1013 3568 Oliverus
1034 3527 1120 3584 prae-

79 3600 188 3660 dicavit
216 3597 369 3673 Coloniae,
401 3596 457 3656 duo
487 3602 599 3654 montes
626 3597 656 3652 in
677 3593 780 3670 Papho
801 3595 941 3655 hahentes
961 3593 1065 3673 intra⁶)
1088 3612 1121 3652 sc

98 3752 131 3820 1)
149 3749 192 3816 ct
211 3727 413 3802 Coloniensi.
428 3777 459 3786 -
473 3745 538 3814 2),ss
557 3745 677 3798 Brinia.
694 3773 725 3786 ψ-
738 3745 771 3812 3)
782 3745 823 3797 BD
839 3761 919 3808 cum3
937 3759 995 3796 mox
1007 3745 1122 3816 'heom-
1191 3725 1194 3728 .

150 3821 357 3872 viserentur.
376 3846 408 3858 -
427 3817 460 3886 I)
479 3814 574 3880 comis,
591 3813 682 3867 Como.
700 3843 730 3856 ·-
751 3815 783 3882 5)
800 3813 857 3867 libri
874 3816 970 3868 luter.
