2664 4308
67 341 71 346 '
164 331 204 389 22
437 361 443 372 ·
471 325 698 390 DISTINGTIO
719 325 893 388 SEPTIMA

165 452 255 511 ciens:
294 449 357 509 Vos
396 449 468 511 torte
509 450 630 510 eandem
666 452 788 526 gratiam
827 449 1007 509 ascriberetis
1046 450 1201 528 virginitati

164 543 290 619 vestrae,
312 543 341 596 et
371 536 434 595 vult
454 537 535 596 Deus
561 538 653 613 magis
675 554 728 596 vos
757 553 820 596 esse
841 536 979 610 humiles,
1001 553 1089 612 quam
1109 539 1200 613 virgi-

164 641 224 684 nes.
265 624 345 683 Beue
365 623 568 698 intellexeram,
589 640 647 682 non
662 627 723 682 sine
745 624 879 699 superbia
901 640 966 682 eam
987 624 1077 683 verba
1098 623 1200 684 huius·

164 709 242 770 modi
262 709 421 786 protulisse.
465 709 551 785 Quod
568 709 668 769 talium
689 716 799 769 mentes
821 710 994 786 quandoque
1008 711 1097 770 virtus
1111 713 1201 787 virgi-

164 799 261 856 nitatis
283 797 415 872 extollat,
438 813 474 855 ex
505 798 601 856 verbis
631 796 779 856 cuiusdam
812 797 926 856 alterins
939 793 955 876 Ι)
978 796 1201 857 sanctimonialis

164 884 218 943 tibi
238 883 349 959 plenius
381 881 539 946 ostendam.
584 883 682 957 Certe,
710 886 816 958 inquit,
847 901 905 942 non
938 900 986 947 ero
1009 883 1108 943 similis
1130 900 1202 960 ego,

165 987 239 1046 quae
269 972 350 1047 virgo
382 985 459 1046 sum,
487 970 596 1044 viduis,
629 987 703 1044 quae
735 969 821 1030 filios
843 977 873 1028 et
903 969 980 1042 filias¹
1004 967 1202 1050 genuerunt²).

166 1057 313 1135 Quantum
343 1062 439 1116 tamen
471 1056 535 1115 Deo
568 1055 700 1117 humilis·
720 1058 867 1132 virginitas
898 1056 1025 1131 placeat,
1056 1063 1086 1117 et
1114 1073 1203 1132 quarn

164 1143 281 1202 mirifice
295 1161 348 1202 sua
360 1144 415 1202 illis
429 1150 539 1202 secreta
552 1143 667 1217 revelet,
688 1146 838 1219 sequentia
858 1143 984 1218 capitula
1005 1143 1203 1202 declarabunt

164 1229 365 1291 NOVIOIUS:
387 1229 505 1289 Memini
526 1236 555 1289 te
577 1233 706 1306 superius
724 1231 841 1305 dixisse,
861 1232 994 1288 meritum
1014 1232 1106 1306 magis
1129 1247 1211 1302 cou-¹

165 1319 264 1377 sistere
285 1319 314 1374 in
346 1317 498 1376 virtutibus
529 1319 654 1390 animae,
688 1335 774 1392 quam
794 1319 824 1375 in
846 1317 981 1392 operibus
1004 1318 1203 1376 exterioribus.

165 1404 206 1464 Ut
220 1403 288 1479 quid
302 1421 369 1480 ergo
393 1403 519 1479 quotidie
534 1403 737 1462 mortificamur
759 1402 875 1477 orando,
895 1402 1026 1479 legendo,
1048 1403 1204 1480 vigilando,

165 1490 326 1564 ieiunando,
348 1489 498 1564 cantando,
521 1496 549 1549 et
566 1491 697 1549 manibus
719 1493 821 1549 nostris
843 1488 1024 1549 laborando?
1060 1488 1204 1549 MONA·

167 1576 283 1637 CHUS:
304 1577 387 1636 Haec
409 1580 504 1636 omnia
526 1579 586 1636 sinc
607 1580 707 1636 merito
729 1579 806 1636 vitae
829 1583 961 1635 aeternae
983 1575 1044 1636 fieri
1064 1582 1204 1653 possunt3

166 1670 261 1724 motus
289 1670 386 1723 autem
414 1667 551 1723 virtutum
565 1665 734 1739 nunquam.
778 1662 921 1738 Quicquid
950 1665 1010 1722 sine
1033 1665 1151 1723 canate
1173 1670 1205 1724 et

167 1751 441 1810 ceteris·virtutibus
463 1751 508 1825 fit,
529 1757 673 1809 mortuum
695 1757 746 1810 est.
788 1749 866 1808 Audi
888 1766 957 1826 ergo
978 1749 1077 1808 utilem
1100 1749 1203 1808 distin-

168 1840 291 1898 ctionem
313 1836 476 1914 exRegulis
492 1837 675 1913 Theologiae,
696 1833 872 1916 perquam)
895 1853 1068 1913 cognoscere
1088 1837 1205 1914 poteris,

168 1941 256 2000 penes
279 1923 347 1999 quid
367 1926 500 1982 meritum
530 1927 675 1983 consistet.
717 1923 851 1983 Meritum
874 1940 943 1982 vero
967 1925 1094 1981 consistit
1114 1941 1205 1998 penes

168 2013 289 2088 gratiam
321 2009 485 2085 efficaciter,
522 2029 610 2086 penes
642 2010 763 2070 liberum
794 2011 943 2069 arbitrium
975 2010 1206 2084 occasionaliter,

168 2115 256 2174 penes
276 2100 396 2157 virtutes
406 2097 568 2172 formaliter,
588 2115 676 2173 penes
698 2084 794 2156 motus
816 2099 952 2155 virtutum
975 2096 1162 2157 essentialiter
1172 2092 1206 2177 ⁴),

168 2202 258 2260 penes
274 2201 361 2260 opera
374 2186 519 2260 virtutum,
540 2190 573 2242 ut
595 2191 639 2244 est
659 2187 749 2244 oratio
772 2190 801 2242 et
821 2183 931 2258 reliqua
944 2183 1031 2282 paulo
1046 2190 1113 2243 ante
1134 2201 1154 2242 a
1175 2189 1206 2244 te

169 2277 348 2344 enumerata,
379 2270 637 2330 instrumentaliter.
679 2271 796 2330 Plenius
825 2272 877 2330 tibi
898 2270 973 2329 hanc
994 2269 1206 2330 distinctionem

169 2375 354 2434 exponerem,
386 2360 410 2415 si
437 2374 496 2416 uon
524 2358 562 2416 ad
591 2375 640 2416 eas
650 2353 669 2436 ⁵)
702 2375 776 2432 quae
808 2357 903 2416 adhuc
935 2364 1088 2432 supersunt
1119 2357 1206 2416 huius

168 2445 245 2504 beati
266 2447 320 2504 viri
342 2445 465 2504 visiones
483 2444 655 2503 festinarem.
678 2478 719 2486 -
741 2443 875 2519 Quodam
897 2450 1024 2519 tempore
1047 2461 1113 2502 curn
1134 2461 1205 2520 gra-

167 2534 241 2590 viter
260 2531 462 2605 infirmaretur,
491 2537 519 2590 et
540 2549 559 2589 a
580 2533 706 2589 ministro
728 2537 768 2588 ut
782 2530 985 2605 aliquantisper
1006 2535 1134 2605 gustaret
1154 2546 1205 2588 ro·

167 2624 291 2695 geretur,
313 2617 382 2676 dixit
403 2617 480 2692 quod
502 2622 610 2692 septem
633 2617 693 2676 dies
715 2620 889 2691 transissent,
910 2618 939 2675 in
961 2618 1064 2691 quibus
1085 2616 1206 2694 singulis

117 2741 121 2754 ι
168 2707 357 2764 visitationem
375 2704 492 2764 Domini
512 2705 600 2761 nostri
622 2709 650 2763 et
671 2703 850 2762 dulcissimae
871 2707 969 2762 matris
992 2706 1051 2762 eius
1073 2705 1205 2778 accepis-

167 2798 220 2867 set,
242 2791 277 2850 de
294 2808 419 2867 quorum
441 2792 602 2850 visitatione
624 2796 683 2849 tam
705 2790 825 2849 dulciter
847 2798 923 2850 esset
943 2786 1104 2870 affectus⁵),
1126 2789 1206 2865 quod

236 2925 419 2987 demonstrans,
437 2940 501 2992 quae
515 2923 599 2975 multis
617 2924 689 2974 annis
708 2923 754 2975 iuit
771 2925 797 2975 in
815 2923 924 2987 saeculo,
942 2923 1032 2975 multas
1050 2923 1206 2976 consolatio-

236 3011 291 3058 nes,
308 2995 475 3046 revelationes
493 2995 589 3060 aocepit
607 3009 622 3043 u
642 2993 754 3044 Domino.
789 2993 840 3045 llos
858 3009 920 3046 vero
939 2995 1063 3062 virgines,
1089 3009 1154 3062 quae
1172 2994 1204 3045 ab

235 3065 340 3116 inlantia
358 3066 384 3114 in
400 3066 551 3115 monasterio
564 3071 728 3114 conversatae
747 3080 840 3126 sumus,
858 3063 892 3114 nil
910 3063 960 3114 tale
976 3066 1104 3115 sentimus.
1132 3062 1205 3114 Unde

236 3133 286 3184 talo
303 3133 409 3186 verbum
426 3135 526 3202 virgini,
543 3135 590 3184 nisi
609 3149 640 3182 ex
659 3133 791 3199 supercilia
810 3132 972 3186 Pharisaei?“
990 3163 1021 3172 -
1042 3132 1102 3199 1)ss
1120 3131 1205 3184 alte-

236 3205 303 3255 rius
321 3202 456 3253 cuiusda
465 3221 497 3253 m.
509 3233 537 3240 -
550 3203 581 3270 2)
594 3202 683 3253 llomil.
703 3202 731 3253 ll.
743 3219 767 3269 p.
781 3203 827 3255 33:
847 3203 918 3268 „Non
928 3210 967 3252 est
979 3201 1031 3263 diu,
1044 3201 1111 3270 quod
1124 3217 1205 3270 quae-

236 3272 292 3323 dam
311 3273 504 3324 sanctimonialis
515 3271 608 3323 ordinis
626 3273 707 3323 nostri
724 3271 866 3323 huiusmodi
884 3271 1077 3340 cogitationibus
1096 3271 1205 3338 pulsata,

161 3377 164 3388 ,
236 3342 374 3393 confessori
392 3359 436 3393 suo
456 3341 547 3393 dixisse
565 3342 657 3392 fertur:
676 3342 745 3393 Rone
758 3341 867 3406 domine,
885 3351 955 3392 estne
969 3340 1044 3394 vidua
1062 3357 1121 3404 una,
1138 3357 1205 3408 quae

236 3413 300 3464 forte
319 3420 370 3461 tres
388 3411 429 3472 vel
447 3421 555 3479 quatuor
572 3411 664 3462 liberos
682 3413 769 3479 genuit
787 3415 813 3463 iu
824 3411 946 3475 saeculo,
972 3419 997 3462 et
1015 3409 1114 3462 modico
1137 3420 1206 3462 tem·

235 3497 297 3550 pore
310 3479 432 3534 laboravit
450 3484 476 3532 in
488 3484 648 3546 monasterio,
665 3481 725 3533 mihi
738 3481 931 3548 aequiparanda,
949 3497 1014 3548 quae
1028 3483 1099 3547 virgo
1112 3482 1205 3532 intravi

236 3561 262 3602 et
279 3550 310 3602 ab
323 3553 426 3602 ineunte
438 3559 520 3602 aetate
534 3551 639 3602 Domino
652 3551 782 3602 servivi?“
796 3582 825 3590 -
837 3551 868 3618 3)
883 3551 901 3602 Β
920 3550 1012 3618 quod.
1027 3580 1055 3589 -
1068 3550 1100 3616 4)
1113 3549 1204 3601 llomil.

236 3621 265 3673 ll.
283 3637 308 3686 p.
327 3622 373 3672 35:
399 3621 470 3686 „Non
487 3623 548 3688 ipsis
571 3621 705 3672 virtutibus
723 3637 860 3684 meremur,
885 3620 929 3671 sed
947 3620 1055 3671 motibus
1073 3621 1203 3671 virtutum.

236 3691 297 3743 Cum
310 3692 425 3742 meritum
439 3706 517 3758 penes
529 3693 646 3742 virtutem
666 3693 698 3740 sit
715 3699 810 3741 tantum
823 3689 968 3752 formaliter,
986 3705 1063 3756 penes
1081 3692 1135 3740 eius
1148 3705 1205 3741 mo-

220 3764 289 3812 'tum
306 3761 420 3812 consistit
438 3759 612 3812 essentialiter.
645 3760 719 3812 Fides
737 3763 817 3812 virtus
836 3769 888 3823 est3
907 3759 1023 3822 credere,
1045 3767 1127 3810 motus
1145 3758 1204 3810 fidei

236 3839 284 3883 est.
318 3830 374 3883 llon
392 3833 457 3882 enim
470 3831 568 3882 adultus
586 3840 696 3882 meretur
708 3830 782 3882 fidem
800 3829 925 3895 babendo,
943 3829 987 3881 sed
1005 3828 1156 3881 credendo.“
1171 3859 1202 3870 -

237 3902 268 3969 5)
286 3901 350 3954 ABD
369 3917 413 3953 ea.
434 3931 463 3941 -
484 3903 516 3970 6)
534 3901 573 3954 GP
590 3902 742 3954 refectus.
