2642 4330
440 325 495 385 DE
516 323 807 386 SIMPLIOITATE.
1076 269 1138 388 aaa

100 449 244 524 sopietur3
265 464 333 506 nam
354 445 411 508 alia
431 445 521 508 multo
543 450 634 508 maior
654 450 713 507 iam
729 444 745 527 ¹)
758 449 796 525 ,in
817 448 910 506 ianuis
932 453 984 523 est,
1007 465 1060 524 pro
1082 468 1140 525 qua
1173 487 1178 496 .

99 551 159 594 uon
181 535 275 594 solum
296 535 347 592 filii
366 538 423 610 tui,
451 535 502 594 sed
532 541 561 594 et
588 541 650 594 tota
674 541 749 594 terra
772 537 956 594 concutietur.
998 535 1064 595 Hoc
1084 539 1141 599 im·

99 622 211 698 pletum
233 623 277 698 tet
296 622 350 680 sub
375 624 432 681 iam
461 622 536 681 dieto
560 620 665 681 Ottone
698 628 727 680 et
747 622 880 696 Philippo
904 624 964 680 eius
995 625 1024 680 iu
1052 641 1141 700 regno

93 709 275 776 adversario.
305 708 362 766 Die
384 709 508 784 quadam
530 715 616 769 eunte
638 726 672 768 eo
693 711 723 767 in
740 708 865 784 quadam
886 715 976 768 strata
998 709 1144 785 Coloniae,

100 801 286 856 occurrerunt
298 798 325 854 ei
344 795 441 870 plures
458 796 598 855 honestae
614 802 760 855 matronae
777 795 903 853 eiusdem
916 798 1046 870 civitatis,
1069 815 1141 857 euu-

99 891 145 942 tes
166 883 206 942 ad
226 882 384 942 eeclesiam.
428 881 510 959 Quae
532 882 600 940 dum
622 882 884 958 confabularentur,
912 885 964 941 ait:
986 882 1067 942 State
1087 901 1142 943 vos

100 969 243 1028 dominae.
287 969 434 1028 stantibus
457 972 510 1044 eis,
532 970 650 1028 adiecit:
672 970 820 1044 Loquetur
840 969 889 1028 illa
909 971 1012 1028 iterum
1024 967 1044 1048 ²)
1068 987 1142 1046 quae

98 1059 159 1116 iam
179 1056 359 1132 loquebatur.
401 1055 619 1116 Haesitautibus
640 1059 789 1129 matronis,
819 1055 854 1115 de
877 1074 935 1131 qua
956 1057 1074 1131 (liceret,
1103 1057 1142 1116 ad

99 1145 223 1203 verbum
244 1143 318 1201 illius
341 1144 485 1218 quaelibet
505 1143 698 1219 singulariter,
721 1146 821 1202 ceteris
842 1145 1017 1216 tacentibus,
1038 1143 1143 1219 loque-

97 1231 194 1290 batur.
239 1229 313 1288 Cum
333 1237 453 1288 ventum
473 1230 573 1289 fuisset
594 1229 632 1288 ad
648 1229 811 1304 Astradam,
833 1247 907 1304 quae
927 1230 1013 1288 hodie
1035 1233 1142 1290 saneti-

98 1317 234 1377 monialis
256 1323 300 1376 est
326 1319 356 1374 in
377 1316 477 1376 Monte
506 1322 625 1376 sanetae
647 1315 826 1392 Walburgis,
853 1333 926 1376 voce
955 1319 1016 1375 eius
1044 1317 1143 1376 audita

10 1471 11 1476 .
98 1405 287 1480 Engilhertus
320 1407 428 1463 eunetis
460 1403 641 1462 audientibus
673 1405 839 1478 prophetiae
871 1404 1029 1485 respondit:
1060 1405 1143 1464 Haeo

99 1509 168 1552 eum
198 1493 276 1550 omni
304 1490 389 1548 domo
419 1509 472 1549 sua
500 1496 682 1549 convertetur
710 1490 748 1548 ad
777 1490 929 1548 Christum.
968 1490 1058 1568 ¹Quod
1085 1508 1144 1550 non

98 1578 192 1636 multo
214 1583 281 1654 post
301 1576 451 1651 impletum
473 1584 524 1636 est.
566 1577 642 1635 Nam
672 1595 737 1636 eum
765 1581 881 1652 marito,
910 1578 984 1650 filio,
1015 1587 1043 1638 et
1070 1579 1143 1654 filia,

99 1682 178 1740 quae
199 1665 285 1722 hodie
307 1664 453 1722 abbatizat
473 1667 503 1722 in
523 1666 582 1722 iam
605 1664 680 1722 dioto
704 1665 856 1738 coenobio,
884 1682 967 1724 servo
991 1672 1019 1723 et
1041 1666 1144 1725 aneilla

98 1752 138 1811 ad
151 1749 173 1831 ³)
196 1751 324 1810 ordinem
345 1757 474 1810 nostrum
494 1753 582 1809 venit.
624 1750 714 1810 Vides
744 1769 831 1825 quam
860 1751 986 1810 celeriter
1007 1755 1036 1810 in
1057 1770 1143 1828 aper-

98 1842 180 1898 tione
203 1841 258 1897 oris
279 1837 425 1913 praelatae
445 1838 567 1896 feminae
581 1837 663 1896 Deus
678 1837 846 1897 revelaverit
867 1839 1024 1897 auriculam
1046 1836 1144 1917 eiusll.

99 1926 148 1984 De
172 1931 249 1984 statu
270 1926 429 1983 animarum
446 1924 568 1998 plurima
589 1924 683 1983 dieere
705 1926 861 1998 consuevit,
882 1931 911 1982 et
932 1942 1145 2000 nonnunquam,

99 2019 134 2071 ut
156 2015 244 2086 aiunt,
266 2013 381 2086 spiritus
403 2015 503 2069 erroris
525 2015 585 2070 sive
607 2011 750 2070 humanus
773 2027 839 2069 eum
859 2011 964 2070 fefellit.
1006 2012 1067 2071 Nee
1088 2014 1144 2069 mi-

100 2117 176 2157 rum.
218 2098 288 2156 Non'
312 2115 424 2172 semper
444 2098 606 2173 Prophetae
632 2098 822 2172 loquebantur
842 2100 942 2173 spiritu
962 2099 1145 2174 prophetiae,

99 2189 177 2246 sieut
197 2185 321 2258 Nathan,
343 2187 392 2258 qui
412 2185 511 2243 David
532 2185 570 2243 ad
591 2185 646 2244 hoe
669 2188 768 2260 spiritu
790 2202 842 2243 suo
863 2186 1044 2258 hortabatur,
1067 2185 1159 2260 quod.
1260 2187 1264 2198 '

100 2273 225 2349 Spiritus
253 2279 369 2330 sanetus
397 2289 465 2330 mox
493 2289 545 2348 per
567 2289 633 2330 eum
654 2272 714 2330 fieri
736 2272 879 2347 prohibuit
891 2268 920 2351 ⁵).
963 2272 998 2330 In
1020 2272 1145 2354 quadam

99 2359 292 2419 sollemnitate
313 2358 455 2417 Dominae
487 2366 600 2417 nostrae
634 2376 699 2417 eum
725 2365 878 2418 matertera
909 2361 971 2417 eius
998 2360 1146 2434 praedicta

98 2463 224 2521 vespere
245 2447 299 2504 iret
320 2445 357 2504 ad
372 2448 530 2520 proximam
548 2445 646 2504 villam
667 2453 783 2522 propter
804 2449 966 2521 matutinas,
988 2453 1017 2505 et
1038 2447 1145 2507 diceret

99 2533 158 2592 illi:
180 2533 359 2608 Engilberte,
382 2549 444 2591 eras
466 2551 550 2590 mane
572 2536 671 2591 venias
694 2533 731 2591 ad
753 2551 814 2608 me3
827 2535 865 2590 'in
887 2536 950 2609 ipsa
971 2541 1055 2593 noete
1077 2542 1144 2594 ante

98 2620 198 2678 lueem·
228 2619 339 2677 audivit
370 2637 474 2678 vocem
503 2619 651 2696 euirrsdam
679 2620 718 2678 ad
750 2622 854 2679 ostium
885 2621 1025 2696 pulsantis
1057 2628 1143 2696 atque

99 2707 237 2766 dicentis:
257 2706 430 2782 Engilberte,
451 2709 518 2764 veni
540 2724 639 2765 eamus
660 2705 698 2766 ad
719 2709 881 2765 matutinas.
925 2707 1020 2782 Quam
1041 2725 1144 2768 vocem

100 2812 170 2854 eum
201 2810 259 2851 non
291 2799 472 2868 agnosceret,
509 2797 628 2852 surrexit
656 2799 752 2852 tamen
782 2800 811 2852 et
838 2800 953 2852 secutus
983 2801 1026 2853 est
1056 2795 1144 2854 illum.
1236 2809 1241 2812 ·

98 2882 274 2954 Ductusque
302 2886 346 2938 est
365 2883 395 2938 in
417 2880 568 2938 eeclesiam
590 2880 749 2954 quandam,
780 2883 809 2937 in
839 2899 897 2955 qua
917 2881 1026 2939 audivit
1046 2890 1143 2941 matu-

95 2971 192 3041 tinas,
213 2969 347 3042 primam,
368 2969 496 3041 tertiam,
519 2973 638 3040 sextam,
659 2961 807 3045 nonam⁶).
846 2961 958 3026 Deinde
979 2986 1045 3027 eum
1066 2954 1144 3028 solu's

98 3059 300 3128 reverteretur,
313 3060 341 3112 et
353 3055 471 3112 ubinam
484 3053 592 3128 fuisset,
606 3056 827 3130 interrogaretur
836 3051 865 3133 ²),
878 3055 1038 3130 respondit:
1060 3056 1143 3114 Nun-

99 3159 192 3218 quam
212 3140 308 3199 audivi
329 3147 389 3198 tam
409 3141 560 3216 pulehmm
583 3147 713 3215 cantum,
741 3148 801 3198 tam
828 3159 947 3200 suavem
975 3143 1144 3218 melodiam,

98 3231 220 3287 missam
241 3233 301 3286 tam
322 3228 484 3303 gloriosam,
506 3229 580 3286 sieut
601 3227 697 3285 audivi
718 3227 813 3286 hodie.
849 3227 887 3286 Et
907 3228 963 3286 hoe
985 3228 1144 3310 sequenti⁸)

97 3332 179 3374 anno
207 3316 232 3372 ei
257 3317 360 3372 iterum
382 3317 507 3390 contigit.
549 3314 684 3374 Nondum
714 3316 789 3372 enim
818 3322 984 3390 susceperat
1014 3317 1145 3395 habitum

97 3401 274 3477 religiosum.
316 3401 408 3460 Noeta
437 3401 562 3476 quadam
591 3401 721 3460 delecto
751 3417 803 3458 suo
825 3408 934 3476 raptus,
955 3407 1143 3478 transpositus

98 3495 147 3548 est
168 3489 247 3564 iuxta
268 3493 393 3546 castrum
413 3484 577 3567 Molbaeh⁹)
606 3491 635 3547 in
658 3487 838 3547 solitudinem
866 3491 935 3547 satis
963 3490 1143 3550 horrendam.

98 3577 137 3634 In
151 3573 253 3633 eodem
266 3575 330 3634 loeo
346 3593 459 3652 egressa
473 3578 568 3633 anima
588 3578 647 3634 eius
667 3575 702 3634 de
715 3591 842 3650 corpore,
862 3579 1009 3636 universos
1023 3577 1144 3655 angulos

121 3691 154 3758 1)
173 3690 232 3740 iarn
249 3691 298 3742 add
318 3691 345 3747 B.
366 3721 396 3730 —
417 3692 448 3758 2)
466 3691 583 3742 iterum
603 3689 652 3741 add
670 3691 718 3742 Bc.
739 3720 770 3730 -
790 3690 821 3756 3)
839 3691 904 3743 Ab?
921 3683 1013 3744 inss—
1031 3695 1063 3760 4)
1082 3694 1144 3762 Reg.

176 3758 364 3826 1,9,15.-5)
376 3761 481 3826 Paralip.
500 3761 520 3822 l,
539 3761 579 3811 17.
592 3789 621 3800 -
634 3761 779 3828 6JBGDet
797 3776 960 3812 nonam-
973 3762 1144 3830 7)Cinter-

176 3840 326 3902 rogatus.
341 3831 644 3897 hllPinterrogatus
663 3830 912 3897 luisset-QG
929 3833 961 3882 iu
979 3835 1142 3900 sequenti.

180 3927 208 3937 -
228 3901 259 3968 9)
277 3901 297 3953 G
315 3900 487 3953 llolsbaeh.
507 3900 612 3952 Videtur
629 3915 687 3953 essa
704 3907 814 3952 castrum
832 3899 961 3952 llauhach.
