2654 4308
145 235 206 296 ios
466 228 695 296 nisumo'iio
716 227 882 294 ourivn

145 360 272 420 tentione
281 362 370 434 atque
383 356 664 433 maenomenullas
677 355 804 418 intellexi
819 356 946 416 visiones
965 349 1058 413 relatu
1072 349 1184 428 riguis,
1203 419 1208 423 ,

146 447 200 505 nisi
220 444 312 506 solam
324 441 350 525 ¹),
371 447 396 504 sl
416 451 514 505 mmon
534 446 608 504 visio
629 443 686 503 diei
706 449 812 520 potest

463 629 697 694 utillimum
716 629 867 706 xxxiv.

389 755 438 818 De
459 757 551 818 odore
575 757 740 816 aromatico
761 758 794 814 in
814 753 945 814 Pascha.

213 878 355 942 Sacerdos
375 878 492 956 quitiam
514 877 551 939 tle
572 879 658 938 domo
679 883 790 952 nostra,
810 878 966 951 sicutipse
986 875 1056 936 mihi
1076 878 1191 953 retulit,

151 981 217 1030 oum
237 983 313 1028 auno
333 969 487 1044 praeterito
514 967 544 1024 in
565 967 758 1025 sacratissima
777 970 863 1024 noeto
883 961 1018 1025 Pasohso
1039 971 1129 1024 staret
1148 964 1191 1024 ad

150 1057 312 1130 matutinas,
332 1054 413 1114 finito
435 1052 605 1113 duodecimo
626 1053 815 1128 responsorio,
836 1057 867 1110 ei
886 1050 1004 1128 hymno,
1027 1049 1068 1110 Te
1086 1053 1191 1111 Deum

152 1143 327 1214 laudemus,
354 1144 485 1216 incepto,
514 1146 623 1199 taniam
646 1141 722 1199 eirea
749 1156 781 1198 se
808 1140 897 1198 sensit
917 1138 1097 1214 flagrantiam
1119 1155 1193 1198 aro·

152 1235 277 1304 mamm,
311 1234 340 1288 et
373 1245 425 1304 per
460 1232 570 1287 taniam
603 1243 728 1300 moram,
762 1231 795 1284 ut
829 1227 980 1284 miraretur
1012 1225 1081 1301 quid
1113 1232 1194 1286 esset

153 1315 200 1376 vol
234 1315 310 1375 unde
343 1320 427 1374 esset.
477 1313 530 1373 om
562 1313 748 1388 cogitationes
777 1328 847 1371 suae
876 1309 1023 1372 dicebant:
1051 1311 1117 1371 Non
1146 1319 1195 1372 est

154 1400 372 1482 mundemur
398 1402 453 1462 isia
481 1401 667 1474 aromaticus,
701 1401 756 1458 nisi
784 1415 820 1459 ex
848 1401 1011 1474 praesentia
1022 1395 1043 1479 ²)
1071 1406 1195 1460 emota·

153 1507 216 1549 rum
236 1485 400 1564 mulierum,
428 1487 465 1547 de
486 1485 590 1562 quibus
611 1492 673 1546 tota
692 1492 777 1546 noete
798 1492 945 1546 cantatum
967 1492 1027 1562 est,
1047 1489 1116 1562 quia
1136 1505 1195 1548 ve-

153 1582 258 1636 nerunt
278 1593 343 1636 cnm
364 1575 542 1636 aromatibus
561 1579 595 1632 ut
617 1578 758 1650 ungerent
777 1568 919 1651 Jesum³).

473 1759 707 1825 CAPITULUM
738 1759 875 1823 XXXV.

502 1883 552 1946 De
569 1887 707 1962 passione
729 1883 846 1946 Christi

221 2005 425 2072 NOVIGIU&
448 2007 522 2070 Cum
551 2008 719 2067 resurreetio
747 2008 881 2084 passione
910 2007 1021 2085 dignior
1048 2010 1099 2083 sit,
1127 2009 1201 2084 quio

160 2105 204 2160 esi
217 2097 295 2176 quod
308 2103 405 2157 innuo
418 2095 608 2156 revelationes
621 2093 764 2156 habentur
780 2093 816 2154 de
828 2093 886 2169 illa,
909 2099 938 2156 et
949 2101 1010 2155 tam
1023 2092 1147 2176 paueat)
1163 2095 1201 2156 ds

158 2185 235 2247 ista?
277 2179 514 2245 MONACHUSt
543 2179 641 2241 Primo
668 2180 725 2242 hoo
753 2181 953 2241 ascribendum
982 2187 1027 2241 est
1046 2181 1201 2242 humilitati

161 2273 273 2348 Christi,
293 2287 331 2332 ne
345 2265 477 2332 videatur
497 2272 636 2329 iaoiauier
648 2268 828 2328 manifestare
850 2283 886 2328 ea
907 2283 982 2345 quae
996 2270 1054 2345 egli
1066 2269 1202 2346 gloriose,

161 2366 190 2422 ot
217 2360 393 2436 supprimere
417 2351 467 2417 illa
496 2371 571 2432 qnae
598 2354 715 2432 pertulit
740 2357 937 2432 ignominiose.
977 2354 1091 2416 Deinde
1119 2355 1201 2433 quoti

160 2445 271 2508 nullmn
292 2452 337 2506 est
350 2450 600 2516 sacramentorum,
622 2442 700 2517 quod
721 2447 781 2501 iarn
801 2441 902 2502 efficax
924 2443 961 2501 sit
983 2439 1071 2501 divini
1092 2445 1203 2504 amoris

159 2535 349 2607 incentivum,
381 2529 525 2608 quomodo
558 2530 714 2606 opprobria
742 2530 891 2604 passionis.
941 2527 1100 2605 Apostolus
1131 2530 1203 2591 dieii

164 2639 194 2682 oe
220 2621 294 2680 nino
320 2622 393 2679 seire
420 2621 477 2677 nisi
497 2617 605 2677 Jesom
634 2615 798 2689 Christian,
827 2623 856 2675 st
882 2617 961 2674 hono
981 2615 1202 2693 mooiflsom‘).

163 2708 240 2786 Ergo
256 2705 360 2766 Christi
380 2706 476 2781 passio
502 2706 564 2764 eius
584 2703 637 2761 fuit
657 2699 751 2762 lectio.
796 2700 822 2762 Ο
844 2707 982 2778 quantum
1003 2702 1099 2780 legere
1120 2699 1202 2764 dosi-

163 2793 282 2856 dersbai
301 2792 361 2854 Job
382 2794 413 2851 iu
432 2791 505 2851 libro
526 2789 668 2865 passionis
690 2787 809 2864 Christi,
831 2789 945 2867 quando
968 2789 1096 2850 dicebat:
1125 2793 1203 2870 Quas
1304 2827 1305 2830 ,

163 2881 235 2942 noio
267 2879 379 2941 timeat
407 2879 588 2950 oudilonem,
619 2882 656 2935 ot
683 2875 858 2946 deeidmom
885 2891 984 2936 meum
1007 2876 1203 2954 Onmipoiem

165 2969 285 3041 audiat,
314 2973 342 3026 et
370 2964 479 3025 librom
499 2963 608 3023 scribut
628 2965 690 3038 ipse
717 2966 770 3038 poi
796 2963 924 3037 iudicat,
952 2968 1048 3022 otia
1075 2965 1203 3024 homero

163 3073 228 3116 meo
255 3059 374 3131 porteto
406 3057 433 3112 et
464 3050 640 3111 oimomdem
667 3049 752 3108 illum
781 3053 868 3126 quusi
895 3065 1037 3109 eoronam
1070 3046 1203 3132 mioi‘)?
1304 3105 1305 3108 ,

130 3157 132 3165 ’
163 3139 339 3203 Liborvitae
354 3137 481 3199 Christus
500 3142 551 3212 osi,
572 3135 729 3196 seeundum
742 3135 906 3197 Johannom
919 3143 1027 3212 sepiem
1040 3139 1202 3214 spuendo
1304 3120 1305 3145 ¹

154 3233 299 3306 ‘amotos
311 3223 349 3303 ²),
371 3227 401 3284 in
423 3237 490 3302 quo,
510 3229 544 3284 ot
564 3224 605 3284 ait
624 3219 779 3304 Paulusi),
800 3230 844 3284 est
864 3221 952 3300 salus,
972 3225 1033 3285 vita
1054 3231 1084 3286 at
1102 3241 1203 3287 resim

182 3469 214 3538 i)
230 3464 251 3552 β
269 3462 368 3517 solutu
394 3475 523 3585 inmo·
537 3459 738 3582 igolinilollliapti.
755 3461 809 3582 ⁴16:t
831 3469 934 3531 „tantus
959 3471 1013 3583 οἷαι
1031 3477 1116 3583 super
1142 3480 1203 3518 sum

229 3547 544 3658 iliiilllitinl
557 3547 700 3669 iulii
717 3547 764 3656 li
777 3548 802 3667 i.
821 3547 877 3653 iil
892 3547 1030 3671 ,lizinii
1044 3541 1203 3657 :iiiiii

231 3689 262 3726 sa
285 3669 431 3744 colligens.“
450 3699 480 3712 -
506 3670 576 3738 2)B
599 3671 792 3737 praesentia
815 3670 991 3729 invisibili.
1010 3697 1041 3712 -—
1058 3673 1099 3741 ·3)
1122 3671 1202 3726 iim.
1303 3669 1304 3704 ³

232 3743 279 3808 io,
312 3744 336 3795 1.
355 3773 386 3784 -
405 3739 476 3809 l)li
498 3751 631 3808 paneae.
651 3765 683 3780 -
702 3741 735 3802 5]
758 3739 816 3792 cor.
839 3739 858 3804 l,
882 3741 909 3804 2,
931 3741 955 3796 2.
980 3769 1011 3781 -
1037 3742 1069 3811 6)
1085 3741 1134 3796 iob
1152 3745 1203 3810 ii,

231 3813 343 3868 35-36.
361 3841 393 3852 -
412 3813 444 3880 7)
462 3810 541 3878 Apoe.
560 3811 586 3874 5,
604 3809 628 3861 l.
648 3837 678 3849 —
698 3809 730 3878 8)
748 3817 783 3861 ut
799 3811 846 3861 sit
864 3807 981 3863 Paulus
999 3827 1040 3864 om
1058 3811 1086 3866 (i.
