2538 4314
142 245 145 252 ¹
163 222 204 281 94
454 220 682 284 Disrmcilo
701 221 885 286 SECUNDA

162 346 207 404 vis
228 341 324 404 adhoc
344 342 430 404 aliam
452 345 550 405 audire
570 345 736 421 historiam,
758 346 825 406 huic
848 363 884 407 ex
904 351 986 422 parte
1006 345 1135 422 similem,
1156 345 1198 406 ad

112 475 115 482 ,
161 430 300 490 honorem
327 430 393 491 fidei
419 438 535 492 nostrae
564 439 650 508 atque
673 433 912 509 Christianorum,
943 433 1198 510 confusionemque

161 516 378 596 .Ιιι(1ιιοοτιιιιιῖι
401 517 605 580 NOVIOIUS:
625 519 733 580 Anima
753 539 821 581 mea
841 523 900 580 sitit
920 519 989 580 talia
1009 519 1116 582 audie.

495 708 728 770 CAPITULUM
747 709 865 771 XXIV.

184 813 258 872 Itan
280 813 317 872 dc
336 816 450 890 virgine
470 813 610 872 Hebraea
632 815 805 890 aquodam
826 815 929 874 elerico
949 816 1176 889 inpraepauta:

250 918 342 976 quam
363 918 431 959 cum
446 908 588 976 parentes
604 905 779 976 parituram
800 901 1109 973 ommittendum,

562 993 677 1064 peperit
696 987 798 1064 filiam.

225 1106 458 1168 MONACHUS:
481 1107 649 1183 Incivitate,
670 1115 702 1166 ut
714 1110 822 1184 opinor,
843 1107 1009 1168 Wormacia
1019 1105 1044 1188 ¹),
1065 1106 1200 1169 Judaeus

163 1193 280 1270 quidam
315 1196 466 1270 manebat,
498 1195 586 1254 filiam
614 1195 724 1256 habens
756 1197 919 1255 formosam.
968 1194 1052 1256 Hanc
1085 1197 1200 1256 iuvenis

163 1281 280 1357 quidam
302 1281 428 1357 clericus,
448 1283 479 1339 iu
500 1283 594 1342 vicino
615 1281 762 1357 habitans,
784 1281 937 1356 adamavit,
960 1281 1147 1358 devirginavit
1169 1289 1201 1342 et

76 1401 80 1410 ,
164 1368 379 1446 impraegnavit
418 1368 508 1427 Erant
529 1370 605 1430 enim
627 1367 729 1428 domus
750 1369 862 1428 illorum
883 1371 952 1428 satis
974 1371 1138 1446 contiguae,
1169 1375 1202 1429 et

152 1461 275 1531 poterat
295 1454 372 1514 idem
405 1454 523 1514 clericus
551 1456 611 1514 sine
640 1462 709 1515 nota
737 1457 911 1531 frequentius
939 1457 1056 1531 intrare,
1088 1462 1117 1516 et
1143 1473 1200 1530 pro

165 1541 249 1600 libitu
271 1541 350 1617 loqui
371 1559 436 1600 oum
457 1544 575 1618 virgine.
617 1541 671 1601 illa
692 1543 851 1620 intelligens
873 1559 904 1602 se
926 1546 1105 1618 concepisse,
1127 1541 1203 1602 dixit

163 1629 273 1688 iuveni:
297 1627 431 1704 Concepi.
475 1628 550 1705 Quid
570 1628 694 1687 faciam?
737 1629 769 1689 Si
800 1632 966 1706 cognoverit
991 1635 1073 1706 pater
1098 1646 1201 1703 meus,

162 1713 312 1775 interficiet
332 1732 388 1774 me.
430 1714 589 1791 Respondit
610 1715 742 1775 clericus:
775 1716 841 1776 Noli
871 1718 978 1775 timere
1021 1717 1101 1775 Bene
1121 1716 1201 1776 libe-

163 1803 233 1862 rabo
255 1809 293 1862 te.
336 1801 367 1861 Si
388 1799 489 1862 dixerit
509 1803 560 1862 tibi
580 1809 749 1878 paterinus
770 1802 817 1862 vel
827 1808 932 1862 mater:
956 1802 1031 1879 Quid
1042 1809 1093 1878 est,
1116 1801 1200 1862 filia‘?

167 1895 267 1949 venter
287 1895 354 1948 tuus
374 1890 536 1948 intumescit
546 1885 582 1968 ²),
603 1888 707 1949 videris
728 1890 810 1948 nobis
833 1892 1012 1966 concepisso;
1040 1890 1202 1966 responde-

167 1976 225 2038 bis:
248 1976 280 2038 si
301 1977 428 2052 concepi,
449 1978 561 2052 nescio,
583 1975 638 2036 hoe
660 1979 719 2036 scio
742 1978 809 2052 quia
830 1978 911 2052 virgo
933 1994 1006 2052 sum,
1027 1982 1056 2035 et
1071 1976 1202 2062 nondum

167 2065 261 2123 virum
282 2065 412 2140 cognovi.
454 2061 517 2140 Ego
531 2059 551 2142 ³)
573 2063 648 2122 benc
670 2081 755 2139 agam
777 2080 843 2122 cum
863 2063 927 2138 illis,
948 2070 981 2122 ut
1002 2062 1119 2123 credant
1138 2064 1203 2123 tibi.

167 2150 220 2210 Ille
242 2150 453 2228 diligentissime
476 2152 604 2226 cogitans
626 2148 746 2226 qualiter
766 2149 892 2225 puellam
922 2149 1070 2225 liberaret,
1097 2148 1202 2209 huius-

168 2237 246 2296 modi
267 2232 441 2315 strophaml)
464 2238 579 2296 invenit
622 2235 737 2295 Tollens
759 2236 938 2312 arundinem,
959 2239 989 2294 in
1006 2237 1122 2300 silentio
1143 2253 1203 2296 no-

169 2326 222 2384 ctis
243 2323 281 2383 ad
302 2324 455 2383 fenestram
477 2340 615 2397 camerae,
636 2326 716 2384 iuxta
738 2341 825 2399 quam
846 2323 908 2384 illos
931 2322 1051 2382 dormire
1071 2331 1204 2400 noverat,

169 2413 305 2486 accessit,
328 2417 357 2471 et
377 2409 466 2469 verba
486 2409 684 2469 huiuscemodi
704 2428 756 2486 per
776 2413 934 2470 immissam
955 2410 1079 2470 fistulam
1099 2410 1204 2470 sibila-

169 2500 225 2556 vit:
250 2495 275 2557 Ο
297 2499 363 2556 iusti
385 2496 488 2556 etDeo
511 2495 613 2572 dilecti,
633 2499 753 2572 propriis
775 2498 938 2556 nominibus
960 2514 1009 2557 cos
1031 2498 1206 2574 exprimens,

168 2583 304 2661 gaudete,
338 2600 405 2644 eece
427 2583 485 2644 filia
506 2589 603 2644 vestra
623 2585 703 2661 virgo
727 2586 857 2660 concepit
877 2584 982 2660 filium,
1012 2590 1041 2642 et
1067 2586 1128 2660 ipsa
1150 2587 1208 2644 crit

167 2670 304 2731 liberator
330 2670 430 2746 populi
459 2673 546 2730 vestri
573 2669 671 2730 Israel.
722 2670 882 2747 Statimque
910 2669 1057 2747 paululum
1085 2673 1208 2730 retraxit

169 2757 345 2828 arundinem.
388 2755 437 2815 Ad
457 2756 534 2817 hanc
554 2774 656 2818 vocem
670 2755 800 2816 Judaeus
823 2757 1045 2835 expergefactus,
1069 2760 1208 2818 excitavit

170 2862 289 2904 uxorem
310 2840 437 2924 suam⁵),
460 2845 555 2904 dicens
578 2847 619 2904 ei:
651 2844 798 2918 Numquid
826 2862 883 2904 non
904 2845 1008 2904 audet
1030 2843 1098 2920 quid
1118 2845 1207 2904 nobis

167 2931 266 2994 locuta
292 2932 328 2990 sit
361 2948 418 2990 vox
447 2930 576 2991 coelica?
619 2930 778 3006 Respondit
806 2931 922 2990 mulier:
953 2931 1027 2992 Non.
1069 2931 1108 2988 Et
1136 2931 1207 2990 ille:

172 3017 301 3092 Oramus,
323 3024 355 3076 ut
377 3025 405 3077 et
426 3023 458 3076 tu
480 3017 577 3077 audire
598 3021 742 3077 merearis.
787 3017 941 3078 Orantibus
963 3020 1012 3093 eis,
1034 3016 1152 3078 clericus
1165 3018 1208 3077 ad

169 3103 322 3166 fenestram
354 3111 447 3180 stans,
480 3111 509 3164 et
537 3105 685 3181 diligenter
712 3103 781 3180 quid
807 3105 990 3180 loquerentur
1023 3104 1208 3180 auscultante,

170 3189 264 3272 posti)
286 3191 426 3252 morulam
448 3189 549 3251 eadem
570 3193 660 3250 verba
682 3209 755 3267 quae
785 3209 871 3268 supra
891 3193 1031 3268 repetivit,
1052 3191 1208 3265 atquead-

170 3280 247 3340 iecit:
274 3279 413 3356 Magnum
436 3277 545 3338 debetis
566 3277 641 3337 filiae
663 3284 776 3338 vestrae
805 3277 941 3338 honorem
963 3277 1111 3352 exhibere,
1139 3296 1208 3338 ma-

171 3384 258 3443 gnam
279 3383 377 3426 curam
399 3365 550 3441 adhibere,
572 3371 600 3424 et
622 3382 686 3424 oum
707 3365 798 3423 multa
821 3365 965 3442 diligentia
986 3381 1101 3424 servare
1129 3382 1209 3440 pue-

171 3470 243 3528 rum,
264 3453 300 3514 de
321 3456 381 3514 eius
402 3456 529 3529 virgineo
552 3468 669 3529 corpora
690 3454 872 3527 nasciturum,
894 3456 955 3528 ipse
977 3454 1053 3512 enim
1067 3457 1110 3510 est
1122 3450 1209 3512 Mes-

171 3541 243 3615 sias,
272 3556 358 3615 quem
386 3541 565 3615 exspectatis.
615 3539 661 3598 Illi
688 3539 880 3614 exsultantes,
910 3546 939 3600 et
967 3539 1002 3600 de
1030 3537 1208 3599 revelatione

190 3654 220 3724 1)
238 3655 307 3708 (lin
333 3657 469 3707 civitate
487 3656 711 3708 lemovicensi
737 3655 942 3722 temporibus
968 3655 1153 3707 nustria-
1174 3655 1209 3722 2)

240 3723 283 3776 BC
300 3727 462 3776 tumescit.
482 3755 512 3764 -
531 3726 563 3795 3)
581 3725 601 3777 B
620 3741 679 3794 ego
706 3727 794 3778 enim.
815 3755 846 3764 —
865 3726 897 3794 l)
916 3725 977 3780 CDP
995 3724 1152 3790 trupham.
1174 3756 1206 3764 —

242 3795 273 3861 5)
290 3794 310 3847 (i
327 3809 456 3847 uxorem
475 3795 555 3847 eins.
576 3825 605 3834 -
626 3796 657 3864 6]
676 3794 720 3848 Ab
738 3803 869 3861 etpost.
