2654 4308
380 264 436 326 DE
456 265 648 329 DNERSIS'
664 209 902 332 melonibus
1110 275 1170 334 luc

129 388 187 470 nls3
215 385 366 454 duodecim
393 387 508 464 lapidas
531 389 644 468 altaris3
674 389 825 452 duodecim
854 390 965 468 lapides
987 389 1023 454 de
1043 389 1173 456 Jordane

129 473 251 551 sublsti;
273 474 426 536 duodecim
441 476 532 538 borsa
545 477 600 536 sub
615 493 705 538 aeneo
719 481 805 554 mari3
824 478 975 540 duodecim
988 479 1174 542 iimdumenta

130 559 263 622 coelestis
289 560 457 622 Jemsalem
465 559 497 642 1).
543 562 747 625 noviome:
779 565 834 632 His
862 566 968 628 utiliter
1000 569 1174 644 praemissis,

129 665 207 709 nuuc
233 648 393 708 secundum
422 649 551 709 ordinem
581 651 736 711 subuectus
764 653 897 712 visiones.
935 651 1173 716 MONAGHUS:

128 735 213 796 Licet
232 738 324 800 sancti
344 734 479 812 Apoateb
498 753 552 812 per
571 739 711 797 visionem
733 737 830 798 multis
844 746 1010 816 appareant,
1032 748 1061 800 ct
1081 741 1174 802 rnnlta

128 838 181 898 per
208 837 259 882 cos
286 822 425 882 miracula
454 823 580 900 quotidie
601 824 671 884 bant
683 821 720 906 ²),
749 825 785 888 dc
806 829 907 902 pcucls
927 832 1023 886 tamen
1044 825 1171 909 pauca³)

128 909 182 970 tibi
202 909 340 985 reseram,
367 909 419 970 aad
440 916 580 986 quantum
601 911 639 972 cd
661 912 824 989 exemplum
844 912 1021 976 sufficentia
1151 994 1156 998 .

479 1100 714 1163 CAPITULUM
739 1102 819 1164 LVI.

159 1222 209 1281 Dc
226 1221 345 1303 femiae
362 1223 503 1303 eorbleya
524 1241 602 1300 quoe
628 1231 766 1290 eoactum
786 1224 940 1289 Aradrccm
962 1227 1140 1302 repediavit
1230 1227 1238 1239 “

194 1342 378 1403 Consuetudo
408 1350 453 1403 est
480 1347 603 1405 maxime
630 1347 795 1422 provinciae
823 1352 938 1406 nostrae
959 1349 1112 1424 matronis,
1140 1356 1173 1408 ut

128 1429 178 1498 tall
210 1437 290 1490 sorte
319 1431 473 1507 specialem
506 1433 561 1492 albi
588 1431 762 1520 Apostolum
792 1433 906 1511 eligant
955 1434 990 1492 In
1020 1433 1172 1496 duodecim

128 1515 255 1578 candelis
290 1517 442 1578 duodecim
469 1516 676 1594 Apostolorum
703 1521 820 1580 nomina
848 1520 961 1598 singula
993 1523 1023 1580 in
1052 1523 1171 1600 siugulis

128 1604 303 1679 scribuntur,
337 1621 411 1680 quae
440 1622 458 1664 a
486 1606 636 1665 sacerdote
663 1606 832 1668 benedictae
860 1607 943 1667 altari
970 1609 1055 1668 simul
1075 1609 1171 1686 impo-

2 1731 3 1735 .
127 1696 241 1750 uuntur.
283 1689 435 1751 Accedens
463 1709 534 1765 pero
555 1692 675 1768 lemine,
703 1695 783 1758 cuiue
809 1711 914 1756 nomen
941 1711 994 1770 per
1022 1694 1171 1758 caudelam

128 1777 259 1854 extrahit,
280 1777 320 1838 illi
338 1778 403 1854 plus
423 1780 524 1838 ceteris
546 1776 604 1859 ct⁴)
624 1779 740 1840 honoris
763 1787 791 1839 et
813 1781 942 1856 obsequii
963 1783 1108 1857 impendit
1135 1783 1171 1844 In

128 1864 205 1926 huuc
219 1863 338 1926 modum
353 1882 418 1925 cum
430 1865 573 1941 quaedam
587 1873 719 1926 matrona
728 1872 859 1926 sanctum
869 1865 1016 1927 Andream
1031 1873 1171 1930 extraxis-

127 1957 187 2027 set,
216 1957 325 2012 utnon
346 1951 565 2028 eiplacuisset,
586 1955 713 2028 reposita
736 1952 856 2013 candela
878 1953 965 2012 cllum
986 1955 1093 2016 habere
1114 1973 1171 2017 uo-

127 2037 195 2114 luit,
216 2038 269 2099 eed
289 2040 391 2098 iterum
412 2038 490 2098 idem
511 2041 642 2098 occurrit.
685 2039 764 2116 Quid
784 2039 889 2117 plural
932 2041 1063 2103 Tandem
1084 2047 1172 2103 traxit

127 2126 184 2186 sibi
210 2125 380 2202 placentem.
424 2125 478 2186 Oui
507 2143 572 2186 cum
600 2125 722 2190 multum
750 2127 925 2186 exhibuisset
946 2129 1088 2205 obsequii,
1111 2147 1171 2207 per

91 2204 93 2208 ’
128 2225 235 2272 omncc
257 2212 318 2274 dies
345 2215 439 2288 vitae,
467 2219 497 2272 ct
525 2211 564 2272 ad
585 2217 712 2274 extreme
732 2216 902 2290 perveniens
924 2221 999 2276 esset
1017 2219 1171 2292 moritura,

127 2316 187 2365 non
206 2298 286 2360 illum
308 2298 359 2359 eod
380 2300 498 2359 bentum
519 2299 667 2360 Andrcam
689 2300 744 2360 sibi
764 2303 896 2364 assistere
916 2301 996 2361 vidit
1038 2302 1097 2378 En,
1124 2307 1171 2364 in·

128 2387 197 2461 quit,
219 2402 273 2463 ego
288 2404 353 2448 sum
373 2385 421 2445 illc
444 2377 752 2463 despectus'Andreas.
783 2387 828 2446 Ex
850 2403 907 2464 quo
930 2388 1071 2466 colligitur
1093 2391 1170 2467 quod

126 2489 333 2549 nonnunquam
362 2475 454 2533 sancti
482 2475 570 2534 ctiam
597 2473 672 2533 ultro
701 2491 734 2538 se
758 2475 892 2552 ingerunt
912 2474 1056 2538 humanae
1079 2477 1170 2540 devo·

12 2593 18 2599 -
127 2561 205 2620 doni.
248 2560 395 2636 Quantum
416 2560 519 2621 beetur
539 2563 594 2620 iste
609 2559 769 2638 Apostolus
789 2579 822 2623 se
838 2564 1037 2630 invocantibus
1051 2582 1171 2626 succur-

126 2663 189 2714 rere
209 2647 314 2724 valeat,
333 2663 458 2722 sequens
477 2649 603 2709 sarrano
627 2647 764 2709 declarat.

472 2853 706 2963 cAProupUM
728 2855 822 2918 LVII.

161 2976 304 3051 Depelle
323 2977 430 3042 meino
450 2984 552 3044 condo
573 2974 712 3044 coccae
734 2987 860 3056 coapto,
872 2997 930 3056 por
951 2999 1043 3056 quum
1064 3000 1150 3047 more

477 3063 584 3140 furore
610 3065 747 3128 rodonuo
768 3073 820 3132 aa
979 3073 983 3076 “

193 3183 284 3243 Erant
311 3182 369 3242 duo
397 3183 515 3244 iuvenes
543 3186 623 3244 iuxta
644 3185 795 3246 ecclesiam
817 3189 908 3247 sancti
927 3185 1063 3250 Andreae
1083 3191 1170 3252 hobi·

128 3277 238 3346 tantcs,
267 3272 316 3348 qul
343 3286 395 3347 pro
423 3273 483 3331 suis
503 3272 725 3350 mercationibus
744 3279 869 3334 remotas
890 3277 1051 3350 provincias
1072 3287 1170 3355 petere

128 3357 268 3418 solebant
311 3357 454 3438 Tempore
476 3355 603 3435 quodam
625 3376 691 3419 cum
711 3359 864 3436 profecturi
886 3367 981 3420 essent
1001 3365 1030 3424 iu
1047 3365 1169 3434 liorwe.

127 3448 220 3524 giam,
248 3445 335 3505 irater
363 3443 493 3506 Rencrus
514 3445 672 3506 monachus
693 3453 804 3522 noster,
833 3453 901 3507 tuuc
923 3451 1014 3509 sancti
1034 3449 1170 3524 Andreae

90 3669 95 3676 .
146 3631 178 3700 1)
195 3631 285 3684 (lenes.
303 3631 347 3695 35,
364 3631 406 3684 22.
424 3631 505 3686 Exod.
525 3632 572 3695 15,
590 3633 632 3686 27.
651 3631 700 3697 28,
717 3631 760 3684 21.
778 3631 856 3685 levit
874 3633 922 3698 24,
941 3635 965 3685 5.
983 3634 1063 3689 Exod.
1081 3639 1125 3704 24,
1142 3643 1168 3694 4.

196 3699 273 3752 loeuo
290 3702 316 3766 4,
333 3703 358 3754 8.
372 3701 439 3771 'lieu
450 3702 492 3768 lll,
508 3703 535 3766 7,
552 3703 595 3754 25.
613 3702 694 3768 Apoc.
709 3703 755 3766 21,
767 3702 808 3753 tl.
829 3732 859 3743 -
879 3699 911 3771 2)
929 3701 972 3756 (ll)
990 3705 1074 3758 liant
1091 3725 1168 3776 quc.

197 3770 375 3838 lidia.-3)
393 3771 415 3824 Β
434 3771 470 3824 dc
488 3773 602 3843 paucis
620 3780 726 3823 tamon
744 3779 777 3822 et
794 3771 939 3840 pauca,C
957 3771 994 3824 da
1012 3791 1074 3831 non
1087 3791 1170 3854 vpsa.

198 3840 243 3892 cis
260 3847 364 3892 tamen
381 3856 494 3910 pauca.
514 3869 546 3886 -·
564 3840 598 3911 4)
614 3849 649 3894 et
665 3855 708 3893 om
725 3839 775 3896 BG.

854 3911 908 3988 fis
