2594 4302
349 274 405 336 Du
427 273 610 338 CORPORE
633 275 800 340 amisti.
914 307 916 311 ·
1045 274 1106 336 189

67 395 201 474 Martius,
222 393 259 456 de
280 398 360 460 erius
383 399 476 474 capite
498 412 564 458 cum
584 397 674 460 altare
687 397 874 473 benediceret,
893 397 982 458 etiam
1003 395 1109 474 globus

67 485 168 560 igneus
183 485 305 544 emicuit.
336 483 574 546 MONAGHUS:
594 484 630 545 In
643 493 765 562 unoque
782 486 896 561 signum
914 484 969 543 tuit
985 499 1108 562 magnac

68 569 243 644 devotionis,
275 573 356 630 cuius
388 577 490 632 auctor
521 571 642 647 Spiritus
671 577 791 632 sauctus
820 576 878 646 est,
904 573 953 647 qui
982 572 1012 628 in
1039 572 1108 647 igne

66 673 154 734 super
174 656 333 733 Apostolos
359 660 499 734 apperuit.
554 657 638 718 Unde
659 674 718 719 non
738 659 883 718 immerito
910 674 930 718 a
959 657 1108 718 sacerdote

66 753 135 806 ante
158 759 299 829 canonem
317 759 434 814 sursum
455 744 542 806 corda
563 745 670 805 habere
691 761 850 805 monemur.

394 934 627 998 CAPITULUM
650 935 792 996 XXXII.

66 1055 116 1116 De
143 1056 294 1116 sacerdote
322 1059 370 1116 cui
391 1057 541 1116 Dominus
563 1063 680 1123 tantam
702 1057 827 1117 contulit
848 1055 1046 1130 devotionem,
1073 1061 1110 1116 ut

140 1150 242 1204 beuter
264 1146 325 1203 aas
348 1141 507 1220 dirumpiss
529 1145 684 1217 videatur,
707 1142 854 1203 accedenti
876 1143 919 1202 ad
939 1144 1044 1204 altare.

133 1264 233 1324 Alium
261 1264 358 1324 itidem
386 1267 455 1325 novi
483 1266 677 1341 sacerdotem,
706 1267 753 1326 cui
780 1262 928 1326 accedenti
959 1261 1109 1324 adultere

65 1358 180 1412 tantem
207 1350 350 1411 Dominus
379 1369 466 1428 saepe
496 1352 616 1414 contulit
640 1352 837 1427 devotionem,
858 1358 891 1411 ut
912 1357 988 1412 esset
1007 1357 1109 1410 ucutm

66 1435 179 1512 etum),
208 1441 284 1498 siem
304 1441 441 1514 scriptum
470 1433 514 1498 est
540 1442 570 1498 in
598 1436 704 1520 Job³),
733 1441 820 1516 quasi
845 1445 977 1498 mustum
999 1438 1109 1514 absque

65 1525 227 1601 spiracula,
252 1525 335 1601 quod
355 1527 532 1602 lapuuculas
553 1543 647 1586 uaeas
669 1521 851 1602 timeam).
894 1524 932 1583 Et
953 1526 1109 1601 sicutipse

66 1611 140 1672 milri
161 1612 307 1672 confessus
330 1617 387 1686 est,
409 1611 504 1672 adhuc
526 1615 601 1672 enim
622 1614 702 1688 vivit,
726 1619 786 1672 tam
807 1611 992 1672 vehementes
1013 1617 1109 1672 motus

66 1715 275 1774 nonnunquam
288 1701 318 1756 in
333 1698 493 1780 cordesius
507 1699 621 1759 devotio
636 1701 779 1774 excitavit,
796 1705 829 1758 ut
841 1705 942 1775 peetus
957 1697 1080 1774 dirumpi
1088 1693 1109 1778 ⁵)

65 1784 222 1864 videretur.
267 1782 426 1862 Oportebat
442 1802 508 1844 sum
530 1793 624 1846 motus
647 1784 763 1846 eosdem
784 1792 899 1862 propter
917 1787 1110 1864 ,circumsten-

65 1879 114 1944 tes
135 1874 296 1948 reprimere.
340 1871 422 1948 Quae
444 1878 629 1948 pcccatorum
652 1872 768 1932 vincula
787 1871 951 1934 huiusmodi
970 1871 1110 1948 impulsus
1136 1863 1137 1870 '

64 1977 129 2019 non
141 1959 334 2033 dirumperent
341 1955 384 2038 ⁶)?
406 1957 483 2018 Huic
500 1961 630 2041 congruit
642 1958 711 2018 illud
722 1958 912 2019 Davidicumt
929 1954 1110 2034 Direptum)

63 2047 190 2108 ubucula
207 2064 283 2119 mea,
306 2045 356 2104 tibi
371 2046 541 2122 sacrificabo
556 2046 683 2106 hostiam
697 2047 802 2119 lauda,
825 2051 854 2105 et
874 2041 1008 2125 ceterai).
1038 2041 1112 2104 ΝΟ·
1154 2079 1157 2084 ,

63 2130 219 2192 VICIUS:
246 2132 321 2192 Puto
351 2130 429 2208 quod
458 2132 543 2192 valde
565 2130 678 2192 mundis
704 2132 836 2206 manibus
858 2131 1033 2206 sacrificent,
1062 2132 1112 2207 qni

65 2226 133 2278 tam
149 2219 312 2278 flammeum
327 2225 429 2296 pectus
442 2218 559 2280 habent.
589 2217 825 2280 MONACHUS:
853 2217 939 2295 Quod
960 2217 1112 2278 huiusmo-

65 2305 99 2368 di
123 2306 354 2367 sacerdotcsnon
370 2305 464 2367 solum
485 2306 617 2382 mundas,
637 2302 719 2386 sed⁹)
740 2305 850 2366 lucidas
871 2311 1000 2381 tempore
1021 2306 1113 2366 sacri·

63 2393 127 2464 ficii
148 2411 251 2454 manus
272 2393 407 2470 habeant,
428 2393 561 2472 exempla
581 2395 733 2470 sequentia·
751 2390 898 2454 declarant
908 2388 949 2472 ¹⁰).

391 2584 624 2646 clemonem
644 2583 796 2646 xrrxnr.
864 2537 868 2556 ⁸

147 2707 196 2767 De
217 2707 380 2767 Ricbmude
401 2727 480 2784 quae
500 2708 626 2767 bostiam
647 2711 680 2768 iu
702 2709 862 2768 elevatione
878 2705 925 2767 ‘ad
943 2710 1039 2768 iustae

252 2846 253 2849 ,
330 2794 334 2805 ³
376 2780 498 2854 cm‘stallt¹
518 2795 592 2855 aaut
614 2795 810 2871 perlucidam.
1105 2868 1109 2874 Ι

139 2911 230 2994 Oum-
251 2911 297 2973 die
329 2912 455 2989 quadam
487 2915 621 2976 sacerdos
655 2913 771 2992 quidam
802 2916 831 2977 in
862 2911 964 2974 Monte
982 2917 1113 2975 sanctem

63 2997 241 3074 Walburgis
263 3001 380 3059 missam
402 3000 566 3076 celebraret,
587 3000 720 3079 religiosa
739 3004 821 3080 virgo
833 2999 1009 3076 Richmudis,
1031 3001 1112 3060 cuitus

60 3085 191 3150 memini
215 3086 245 3144 in
274 3084 454 3148 distinctione
476 3094 580 3148 octava
602 3088 726 3165 capitulo
748 3090 887 3165 septimo,
914 3093 981 3164 post
1000 3093 1113 3163 tergum
1182 3083 1186 3088 ’

59 3175 148 3236 illius
170 3177 265 3248 stans,
293 3159 423 3233 hostiam'
439 3176 468 3233 in
490 3174 649 3235 elevatione
677 3181 737 3234 tem
756 3174 962 3236 lucidissimam
975 3169 1005 3254 ¹,¹)
1023 3167 1113 3250 'victu

59 3268 99 3326 et
132 3264 193 3320 tam
222 3261 419 3336 perspicuam,
448 3277 483 3321 ac
505 3263 529 3320 si
556 3261 656 3322 luisset
677 3261 847 3337 cristallina,
874 3267 904 3322 et
924 3260 1004 3334 radio
1026 3260 1113 3320 solari

58 3345 254 3432 perlustrata
296 3345 359 3408 Nec
385 3347 581 3424 impediebant
599 3347 724 3425 pollices
754 3347 919 3410 sacerdotis
931 3348 1036 3426 quibus
1056 3347 1112 3408 ho-

83 3501 124 3570 1)
143 3496 186 3551 ca
205 3495 372 3564 disrumpi.
392 3527 423 3540 -
443 3499 475 3564 2)
492 3499 537 3552 ab
555 3508 590 3552 ut
608 3501 679 3553 eius
697 3509 820 3553 venter.
839 3497 967 3562 sentit,
984 3499 1009 3552 8.
1029 3527 1060 3539 -
1079 3497 1112 3567 3)

142 3566 416 3690 XIIII-{affl
435 3567 684 3693 ⁰f‘i¹⁸‘13¹‘l¹·’¹‘'
707 3570 729 3623 ⁰
751 3567 1111 3692 ⁶¹¹³¹l¹³¹c¹1⁰0⁵¹ss³llid

144 3639 184 3760 ive
201 3655 347 3775 pectIrris
365 3655 497 3762 vIrIculu
514 3640 610 3764 lIuius
627 3657 859 3780 IIIclI'IrIrIsruelIn’
875 3653 1113 3775 disrumeseren:

144 3786 206 3829 tur.
230 3807 258 3816 -
285 3779 316 3846 7)
341 3775 361 3828 B
387 3777 568 3847 disrupisti.
593 3811 623 3822 —
643 3781 675 3850 8)
692 3779 761 3834 Paul.
781 3780 840 3844 115,
858 3778 969 3831 16-17.
989 3807 1020 3818 --
1040 3776 1072 3844 9)

145 3845 203 3902 sed
220 3860 259 3919 et.
279 3877 310 3888 -
331 3846 379 3914 10)
396 3851 419 3905 B
437 3846 659 3904 declarabunt.
678 3881 709 3892 -
729 3851 778 3920 11)
794 3847 838 3904 BC
855 3846 1002 3901 lucidam.
