2594 4302
172 233 235 294 230
487 229 715 294 DISTINO‘PIO
739 227 897 293 DECIMA

170 354 266 430 nensl,
294 353 412 428 etipsa
440 352 663 413 sanctimonialis
689 355 719 412 in
739 352 905 429 Ditlrirgen,
934 368 1011 428 quae
1039 355 1085 412 est
1115 350 1211 411 domus

170 442 243 517 nigri
264 439 384 514 ordinis,
413 438 478 500 Deo
499 441 653 515 inspirante
673 439 721 500 illo
741 439 845 500 relictis
867 441 1000 500 omnibus
1022 439 1213 500 conversionis

170 529 263 604 gratia
283 526 322 586 ad
335 525 453 586 domum
466 533 595 586 nostram
608 529 696 602 seuit,
706 533 746 586 *et
766 529 830 602 ipsa
850 543 902 602 pro
925 528 986 587 aius
1002 526 1214 602 perseverantia

171 619 278 691 quanto
308 615 444 672 intentius
472 615 566 689 potuit
592 613 719 674 Domino
747 613 929 690 supplicavit.
978 612 1086 672 Paucis
1115 611 1214 671 diebus

171 700 274 777 elapsis
297 717 363 762 curn
384 700 550 760 adatribue
572 701 630 759 suis
646 699 806 760 carnalibus
828 701 858 759 vi
878 699 979 758 suisset
991 698 1128 759 reductus
1148 703 1215 758 ante

170 785 287 846 habitus
309 788 530 863 susceptionem,
550 788 614 862 ipsa
635 789 692 845 iam
715 785 870 862 desperans
893 785 1000 844 dimisit
1020 781 1216 864 orationem1).

172 872 267 950 Quam
295 876 356 950 ipse
385 889 453 932 mox
480 875 509 932 in
539 873 646 932 somnis
676 873 714 933 ob
743 872 800 933 hoo
822 889 962 950 arguens,
991 878 1021 932 et
1042 877 1074 932 ut
1095 872 1216 932 omissas

64 1029 66 1034 ,
170 963 312 1022 orationes
325 961 493 1035 reinciperet
500 956 521 1039 ²)
536 959 705 1034 admonens,
718 959 835 1019 adiecit:
850 959 978 1018 Primam
993 961 1110 1018 missam
1121 975 1217 1018 meam

170 1046 270 1107 audies
291 1049 321 1106 in
342 1044 440 1106 ordine
463 1044 653 1106 cisterciensi.
696 1045 783 1122 Quod
803 1047 844 1104 ita
862 1040 919 1105 Dei
941 1053 1014 1104 nutu
1035 1046 1143 1106 factum
1165 1051 1219 1104 cst

169 1133 245 1193 Nam
271 1136 333 1210 ipse
360 1131 399 1192 ad
426 1150 479 1194 nos
507 1131 605 1206 rediit,
638 1139 668 1192 et
694 1134 758 1217 ipsa
786 1132 917 1191 habitum
949 1135 1086 1209 mutavit3
1118 1134 1219 1208 sicque

169 1221 200 1280 in
227 1219 328 1281 Monte
360 1227 478 1279 sanctae
505 1217 690 1296 Walburgis,
719 1220 770 1278 ubi
796 1224 865 1278 tunc
886 1218 1027 1278 Pn'orissa
1054 1219 1122 1294 suit,
1156 1221 1220 1296 pri·

169 1325 248 1366 mam
275 1309 336 1367 cius
356 1308 474 1366 missam
500 1306 619 1365 audivit.
661 1303 865 1365 NOVICIUS:
894 1305 960 1365 Non
981 1307 1068 1364 miror
1090 1308 1115 1366 si
1136 1304 1220 1366 Deus

169 1392 237 1454 huic
258 1393 409 1470 religiosae
430 1394 552 1452 feminae
573 1390 712 1468 praedicti
732 1399 819 1469 potus
842 1393 966 1450 mutavit
986 1408 1129 1468 saporem,
1151 1410 1221 1453 cum

169 1479 239 1542 mihi
252 1482 374 1555 novicio,
389 1485 421 1539 ut
432 1479 467 1540 dc
481 1479 614 1555 perlectis
627 1485 748 1554 taccam,
763 1496 862 1538 amara
875 1495 1009 1554 quaeque
1020 1477 1221 1559 convertenti

168 1569 199 1628 in
227 1566 382 1628 dulcorem
425 1561 553 1626 Melioris
581 1566 722 1642 siquidem
751 1568 861 1644 saporis
890 1581 966 1625 nunc
994 1565 1063 1624 mihi
1085 1566 1222 1626 videntur

86 1707 89 1720 ,
169 1660 268 1714 nostra
289 1652 436 1714 incondita
456 1653 655 1730 pulmentaria,
677 1670 765 1729 quam
786 1659 853 1713 ante
873 1655 1089 1712 conversionem
1109 1653 1222 1714 fercula

169 1743 297 1802 mmium
319 1740 528 1801 delicatissima
570 1736 806 1799 MONAOHUS:
826 1737 963 1798 Farinula
984 1738 1101 1816 Helisei‚
1123 1741 1155 1799 id
1179 1749 1224 1800 est

168 1831 262 1906 gratia
276 1826 381 1886 Christi
401 1821 496 1908 iacit⁴)
518 1826 583 1886 hoc.
625 1825 772 1886 dardanus
793 1843 864 1885 vero
886 1825 1044 1885 monachus
1066 1825 1102 1885 de
1124 1826 1223 1886 Hem·

168 1913 305 1977 menrode
327 1913 470 1990 aliquibus
492 1915 574 1972 anuis
597 1912 675 1990 quod
697 1915 788 1990 magis
809 1913 861 1971 luit
883 1912 1100 1989 miraculosum,
1123 1913 1222 1974 studio

169 2001 360 2062 abstinentiae
388 2001 426 2060 ab
449 2001 525 2059 omni
546 2006 617 2075 potu
640 1999 793 2074 abstinuit,
825 2005 953 2075 tempore
976 2005 1073 2059 tamen
1095 2005 1223 2062 messio·
1269 1989 1270 2044 ἕ

169 2089 215 2150 nis
248 2089 309 2148 sive
338 2089 368 2145 in
396 2086 486 2146 multo
516 2093 647 2146 caumate
677 2103 743 2146 oum
771 2086 887 2162 reliquis
916 2085 1060 2146 laborans.
1102 2086 1154 2149 .Ut
1186 2089 1223 2148 ad
1269 2081 1270 2084 '

171 2175 319 2251 praedicta
340 2173 500 2248 redeamus,
522 2175 595 2232 sicut
615 2171 697 2232 Deus
719 2174 802 2233 bonis
824 2179 853 2232 et
877 2189 976 2232 amara
998 2189 1133 2251 quaeque
1156 2193 1224 2234 cnm

173 2264 329 2340 gratiarum
351 2263 463 2320 actione
480 2261 662 2337 gustantibus
685 2261 825 2319 convertit
846 2261 874 2318 in
893 2257 1083 2336 dulcedinem,
1102 2262 1146 2322 ita
1168 2263 1224 2322 ali-

174 2348 290 2425 quando
312 2350 430 2426 ingratis
452 2346 548 2407 dulcia
568 2349 598 2405 in
620 2347 837 2406 amaritudinem
845 2343 876 2428 ⁶).

518 2519 753 2581 CAPITULUM
774 2519 876 2580 XVII.

197 2644 246 2703 De
261 2603 383 2720 pistrioe
406 2641 626 2720 blaspbemantia
647 2645 732 2701 cuius
747 2648 840 2717 posto
862 2659 949 2702 uerso
971 2649 1014 2702 eat
1034 2645 1066 2701 ia
1085 2643 1206 2720 fimum.

242 2763 315 2824 Cum
343 2770 410 2840 post
443 2764 687 2825 confirmationem
717 2761 830 2824 Ottonie
858 2766 888 2822 in
916 2779 1005 2840 regno
1034 2769 1117 2826 mnia
1148 2772 1227 2825 esset

176 2851 355 2912 abundantia
387 2867 533 2926 annonae,
565 2859 599 2912 ut
625 2852 656 2908 in
683 2851 860 2927 Episcopatu
890 2849 1052 2909 Coloniensi
1079 2851 1226 2914 maldrum

174 2940 300 3014 quinque
328 2937 376 2998 vel
404 2955 456 2998 sex
478 2937 601 2998 denariis
622 2937 712 2996 multo
734 2942 863 3014 tempore
885 2935 1070 3011 venderetur,
1101 2941 1225 3017 contigit

173 3027 203 3084 iu
222 3025 348 3102 quadarn
363 3024 490 3084 ciusdem
505 3024 654 3086 Dioecesis
674 3024 753 3100 villa,
776 3027 974 3108 ouiusnomen
996 3024 1109 3102 excidit,
1131 3028 1225 3086 mira·

175 3111 272 3172 aulum
295 3111 412 3189 dignum
434 3114 579 3173 memoria.
612 3112 717 3170 Pistrix
747 3109 890 3187 quaedam
916 3128 1007 3187 panes
1028 3109 1066 3171 ad
1089 3105 1230 3190 coquen«

175 3197 244 3258 dum
265 3199 447 3258 formaverat.
490 3198 529 3257 Et
554 3200 622 3276 quia
642 3205 770 3276 tempore
792 3197 988 3262 abundantiae
1009 3199 1133 3275 pistores
1156 3217 1226 3260 mo-

176 3285 271 3345 dicum
299 3285 460 3361 lucrantur,
492 3286 542 3346 illa
571 3292 715 3346 commota
744 3285 880 3347 clamavit
908 3285 946 3344 ad
974 3302 1095 3362 puerum
1118 3303 1225 3346 suum:

173 3371 324 3432 Mittamus
345 3370 425 3431 hunc
447 3371 546 3432 fimum
567 3375 597 3432 in
613 3372 769 3434 clibanum.
808 3371 896 3436 Justo
910 3370 967 3435 Dei
987 3371 1091 3432 iudicio
1110 3373 1226 3434 lectum

172 3465 217 3519 est
249 3461 276 3518 ei
308 3457 467 3518 secundum
495 3461 617 3520 verbum
644 3476 745 3534 suum,
776 3463 806 3518 et
834 3465 919 3535 pasta
946 3458 1141 3536 pulcherrima
1172 3476 1227 3536 per

191 3593 223 3662 l)
240 3591 262 3646 B
278 3593 546 3663 orationes-2)
558 3593 628 3646 aad*
643 3601 676 3644 at
693 3593 831 3645 omissas
849 3594 1016 3661 reciperet
1033 3593 1225 3656 ouationes,

241 3661 420 3714 Bomissas
443 3665 615 3715 orationes
638 3671 671 3714 ut
693 3665 871 3730 reciperet.
895 3691 926 3704 ·-
943 3663 976 3728 3)
994 3661 1015 3716 G
1033 3665 1225 3720 convertit,

242 3731 470 3853 ἓοίῖιὲἶιοίιὶῑιι.
491 3761 521 3772 -
541 3732 614 3801 Μ)
632 3732 726 3793 feeit,
748 3731 810 3808 lleg.
828 3731 874 3798 lli,
891 3733 923 3798 d,
941 3733 984 3790 dl.
1003 3761 1034 3772 -
1054 3729 1151 3799 5180
1171 3729 1227 3788 ata
