2642 4330
467 265 522 326 Du
543 263 831 326 SIMPLIOITATE.
1102 266 1163 326 343

124 389 166 450 Et
197 391 266 465 qnia
286 388 368 448 Deus
395 387 551 464 simplicem
579 405 638 449 non
665 389 791 464 proiicit,
822 403 876 448 nec
903 388 1023 464 porrigit
1048 405 1165 448 manum

124 472 256 557 impiis),
277 475 389 536 scilicet
411 483 510 537 eontra
529 475 618 550 illum,
640 475 737 536 audito
761 478 820 534 eius
835 475 932 550 verbo,
955 481 984 534 et
1005 477 1034 532 in
1055 474 1165 550 simpli-

124 566 214 624 citate
237 566 299 622 eius
321 565 503 637 notissimo
525 581 543 622 a
564 562 670 638 Spiritu
695 569 804 636 sancto,
826 563 874 637 qui
894 578 946 637 per
968 578 1000 620 os
1022 564 1097 620 senis
1118 561 1165 620 lo-

123 651 288 726 quebatur,
317 648 495 724 admonitus,
523 649 669 726 respondit
697 651 740 708 vir
768 649 885 708 nobilis:
917 649 1091 724 Exspectate
1119 665 1165 708 me

123 737 182 812 hic,
205 754 259 813 ego
275 736 425 796 eonsilium
438 736 553 798 habebo
576 753 642 796 curn
656 753 744 794 uxore
766 753 839 810 mea,
860 735 1030 810 quidnobis
1052 735 1165 795 faciam.

122 821 175 882 Ad
198 828 286 899 'quarn
309 841 375 882 curn
397 826 536 898 venisset,
566 829 595 883 et
615 825 690 882 senis
712 825 738 882 ei
758 823 848 882 verba
868 839 920 897 per
942 821 1069 880 ordinem
1090 822 1165 882 reci-

123 915 233 984 tasset,
261 910 380 969 adiecit:
411 909 656 970 limao=celerem
676 909 733 968 Dei
761 925 848 984 super
874 925 921 968 me
942 907 1112 983 vindictam,
1142 911 1166 968 si

122 999 168 1054 vir
191 999 246 1056 iste
269 1003 330 1056 tam
352 996 472 1072 simplex
494 1003 523 1056 et
544 1004 604 1056 tarn
629 1002 723 1055 rectus
745 996 870 1071 aliquam
891 1013 967 1054 nune
989 1013 1007 1054 a
1027 1013 1074 1054 me
1095 1013 1165 1070 pas-
1199 1049 1201 1058 ,

123 1101 176 1142 sus
198 1083 284 1142 fuerit
304 1082 456 1158 repulsam.
499 1083 634 1144 Similiter
661 1089 690 1142 et
717 1083 767 1142 illa
787 1082 946 1158 respondit,
975 1083 1042 1156 quia
1064 1080 1166 1140 eodem

122 1172 227 1246 spiritu
254 1186 378 1229 accensa
406 1170 467 1228 tuit.
509 1170 655 1230 Reversus
677 1169 849 1244 adsonem,
878 1172 931 1229 ait:
959 1168 1042 1227 Bone
1069 1174 1164 1244 pater,

122 1262 243 1332 propter
264 1264 395 1316 sanctam
408 1256 618 1332 simplicitatem
631 1263 766 1331 vestram,
788 1273 862 1331 quae
883 1273 930 1314 me
952 1254 990 1315 ad
1004 1250 1164 1314 miseric-or-

123 1343 204 1402 diam
217 1345 328 1402 inflexit
339 1339 369 1421 ²),
390 1346 562 1403 monasterio
580 1349 676 1403 vestro
692 1343 827 1418 quicquid
838 1343 933 1402 adhue
956 1343 991 1401 de
1012 1343 1165 1417 pecoribus

123 1437 258 1505 superest
266 1427 287 1509 ³)
309 1431 467 1505 restituam,
489 1430 524 1489 de
546 1431 630 1489 illatis
652 1448 671 1488 a
691 1447 737 1488 me
759 1432 864 1490 iniuriis
885 1433 915 1488 in
937 1435 1076 1504 quantum
1096 1435 1164 1504 pot-

123 1534 175 1576 ero
198 1517 388 1591 satisfaciam,
422 1522 451 1575 et
478 1534 624 1592 nunquam
646 1517 683 1576 ab
705 1517 762 1577 hac
784 1517 829 1576 die
849 1516 920 1576 illud
940 1517 1073 1576 turbabo.
1115 1515 1164 1576 Ad

123 1603 204 1680 quod
226 1605 349 1662 verbum
371 1603 459 1662 senex
480 1606 586 1681 gratias
606 1603 647 1662 illi
667 1603 803 1678 referens,
832 1622 897 1663 curn
919 1606 1019 1678 rapina
1040 1603 1077 1662 ad
1099 1619 1164 1661 mo-

123 1693 283 1749 nasterium
303 1688 396 1749 laetus
418 1690 515 1766 rediit,
544 1697 573 1750 et
582 1686 604 1770 4)
626 1688 743 1750 Abbate
766 1698 795 1750 et
815 1691 947 1751 fratribus
969 1691 1164 1767 stupentibus,

123 1778 217 1838 verba
248 1779 374 1853 potentis
406 1777 510 1836 retulit
552 1775 672 1836 ¹Pacem
699 1778 736 1836 ab
768 1778 817 1837 illo
849 1785 977 1852 tempore
1009 1777 1164 1850 habentes,

124 1871 235 1940 quanta
265 1871 342 1924 esset
367 1865 457 1923 virtus
490 1865 677 1940 simplicitatis
709 1865 839 1940 exemplo
873 1863 1038 1923 didicerunt.
1087 1863 1164 1922 Ecce

123 1951 217 2010 habes
230 1947 251 2031 ⁵)
274 1948 445 2025 exemplum,
467 1951 544 2026 quod
565 1968 637 2027 opus
657 1950 810 2026 aliquando
832 1968 883 2028 per
905 1969 936 2010 se
957 1951 1074 2023 malurn,
1094 1967 1164 2025 pro·

122 2045 190 2114 pter
213 2038 329 2097 oculum
351 2037 516 2112 simplicem,
537 2038 567 2096 id
588 2045 640 2112 est,
662 2041 768 2098 bonam
781 2040 965 2098 intentionem
977 2033 1007 2117 ⁶),
1027 2037 1165 2096 efficiatur

123 2124 254 2183 lucidum
277 2129 306 2183 et
319 2125 442 2182 bonurn.¹
478 2123 593 2184 Revera
604 2125 763 2185 monachus
775 2126 853 2185 idem
865 2124 1040 2184 comedendo
1058 2141 1166 2197 cemes,

125 2218 158 2270 et
176 2211 233 2272 hoc
254 2213 284 2269 in
307 2217 408 2284 castro,
429 2202 585 2287 peccasset,
608 2214 632 2270 si
644 2212 809 2287 simplicitas
820 2213 900 2271 illum
920 2229 979 2270 non
992 2215 1165 2271 excusasset.
1237 2217 1241 2226 ‘

125 2297 213 2374 Quod
234 2304 333 2357 autern
353 2313 412 2356 non
433 2297 526 2357 solum
546 2315 605 2356 non
625 2302 802 2374 peccaverit,
829 2303 886 2357 imo
909 2302 995 2358 etiam
1017 2299 1165 2372 meruerit,
1236 2293 1237 2304 ’

124 2387 167 2443 rei
189 2387 282 2444 exitus
312 2384 437 2444 ostendit
449 2381 478 2464 ⁷).
521 2383 726 2446 NOVICIUS:
755 2386 917 2446 Peccantne
938 2385 993 2461 illi,
1023 2387 1072 2460 qui
1100 2401 1165 2444 mo-

126 2471 229 2531 nachis
252 2472 421 2530 exeuntibus
444 2488 552 2547 carnes,
573 2476 710 2549 sagimen,
730 2472 777 2532 vel
798 2476 845 2531 ius
861 2476 986 2532 carnium
1009 2476 1165 2548 apponunt,

126 2564 157 2618 et
170 2559 235 2618 illos
250 2557 347 2632 aliquo
362 2557 482 2618 artificio
504 2565 536 2617 ut
550 2559 711 2634 comedant,
734 2559 895 2635 decipiunt?
928 2558 1164 2620 MONAGHUS:

92 2697 98 2712 ,
125 2644 192 2704 Non
212 2645 347 2704 videntur
366 2662 496 2721 peccare,
517 2648 542 2704 si
564 2663 613 2704 eos
630 2646 759 2722 impellit
776 2649 932 2706 necessitas
954 2646 1164 2722 hospitalitatis,

124 2731 188 2807 vel,
217 2730 296 2807 quod
326 2729 437 2807 dignius
460 2737 518 2807 est,
546 2731 640 2792 fervor
669 2736 802 2792 caritatis.
845 2733 986 2793 Edentem
1008 2739 1166 2792 excusata

124 2825 246 2895 peccato
269 2820 437 2894 ignorantia,
459 2819 507 2879 vel
529 2820 710 2898 simplicitas3
736 2823 950 2896 ministrantem,
971 2826 1004 2880 ut
1024 2819 1091 2894 dixi,
1113 2836 1166 2878 ca-

125 2908 203 2966 ritas.
247 2905 325 2964 Eece
347 2906 517 2982 exemplum.

491 3062 725 3124 CAPITULUM
746 3064 801 3124 HL

124 3186 173 3245 Dc
195 3183 364 3244 Cbrbtiooo
378 3185 501 3244 Decumo
520 3186 681 3260 Bonnenst,
704 3189 756 3263 qui
776 3187 886 3246 Abbati
902 3191 1002 3262 pisam
1023 3190 1166 3264 captoriae

365 3272 514 3331 conatam
536 3276 674 3348 apposuit
695 3277 727 3332 ia
748 3275 938 3349 sirnplrbitate.

189 3392 292 3451 Bonae
306 3395 462 3452 memoriae
478 3386 655 3452 Christianus
669 3394 806 3453 Decanus
816 3394 986 3469 Bonnensis,
1007 3397 1051 3454 vir
1072 3395 1165 3452 bonae

123 3481 212 3554 vitae,
234 3484 264 3538 et
285 3477 371 3537 valde
388 3479 526 3554 literatus,
548 3484 596 3555 qui
618 3481 696 3556 apud
717 3497 769 3540 uos
791 3483 920 3540 novicius
943 3481 1091 3541 defirnetus
1114 3488 1165 3554 ast,

124 3583 192 3627 cum
213 3567 243 3624 in
265 3567 370 3624 virmte
398 3566 600 3642 hospitalitatis
625 3567 778 3643 plurimum
805 3568 942 3643 ferveret,
972 3568 1017 3627 die
1041 3566 1164 3644 quadam
1311 3573 1312 3576 ’

144 3698 176 3767 1)
192 3697 241 3750 lob
259 3699 286 3763 8,
303 3698 347 3751 20.
366 3727 396 3738 ·-
416 3699 448 3766 2)
466 3699 506 3751 ΒΡ
524 3698 673 3751 reflexit.
692 3730 725 3739 —
744 3700 776 3767 3)
794 3699 878 3752 Acar
895 3709 954 3752 est.
973 3730 1005 3740 -
1024 3699 1055 3765 4)
1074 3708 1105 3751 et
1123 3713 1163 3749 om

195 3767 244 3821 BG.
263 3796 296 3809 -
316 3767 347 3835 5)
365 3767 448 3820 acor
474 3769 535 3822 hic.
555 3799 586 3809 -
605 3768 637 3837 6)
664 3768 694 3820 id
721 3799 754 3808 -
782 3771 999 3822 intentionem
1018 3767 1066 3820 add
1085 3767 1111 3820 G.
1131 3795 1164 3805 -

195 3839 227 3907 7)
245 3838 265 3891 G
282 3835 447 3906 probavit.
