2594 4302
386 266 442 326 DE
464 259 647 326 CORPORE
670 263 839 328 CHRISTI.
1084 265 1144 324 1⁷5
1251 297 1267 306 -

107 387 211 463 hacho,
232 388 262 448 in
282 387 407 448 fenestra
427 388 510 448 elteri
531 389 666 466 contigue
686 389 831 463 proiectae
849 392 924 448 sunt
966 383 1148 448 decedentes

106 491 174 536 vero
196 491 294 536 mures
315 477 412 536 omnia
432 491 508 552 qnae
530 481 611 535 erant
631 481 713 534 exus
728 475 849 536 cuades
862 473 1047 548 devorabant,
1068 473 1146 534 litte·-
1247 491 1252 496 ·

105 581 154 624 rae
182 567 212 622 et
233 579 309 638 quae
329 565 406 622 intus
428 569 511 622 erant
531 565 560 620 iu
581 561 660 620 nullo
682 564 796 637 penitus
816 561 978 636 laedebant
1020 560 1147 622 Sacrists

104 651 163 710 istu
182 649 381 725 considerans,
409 651 553 725 reputavit
574 666 627 724 pro
647 648 795 721 musarde,
836 647 1041 708 blOVIiJlUS:¹
1068 646 1145 723 Quid

105 742 149 798 cst
180 753 288 811 queem
320 735 400 811 quod
426 753 522 796 mures
554 735 604 794 vel
634 752 747 796 vermes
775 738 807 794 in
836 740 1018 796 sacramento
1048 734 1146 796 abans

104 821 281 886 comedunt?
302 821 539 884 MONACHUSr
561 822 678 898 Species
689 829 809 882 tantum.
837 821 873 882 ln
893 821 943 880 ills
962 821 1146 882 emissuru-

104 911 188 972 detur
209 916 240 970 et
259 913 400 986 tangitur,
426 916 455 969 et
476 911 514 970 ab
535 909 658 987 indignis
678 911 834 968 iniuriarum
877 907 989 983 Corpus
1010 910 1071 970 eius
1092 923 1146 968 ve-

103 995 322 1073 rumquodsub
337 997 387 1056 illa
408 997 486 1072 latet,
507 996 698 1074 glorificatum
720 1002 771 1056 est
792 996 831 1054 Et
841 997 911 1070 quis
921 995 1085 1056 immortale
1094 1001 1148 1069 est,

102 1101 161 1144 non
181 1087 277 1160 potest
298 1085 454 1161 eorrumpi,
476 1086 544 1159 quia
558 1082 738 1160 splendidum
760 1089 811 1158 est,
833 1099 891 1142 non
913 1087 1008 1158 potest
1028 1081 1146 1141 anobis

102 1170 207 1247 videri3
229 1172 298 1245 quis
319 1170 423 1231 subtile
445 1176 500 1246 est,
518 1188 578 1230 nou
598 1176 695 1246 petest
715 1187 734 1232 u
754 1168 971 1246 nobis-palpari.
1004 1166 1034 1227 A
1047 1182 1145 1228 sacer·

103 1257 171 1318 dote
193 1255 309 1333 quidem
330 1262 458 1333 tenebar,
479 1256 611 1338 sednon
632 1259 773 1334 tangitur,
801 1259 855 1315 nisi
875 1255 1020 1314 mediante
1040 1256 1145 1332 specie.

102 1343 221 1420 Species
235 1343 429 1420 ipsavidetur,
448 1348 581 1422 tangitur,
600 1345 748 1421 frangitur,
769 1345 943 1416 masticatur,
965 1344 1057 1416 satiat,
1079 1357 1144 1401 cor-

104 1433 242 1507 rumpitur
263 1436 293 1490 et
312 1432 460 1490 iniuriatur
471 1427 498 1510 ¹).
542 1431 666 1507 Quando
693 1426 837 1510 aliquod²)
858 1430 962 1490 horum
983 1425 1145 1488 attribuitur

104 1519 214 1594 corpori
236 1515 358 1592 came,
378 1516 414 1578 de
435 1519 532 1594 specie
554 1516 644 1578 debes
664 1517 830 1594 intelligere.
873 1515 968 1576 Tanta
989 1521 1034 1576 est
1054 1514 1145 1592 gloria

104 1603 189 1684 brius
207 1606 388 1680 sacramenti,
408 1608 441 1663 ut
461 1621 520 1664 uon
540 1604 634 1664 aslum
655 1604 742 1664 bruta
761 1607 792 1662 in
813 1603 918 1679 quibus
932 1605 1030 1664 meus
1048 1608 1144 1665 mets·

104 1691 167 1750 bilis
190 1697 252 1766 est,
276 1690 329 1752 sed
350 1697 383 1752 et
400 1690 580 1752 insensibilia
598 1690 742 1752 elementa
760 1693 896 1751 virtutem
915 1689 990 1750 illius
1012 1691 1144 1752 amians.

102 1777 191 1840 Verbi
215 1773 343 1858 csusa‘).

454 1983 690 2046 CAPITULUM
718 1985 790 2044 XII.

195 2075 196 2082 ἵ
219 2108 268 2169 De
288 2124 412 2186 corpere
432 2105 558 2168 Domini
579 2107 662 2183 qaod
681 2109 714 2166 ia
732 2107 844 2185 flumen
864 2109 1028 2183 prmecturrr

463 2195 622 2268 wericus
644 2194 784 2254 dimersit.

166 2332 308 2413 Tempore
336 2333 384 2395 illo
415 2333 531 2411 quando
558 2332 733 2393 manifestari
756 2338 912 2408 coeperunt
931 2331 1066 2392 haereses
1088 2327 1144 2390 Al·

100 2417 231 2496 bienses,
254 2422 372 2499 quidam
403 2423 525 2500 maligni·
551 2423 657 2480 virtute
687 2419 829 2479 diabolica
856 2417 978 2494 suffulti,
1001 2417 1144 2494 quaedam

99 2509 183 2586 sigim
203 2515 290 2585 atque
311 2515 443 2586 portenta
465 2507 664 2582 ostendemus,
694 2507 798 2584 quibus
821 2511 850 2567 et
871 2505 988 2566 easdem
1008 2507 1144 2566 haereses

99 2596 322 2671 roboraverunt,
344 2602 373 2656 et
393 2595 500 2656 multos
520 2593 655 2655 fidelium
668 2595 698 2653 ln
719 2592 777 2654 fide
798 2594 1008 2654 subverterunt
1050 2587 1144 2670 Super

98 2695 192 2757 aquas
214 2683 441 2759 ambulaverunt,
464 2690 494 2743 et
513 2699 572 2743 non
593 2685 660 2742 sunt
682 2681 831 2741 submersi.
869 2679 994 2740 Cernens
1015 2679 1071 2740 boc
1093 2697 1143 2740 aa·

99 2767 204 2833 cados
231 2769 348 2845 quidam
374 2769 432 2830 fide
454 2766 664 2830 catholicus‘et
684 2771 745 2828 vita
765 2768 930 2844 religiosus,
959 2769 1052 2827 sciens
1072 2781 1143 2827 vera

98 2856 182 2931 signa
205 2871 271 2915 cum
291 2854 365 2916 salsa
387 2853 516 2916 docmina
537 2870 601 2916 esse
622 2873 681 2915 non
701 2869 796 2933 posse,
819 2871 922 2930 corpus
938 2854 1056 2914 Domini
1077 2871 1143 2915 cum

98 2940 196 3018 pixide
218 2941 256 3000 ad
277 2942 384 3000 flumen
405 2943 454 3002 ubi
476 2941 516 3000 illi
536 2941 650 3019 populis
672 2959 740 3002 suas
762 2941 902 3001 ostensuri
925 2948 1006 3001 erant
1022 2943 1143 3001 virtutes

100 3027 271 3103 deportarit.
305 3027 442 3104 Dixitque
464 3033 494 3087 in
509 3029 656 3088 audientia
677 3031 818 3088 omnium:
844 3027 955 3088 Adiuro
977 3034 1006 3088 te
1029 3027 1142 3088 diabole

97 3131 152 3192 per
174 3130 241 3174 eum
265 3130 351 3189 quem
373 3116 402 3173 iu
424 3113 557 3175 manibus
577 3120 671 3191 porto,
692 3132 730 3175 ne
750 3115 779 3173 in
801 3115 857 3175 hoe
870 3116 986 3174 flumine
1009 3115 1142 3175 adhuius

96 3201 199 3280 pepuli
227 3201 445 3262 subversionem
473 3219 525 3278 per
546 3201 600 3262 hos
621 3201 753 3262 heminas
774 3207 869 3262 bama
891 3219 1026 3262 exerceas
1046 3202 1142 3262 taru-

95 3291 164 3350 sias.
199 3288 273 3348 Post
292 3288 366 3350 liceo
389 3289 482 3348 verbs
500 3288 555 3348 illis
576 3305 663 3364 super
684 3287 914 3349 undasfluminis
928 3288 1142 3350 ambulantibus

95 3383 129 3436 ut
156 3377 252 3452 prius,
277 3374 420 3435 sacerdos
448 3376 596 3449 turbatus,
626 3392 729 3451 eorpus
750 3375 934 3436 Dominieum
955 3379 983 3435 in
1004 3373 1140 3456 flumem)

93 3465 226 3538 iactavit.
266 3457 342 3522 Mira
364 3457 498 3542 Christi⁵)
531 3464 670 3538 potentia,
711 3459 782 3522 Mox
811 3465 886 3521 enim
914 3469 947 3522 ut
969 3463 1141 3524 elementum

95 3551 191 3627 tetigit
203 3555 425 3625 sacramentum,
446 3549 569 3610 fantasia
579 3551 664 3612 cessit
677 3550 798 3626 venua,
820 3551 968 3627 etspsudo
990 3549 1030 3609 illi
1042 3553 1141 3625 saneti,

112 3769 185 3841 1JB
207 3771 374 3824 minuitur.
398 3797 430 3810 -
457 3769 490 3838 2)
515 3767 538 3822 O
562 3769 696 3838 quaudo
717 3779 826 3825 autern
850 3769 984 3840 aliquid
1002 3801 1035 3810 -
1058 3770 1091 3840 3)
1113 3769 1136 3822 Β

165 3841 280 3910 grstia.
300 3869 330 3880 -
351 3841 384 3910 4)
400 3837 443 3893 ΒΡ
461 3839 604 3894 flumine
623 3867 656 3882 «-
675 3839 708 3910 b]
726 3838 746 3893 C
764 3839 837 3896 iter.
971 3881 973 3894 ,
