2628 4310
194 267 256 328 262
507 261 735 328 DISTINCTIO
760 261 916 326 nacturi

193 389 282 446 riores
308 387 391 462 quasi
416 384 455 444 ad
481 405 610 464 pugnam
637 389 786 463 erexisset,
817 388 864 446 ille
893 389 982 445 iratus
1010 390 1127 460 arrepto
1154 383 1228 460 ligno

194 490 322 534 vermem
349 472 462 532 occidit.
514 473 646 533 Mirabile
683 474 769 533 dictu.
826 473 899 532 Cum
933 471 1128 531 Theodericus
1163 469 1231 528 nihil

194 563 288 619 minus
310 562 514 635 suspicaretur,
542 561 614 619 vidit
634 561 770 619 bufonem
793 563 948 620 extinctum
969 576 1023 617 sua
1043 559 1156 634 insequi
1177 575 1228 617 ve·

194 648 288 722 etigia.
331 646 424 722 Quem
441 663 506 705 cum
529 646 623 706 denuo
644 646 855 720 transfodisset,
878 652 907 704 ct
928 645 1091 704 multotiens
1113 661 1232 704 concre-

194 732 300 792 mando
311 734 511 814 incinerassct,
532 739 706 792 nontamen
727 733 855 808 profecit.
896 731 961 790 Non
982 732 1035 789 fuit
1055 729 1138 790 locus
1160 730 1232 789 adeo

193 826 332 893 remotus,
365 818 437 877 adeo
466 819 604 893 mundus,
638 823 687 894 qui
714 823 740 877 ei
762 819 800 878 ad
822 818 1020 877 dormiendum
1042 823 1120 876 esset
1141 822 1229 876 tutus.
1278 831 1279 870 3

194 906 334 965 Noctibus
362 922 414 981 per
440 905 563 980 clipeum
584 908 684 964 timore
705 906 779 964 illius
802 904 840 963 ad
860 906 973 964 trabem
994 903 1233 978 suspendebatur.

196 992 270 1052 Cum
297 999 425 1066 tempore
448 992 573 1067 quodam
598 995 737 1066 equitaret
760 1009 825 1051 cum
847 991 974 1066 quodam
994 996 1134 1049 venatore
1156 991 1232 1049 socio

195 1096 257 1154 suo,
279 1081 455 1154 ciquetanta
471 1078 611 1136 mirabilia
633 1078 832 1155 conquerendo
854 1081 993 1153 recitaret,
1015 1094 1083 1136 ecce
1105 1093 1234 1136 vermem

195 1164 319 1225 eundem
346 1164 393 1223 ille
422 1164 493 1222 vidit
514 1164 624 1223 caudae
647 1167 713 1240 equi
735 1167 796 1224 eius
818 1164 1028 1238 inhaerentem,
1056 1161 1234 1238 celeriusque

195 1252 233 1312 ad
262 1270 328 1311 eum
356 1250 549 1310 scandentem.
600 1252 657 1328 Qui
678 1269 746 1310 mox
768 1250 953 1310 exclamavit:
984 1249 1064 1309 Cave
1086 1267 1178 1325 cave,
1201 1267 1233 1307 en

197 1339 328 1398 diabolus
357 1355 462 1412 equum
492 1344 574 1396 tuum
602 1337 739 1397 ascendit.
788 1338 859 1396 Mox
879 1337 926 1396 ille
949 1336 1097 1411 desiliens,
1131 1335 1235 1396 occidit

196 1441 270 1485 eum.
314 1423 381 1483 Alio
401 1423 500 1482 itidem
522 1431 649 1501 tempore
672 1425 789 1483 sedente
811 1442 845 1484 eo
859 1427 934 1483 ‘cum
956 1425 1039 1483 sociis
1061 1424 1137 1497 suis,
1164 1441 1234 1482 con-

195 1508 322 1588 spicatur
356 1511 551 1587 saepedictum
592 1529 720 1570 vermem
762 1514 792 1568 in
826 1517 909 1586 poste
951 1512 1072 1585 proximi
1109 1506 1235 1585 parietis.

196 1599 287 1673 Ecce,
308 1601 406 1673 inquit,
429 1595 507 1677 ubi')
536 1597 668 1656 diabolus
689 1597 744 1656 ille.
787 1587 943 1672 Nunquam
964 1597 1001 1655 ab
1025 1612 1059 1654 eo
1080 1596 1234 1669 liberabor,

196 1687 253 1743 nisi
278 1701 310 1743 se
338 1683 533 1743 vindicaverit.
575 1684 702 1758 Moxque
724 1682 832 1742 nudata
854 1699 941 1758 coxa,
973 1684 1085 1742 sinebat
1106 1700 1235 1742 vermem

193 1771 342 1830 accedere.
385 1771 479 1846 Quem
493 1787 559 1829 cum
576 1771 784 1844 momordisset,
806 1770 983 1828 mordentem
998 1787 1086 1827 manu
1108 1771 1234 1844 iactavit,

197 1860 347 1934 ipsumque
361 1874 485 1916 morsum
499 1857 616 1916 celerius
628 1860 735 1915 rasorio
746 1857 784 1915 ad
794 1857 850 1915 hoc
862 1861 1032 1932 praeparato
1043 1856 1199 1915 abscidens
1207 1853 1235 1934 ²),

197 1943 309 2020 longius
330 1945 456 2020 proiecit.
499 1943 568 2002 Mox
583 1947 685 2001 mirum
706 1946 735 2000 in
757 1943 875 2002 modum
896 1945 960 2017 ipsa
980 1945 1145 2018 praecisura
1153 1941 1175 2022 ³)
1199 1943 1233 2001 ob
1278 1941 1279 2000 ἶ

197 2031 376 2090 infectionem
394 2033 497 2089 veneni
518 2029 662 2088 adinstar
682 2032 772 2106 pugni
793 2032 934 2103 intumuit,
956 2035 984 2086 et
1007 2031 1125 2102 crepuit.
1153 2029 1234 2110 ¹Sic·
1278 2055 1279 2100 p

174 2135 254 2193 ‚que
281 2117 417 2176 liberatus
446 2123 487 2176 est
516 2134 534 2174 a
562 2133 659 2175 verme
679 2116 728 2174 illo
751 2116 985 2175 immundissimo.
1028 2115 1137 2174 Postea
1159 2115 1234 2174 idem
1278 2165 1279 2180 ,

197 2204 391 2264 Theodericus
419 2221 438 2261 a
464 2201 590 2278 quodam
618 2203 705 2262 milite
733 2207 899 2262 innocenter
920 2201 1103 2275 exoculatus,
1136 2207 1234 2261 tantae
1278 2189 1279 2208 ¹

198 2292 316 2351 effectus
338 2296 382 2349 est
401 2290 603 2365 religiositatis,
625 2296 657 2348 ut
679 2307 791 2364 semper
812 2289 932 2364 nudipes
953 2288 1113 2363 incederet,
1135 2290 1234 2365 sicque

196 2378 295 2437 limina
327 2378 477 2436 beatorum
506 2376 711 2451 Apostolorum
739 2377 815 2435 Petri
846 2382 874 2434 et
901 2374 1001 2449 Pauli,
1032 2392 1086 2433 nec
1116 2392 1177 2434 non
1208 2381 1235 2433 et

197 2467 287 2524 sancti
301 2463 406 2523 Jacobi
427 2462 505 2538 apud
527 2462 759 2540 Compostellam,
780 2462 878 2530 multis
899 2463 1010 2521 vicibus
1031 2462 1234 2536 frequentaret
1278 2451 1279 2516 l

196 2549 400 2611 NOVIOIUS:
421 2551 575 2625 Nunquam
591 2550 688 2608 audivi
700 2550 777 2608 talia.
808 2548 1044 2608 MONAGHUS:
1067 2548 1165 2624 Saepe
1185 2567 1234 2624 per
1278 2547 1279 2564 *

196 2637 359 2698 huiusmodi
380 2643 507 2696 monstra
527 2636 609 2696 Deus
629 2644 783 2713 peccantes
803 2639 899 2712 punit,
921 2642 953 2694 ut
973 2637 1106 2694 noverint
1127 2643 1235 2711 quauta
1278 2627 1279 2702 s

196 2727 283 2784 sitin
304 2725 408 2799 futuro,
429 2724 477 2782 ubi
492 2726 596 2782 vermis
612 2742 671 2783 non
693 2725 837 2798 morietur,
859 2728 888 2781 et
907 2724 980 2798 ignis
1001 2739 1060 2780 non
1082 2725 1234 2799 extingue-
1278 2777 1279 2807 ,

197 2809 287 2892 turr),
309 2813 406 2885 vanis,
427 2810 551 2886 gulosis,
578 2828 712 2870 necnon
736 2817 764 2869 et
784 2809 950 2883 luxuriosiS,
972 2814 1059 2883 atque
1080 2809 1235 2868 immundis
1278 2835 1279 2892 3

196 2914 290 2974 poena
310 2903 490 2973 praeparata.
532 2897 579 2956 De
600 2900 691 2972 vanis,
708 2903 744 2955 -ut
764 2901 831 2955 sunt
851 2900 1019 2968 venatores,
1044 2896 1104 2953 iam
1126 2894 1234 2954 dicurm
1278 2935 1279 2962 ,

197 2992 248 3044 est.
291 2984 338 3043 De
351 2985 503 3043 luxuriosis
519 2984 686 3060 exemplum
696 2982 786 3042 habes
807 2985 836 3040 in
857 2982 927 3040 Vita
949 2983 1041 3040 sancti
1060 2979 1235 3053 Malachiae

196 3073 246 3130 ubi
274 3071 362 3130 homo
384 3070 545 3129 luxuriosus
568 3087 618 3146 per
639 3071 776 3128 bufonem
796 3068 912 3145 fugatus
934 3073 977 3126 est
999 3085 1017 3126 a
1037 3067 1146 3126 femina
1168 3068 1235 3127 reli·

196 3161 277 3234 glosa
285 3155 314 3236 ⁵).
357 3156 403 3216 De
417 3156 525 3232 gulosis
546 3159 660 3216 memini
681 3174 727 3216 me
750 3154 854 3219 dixisse
876 3157 906 3213 in
928 3153 1108 3213 distinetione
1130 3161 1235 3230 quarta
1278 3194 1279 3240 ,

145 3277 148 3282 ·
197 3245 321 3320 capitulo
351 3245 525 3319 octogesimo
554 3249 654 3318 sexto,
686 3245 734 3302 ubi
759 3244 893 3302 intestina
913 3240 1048 3318 gallinae
1060 3258 1148 3299 versa
1169 3248 1235 3300 sunt
1278 3247 1279 3262 ¹

197 3335 226 3391 in
247 3332 390 3392 bufonem.
433 3329 566 3390 Referam
587 3329 638 3388 tibi
661 3329 697 3389 de
717 3329 774 3389 hoc
797 3332 881 3388 ctiam
903 3345 1002 3388 recens
1021 3326 1201 3403 exemplum.

110 3633 112 3638 ’
216 3623 248 3690 1)
265 3621 286 3674 C
304 3622 357 3674 ibi.
376 3621 448 3674 Coul.
466 3621 508 3686 lV,
526 3622 568 3674 21.
588 3651 618 3662 -
638 3622 670 3690 2)
687 3619 709 3674 F
728 3619 938 3674 abscindens.
962 3649 992 3658 -
1017 3617 1050 3687 3)
1073 3617 1116 3670 cb
1140 3633 1234 3684 prae·

266 3693 399 3743 scisura.
424 3721 456 3730 -
481 3693 513 3760 4)
537 3692 594 3743 lsai.
618 3693 661 3755 66,
683 3691 726 3742 24.
750 3722 780 3731 -
807 3689 913 3756 5prvh.
937 3688 1039 3740 llalach.
1065 3704 1121 3754 cap.
1141 3688 1182 3739 lv.
1208 3701 1231 3753 p.

267 3761 328 3814 538:
353 3760 526 3830 „Venenatum
544 3769 571 3812 et
587 3761 709 3812 tumidum
732 3759 824 3812 animal
845 3757 913 3827 quod
932 3757 1053 3810 bufonem
1071 3765 1173 3822 vocant,
1191 3759 1232 3808 vi·

267 3846 321 3882 sum
339 3839 378 3882 est
395 3839 499 3898 reptans
516 3831 584 3882 exire
602 3830 716 3882 deinter
734 3831 827 3881 femora
845 3827 982 3881 mulieris.“
