2594 4302
195 297 255 356 roa
507 275 755 356 *ursumeuro
781 293 891 356 nonu

192 424 260 494 post
287 416 359 477 abes
385 433 532 478 accurrere
543 413 561 497 ¹)
587 417 751 478 festinabat.
791 417 873 492 ibat,
900 421 929 478 et
953 431 1023 476 ecee
1044 413 1219 476 occurrebant

192 503 233 564 illi
254 503 393 579 aliquanti
413 505 513 564 irenes
534 520 618 564 sacra
638 504 739 565 altaria
760 507 946 565 circueuntes.
978 502 1140 579 Capitulum
1159 517 1219 560 vero

193 590 305 650 finitum
327 597 396 652 erat
438 591 505 667 Ipse
519 598 616 650 antem
629 594 769 666 nesciens,
791 597 872 652 etse
893 592 1063 667 tempestive
1084 587 1122 649 ad
1142 587 1221 663 Capi·

193 677 287 739 tulum
314 694 462 739 accurrere
488 675 685 758 aestmans‘),
714 677 809 739 adhuc
832 678 947 752 orabat3
976 675 1028 737 sed
1054 676 1222 752 subsequens

193 763 353 826 monachus
380 767 493 842 signnm
521 767 622 824 tertiae
649 765 784 840 pulsavit.
825 765 907 825 Tunc
936 763 1052 823 demum
1072 761 1224 838 intelligens

196 869 271 928 quae
289 853 365 911 eirea
378 869 410 911 se
423 852 603 928 gerebantur,
624 867 656 911 se
669 853 708 912 ab
729 852 785 912 hac
806 868 884 912 noxa
908 851 950 912 ilii
971 849 1010 910 ad
1031 844 1224 926 subendam)

194 941 343 1014 commisit,
364 941 413 1014 qui
434 956 501 999 enm
521 940 563 999 sic
583 938 794 999 absentaverat

541 1127 774 1190 crement
794 1129 892 1188 XLII.
956 1157 959 1164 ·

223 1253 272 1314 Dc
292 1229 432 1314 corvem
454 1254 507 1328 qui
526 1251 601 1312 vidit
622 1255 654 1310 in
676 1269 708 1311 os
730 1253 852 1312 ultuma
873 1253 1006 1312 cmsucrsi
1025 1251 1203 1312 sacerdotem

450 1342 566 1434 mittere
582 1358 713 1415 pacem
729 1339 973 1414 amorreorum.

261 1460 329 1540 ¹Ibat
348 1467 415 1538 post
435 1458 538 1541 haeai)
560 1464 589 1522 in
604 1461 702 1522 Coena
715 1460 833 1521 Domini
847 1460 964 1537 quidam
977 1460 1064 1521 frater
1073 1459 1113 1520 ad
1125 1475 1229 1520 meran

75 1597 77 1602 .
195 1550 433 1609 communionem.
476 1545 544 1607 Fuit
574 1547 659 1624 plane
680 1551 709 1606 in
731 1550 856 1608 maximo
878 1554 992 1623 torpere
1014 1551 1043 1607 et
1064 1545 1229 1618 diffidenda,

194 1639 236 1696 ita
264 1634 342 1710 quod
371 1637 457 1694 etiarn
487 1637 511 1694 si
537 1635 598 1694 fleri
626 1641 726 1712 posset
753 1634 841 1694 vellet
867 1651 899 1694 se
920 1651 1020 1694 sacrae
1042 1633 1230 1695 communioni

193 1712 253 1784 bon
273 1724 419 1782 interesse.
460 1721 643 1782 Procedebat
662 1723 748 1799 igitur
769 1722 807 1782 ad
829 1721 928 1795 altare,
953 1721 999 1782 uel
1019 1723 1119 1796 potina
1141 1718 1229 1781 eundo

195 1825 228 1870 se
257 1811 338 1885 quasi
367 1805 570 1884 subtrahebat,
600 1808 674 1869 adeo
703 1814 736 1868 ut
764 1808 954 1884 sequentibus
977 1814 1054 1868 esset
1081 1807 1230 1879 molestus,

195 1899 347 1974 ipsumque
374 1895 573 1972 propellerent.
617 1894 749 1970 Cumque
776 1902 895 1954 ventum
925 1890 1092 1977 essetad⁵)
1115 1894 1231 1973 gradun

194 1982 373 2059 presbyterii,
393 1999 549 2042 conversus
565 1981 637 2041 vidit
657 1982 745 2042 alium
757 1981 873 2042 tranem
896 1981 931 2041 de
952 1998 1011 2057 quo
1025 1998 1115 2058 snpra
1130 1982 1231 2040 dicum

195 2076 240 2130 est
273 2075 450 2145 sequentem.
503 2070 648 2145 Venitque
678 2071 704 2128 ei
729 2071 759 2128 in
790 2071 958 2130 memoriam
989 2070 1062 2129 visio
1093 2068 1231 2144 quaedam

197 2174 285 2233 quam
306 2157 343 2216 ab
364 2155 412 2216 illu
436 2155 586 2231 didicerat,
611 2173 646 2216 ac
668 2155 764 2216 subito
785 2161 912 2215 mutatus
933 2157 963 2214 in
985 2156 1078 2215 virum
1099 2155 1232 2228 alterurn,

195 2245 257 2304 ibat
285 2245 397 2318 spirans
426 2248 454 2304 et
481 2242 634 2316 anhelans,
666 2245 767 2318 spiritu
794 2237 890 2302 iudicii
916 2248 945 2302 et
966 2242 1075 2302 ardoris
1098 2257 1233 2304 accensus

198 2331 282 2407 quari
311 2329 410 2390 funum
439 2336 468 2390 et
494 2329 702 2404 mflanrrnaurs,
729 2332 830 2388 itaut
851 2346 885 2390 se
905 2345 1008 2405 capere
1029 2326 1109 2409 vir‘)
1132 2334 1232 2407 posset

196 2418 231 2478 Iu
253 2417 304 2476 tali
323 2432 392 2493 ergo
408 2419 508 2492 spiritu
530 2434 596 2476 cum
618 2422 701 2492 esset,
723 2422 752 2476 et
771 2416 881 2478 iamed
897 2415 987 2476 altare
1004 2415 1139 2478 alacriter
1159 2416 1233 2476 iesti-

183 2510 286 2579 .naret,
307 2503 380 2563 vidit
399 2503 446 2563 ille
460 2504 647 2580 subsequens,
669 2507 698 2563 et
719 2520 756 2564 ex
776 2504 864 2580 signis
880 2504 1085 2579 apparentibus
1097 2503 1234 2564 interioris

196 2591 320 2652 hominis
341 2590 416 2650 illins
438 2597 544 2652 statum
563 2592 692 2652 coniecit
726 2589 903 2650 Humiliante
915 2592 1013 2666 itaque
1034 2607 1066 2652 se
1086 2589 1148 2667 illo,
1170 2588 1235 2650 vidit

195 2681 250 2738 iste
280 2680 421 2754 posterior
430 2674 449 2758 1)
481 2679 723 2754 speciosissimum
757 2668 878 2751 puerum
915 2677 1049 2746 manibus
1079 2677 1235 2738 sacerdotis

196 2764 320 2840 desuper
345 2764 434 2824 altam
455 2766 560 2840 accipi,
589 2770 619 2825 et
639 2766 668 2823 in
690 2780 723 2824 oe
746 2763 821 2822 illim
840 2764 934 2824 fratris
956 2763 1069 2840 deponi.
1110 2764 1154 2824 Et
1174 2780 1234 2826 eum

197 2851 319 2926 videret,
353 2857 446 2912 terrae
472 2851 680 2926 procumbens,
716 2851 810 2926 ipsum
844 2867 930 2926 quem
957 2848 1070 2911 viderat
1097 2851 1234 2912 adoravit

195 2937 269 2999 Moti
298 2945 366 2999 sunt
392 2944 491 2998 antmn
520 2955 606 3013 super
633 2938 689 2997 hac
720 2939 806 2998 venia
825 2937 901 3000 illius
929 2935 1063 3014 quidaui,
1093 2955 1130 2999 eo
1161 2933 1233 3015 quod

195 3024 467 3088 inordinateieeisse
480 3023 632 3086 videretur.
663 3024 702 3084 Et
723 3026 858 3085 convenit
871 3041 937 3084 eum
953 3041 1028 3084 unns
1048 3026 1078 3084 in
1092 3025 1235 3087 audientia

196 3112 335 3191 plurium,
367 3108 508 3191 minansi)
537 3128 568 3175 se
597 3130 663 3174 eum
688 3111 941 3187 proclamaturmn.
982 3109 1025 3171 At
1044 3109 1092 3172 ilie
1120 3128 1234 3174 eausam

196 3202 223 3262 ei
245 3202 293 3276 qui
315 3200 425 3260 sciebat
447 3198 600 3274 commisit,
628 3204 661 3258 ut
681 3197 797 3260 abbae
819 3216 885 3258 eum
906 3196 1079 3259 verecundia
1101 3204 1234 3260 tueretur.

195 3286 254 3364 Qui
273 3287 391 3346 immisit
413 3287 438 3345 ei
455 3285 584 3361 spiritum
605 3285 708 3346 silentii
730 3291 759 3345 et
781 3287 891 3362 quistis,
913 3291 943 3346 et
962 3303 1021 3346 non
1042 3285 1233 3347 manitilium.

195 3374 285 3434 Porro
313 3372 360 3432 ille
390 3374 439 3448 qui
467 3388 589 3448 puerum
609 3371 684 3432 Jesu
710 3378 877 3448 susceperat
898 3378 927 3432 et
947 3374 1098 3449 portabat,
1125 3373 1187 3434 ibat
1208 3377 1234 3432 et

194 3461 391 3522 revertebatur
404 3460 433 3518 in
447 3458 659 3520 similitudinem
672 3457 792 3536 fulgrma
804 3459 1000 3521 choruscautis
1011 3455 1042 3542 ').
1079 3459 1233 3522 Incedebat

212 3593 244 3662 1)
261 3593 304 3647 ΑΡ
322 3607 513 3656 accurrere,
538 3593 564 3645 B·
581 3609 724 3646 currere.
743 3623 776 3634 -
795 3594 827 3663 2)
845 3591 909 3646 ΑΟΡ
926 3609 1104 3646 occurrere
1122 3593 1232 3646 existi-

263 3678 366 3726 mans,
390 3662 409 3714 B
433 3678 571 3714 currere
593 3665 794 3716 existimaus.
813 3693 846 3703 -
864 3663 901 3786 δὲ
914 3663 976 3716 ΒΟΡ
994 3663 1043 3721 iili
1060 3663 1232 3718 absolvan-

262 3731 348 3794 dum,
365 3731 386 3784 fl
403 3731 455 3786 ilii
472 3731 508 3784 ad
527 3731 769 3787 absolvendum.
784 3761 815 3774 -
832 3732 864 3800 t)
903 3732 1009 3787 Cirnc
1025 3761 1057 3776 ·-
1070 3734 1135 3802 5JB
1151 3741 1231 3785 aute.

262 3830 296 3840 —
310 3802 342 3867 6)
359 3799 469 3853 BDvix
487 3817 611 3869 capere.
631 3831 662 3844 -
682 3803 714 3874 7)
732 3801 753 3856 C
770 3804 869 3872 prior.
889 3833 920 3844 -
939 3803 971 3874 8)
989 3803 1112 3857 minans
1129 3818 1170 3857 um
1180 3801 1231 3859 AD.

263 3897 293 3911 —
310 3869 345 3939 θ)
359 3869 452 3924 Eaacb.
472 3870 557 3936 1,,14.
