2580 4316
162 245 179 300 6
208 189 213 202 ·
489 239 715 337 nrsrnterlo
733 239 862 300 PRIMA

161 361 318 422 seeundum
339 361 454 437 regulae
475 369 670 437 praeceptum.
713 361 798 422 Anno
820 364 904 438 igitur
917 357 933 442 ¹)
954 358 1122 420 Dominieae
1147 359 1193 418 in-

162 452 332 510 carnationis
352 449 501 508 millesimo
523 451 707 525 nonagesimo
729 455 851 523 octavo,
872 447 1042 507 venerabilis
1062 448 1194 524 Hugonis

162 535 362 613 Lugdunensis
371 533 391 615 ²)
420 535 566 595 Ecclesiae
586 536 722 611 Episcopi
751 542 779 594 et
811 542 879 595 tunc
907 534 989 594 Sedis
1009 534 1194 610 Apostolicae

163 623 265 700 legati,
293 619 408 702 atque³)
441 623 564 699 religiosi
595 625 649 681 viri
680 622 799 681 Walteri
827 621 1021 681 Cabilonensis
1042 620 1194 694 Antistitis,

164 727 217 770 nec
249 726 307 769 non
337 716 366 768 et
397 709 543 769 clarissimi
564 709 701 784 Principis
711 706 734 788 ⁴)
758 707 866 768 Odonis
886 708 977 767 Ducis
997 707 1194 784 Burgundiac,

164 799 227 856 heti
236 794 255 877 ⁵)
268 795 392 870 consilio,
413 799 581 856 auctoritate
602 797 743 870 roboratis
756 797 785 854 in
806 795 951 871 praedicto
973 795 1037 855 loco
1047 794 1195 854 abbatiam

165 891 327 944 construere
349 890 511 958 coeperunt.
554 883 592 941 Et
613 885 680 958 quia
701 883 879 956 coenobium,
902 881 937 941 de
960 899 1016 956 quo
1031 875 1194 960 exierunt⁶)‚
1238 879 1243 896 “

166 977 359 1030 constructum
379 971 471 1028 fuerat
495 973 525 1028 in
552 969 660 1030 honore
688 969 793 1052 beatae
818 968 875 1028 Dei
900 971 1043 1045 genitricis
1069 967 1194 1041 Mariae,

164 1065 224 1116 tam
245 1060 300 1132 ipsi
321 1075 407 1134 quam
429 1073 526 1116 eorum
547 1073 735 1132 successores,
757 1055 792 1115 de
814 1056 916 1115 eodem
936 1072 1012 1115 novo
1023 1055 1194 1114 monasterio

164 1146 329 1220 propagati,
358 1161 456 1203 omnes
484 1161 551 1202 suas
572 1143 707 1202 eeclesias
727 1145 756 1200 in
777 1142 885 1202 honore
906 1140 1034 1202 eiusdem
1055 1141 1195 1217 gloriosae

165 1232 290 1308 Virginis
298 1229 317 1310 7)
341 1236 511 1288 censuerunt
532 1247 594 1289 esse
616 1228 797 1288 dedicandas.
839 1229 904 1288 Non
926 1229 1015 1287 multo
1033 1235 1107 1303 post,
1129 1245 1194 1286 cum

164 1320 298 1377 instantia
318 1317 465 1375 monachis
485 1315 717 1376 Molismensibus
738 1315 884 1375 Abbatem
910 1333 994 1374 suurn
1025 1316 1196 1390 requirenti-

165 1405 236 1478 bus,
270 1407 350 1463 iussu
378 1403 495 1463 secundi
522 1401 645 1476 Urbani,
682 1419 821 1462 consensu
849 1402 970 1462 Walteri
999 1402 1195 1482 Cabilonensis

101 1529 105 1538 ·
164 1491 300 1566 Episcopi
320 1489 470 1564 reducitur,
491 1496 521 1548 et
541 1489 691 1550 Albericus
712 1492 756 1549 vir
777 1495 892 1549 sanctus
914 1506 948 1548 ae
969 1488 1116 1565 religiosus
1133 1490 1197 1547 eius

164 1574 259 1656 toret)
281 1577 467 1636 substituitur.
511 1575 599 1636 Cuius
619 1576 816 1651 sollicitudine,
836 1575 893 1634 Dei
914 1579 1005 1652 gratia
1016 1581 1197 1651 cooperante,

164 1681 222 1725 non
242 1663 422 1723 mediocriter
441 1663 524 1722 vallis
544 1660 623 1743 illa⁹)¹
644 1663 752 1738 claruit,
774 1670 803 1722 et
823 1666 852 1721 in
869 1659 898 1742 ¹⁰)
920 1663 1005 1722 rebus
1028 1664 1197 1722 necessariis

165 1753 262 1812 crevit
305 1749 369 1826 Quo
392 1750 540 1825 defuncto,
571 1750 734 1826 Stephanus
754 1753 799 1809 vir
819 1767 910 1825 aeque
931 1754 1048 1809 sanctus
1065 1746 1108 1829 ¹¹),
1140 1766 1197 1808 na-

165 1837 398 1914 tioneAnglicus,
419 1839 565 1898 successit.
606 1839 645 1898 Et
667 1831 733 1897 cum
753 1837 847 1896 adhue
869 1843 964 1896 essent
983 1832 1070 1913 pa‘uci
1088 1833 1117 1914 ¹²)
1138 1853 1197 1894 nn·

164 1942 259 2000 mero,
290 1926 418 2000 personis
439 1924 632 1984 saecularibus
653 1925 855 1984 venerantibus
876 1926 905 1982 in
927 1926 968 1982 eis
989 1925 1066 1983 vitae
1087 1925 1198 1982 sancti·

163 2019 267 2086 tatem,
298 2010 349 2070 sed
370 2011 588 2071 abhorrentibus
608 2009 636 2092 η)
658 2014 867 2086 austeritatem,
896 2016 1012 2070 sanctus
1031 2009 1198 2070 Bernartius

164 2117 238 2159 anno
270 2100 368 2174 quinto
402 2098 512 2158 decimo
543 2116 608 2158 cum
641 2099 756 2173 triginta
784 2097 871 2157 ferme
900 2099 984 2157 sucis
1010 2097 1138 2173 advenit,
1167 2103 1198 2156 et

164 2189 247 2246 suavi
267 2188 334 2262 iugo
358 2185 462 2243 Christi
481 2185 588 2244 ibidem
615 2184 721 2244 collum
748 2185 887 2243 submisit
929 2184 975 2242 Ex
1001 2167 1069 2244 tune
1103 2185 1198 2259 coepit

165 2275 250 2332 vinea
269 2271 319 2330 illa
328 2270 446 2329 Domini
469 2270 598 2330 Sabaoth
619 2259 798 2350 ¹⁴)*cresoere
821 2287 856 2330 ae
879 2270 999 2346 dilatari,
1020 2279 1107 2346 atque
1128 2270 1196 2346 pal-

164 2361 247 2420 mites
268 2375 336 2417 suos
357 2357 509 2417 extendere
531 2375 549 2416 a
570 2360 754 2432 mariusque
783 2356 821 2416 ad
852 2374 931 2418 mare
949 2354 993 2437 ¹⁵),
1025 2363 1055 2418 et
1079 2357 1199 2433 impleta

145 2453 209 2524 ,est
229 2453 305 2504 terra
324 2447 504 2520 possessione
526 2446 595 2503 eius.
630 2443 743 2504 Primae
766 2447 825 2503 eius
835 2447 1007 2521 propagines
1027 2439 1068 2524 ¹⁵):
1090 2445 1197 2504 Firmi-

165 2539 218 2607 tas,
238 2532 445 2605 Pontiniacum,
465 2529 654 2605 'Claravallia,
674 2530 874 2591 Morimundus
896 2527 933 2609 Ι’).
976 2531 1099 2590 Istarum
1121 2548 1198 2606 qua-

164 2626 229 2678 tuor
250 2618 400 2678 domorum
420 2616 552 2677 Abbates
572 2624 669 2676 tentae
690 2621 865 2678 auctoritatis
886 2625 967 2693 sunt,
995 2625 1028 2677 ut
1048 2617 1198 2678 Abbatem

165 2707 381 2765 Cisterciensem
402 2711 512 2780 patrem
534 2722 617 2762 suum
636 2702 665 2783 ΙΙ’)
687 2707 801 2764 visitent
823 2705 908 2763 simul
931 2712 960 2764 et
979 2705 1145 2782 singillatim
1157 2706 1196 2764 ab

165 2809 199 2854 eo
231 2810 327 2852 versa.
345 2794 407 2851 viee
436 2793 593 2850 visitentur.
635 2790 836 2852 NOVICIUS:
870 2791 945 2867 Quid
974 2798 1018 2850 est
1045 2791 1197 2851 visitatio?

163 2878 397 2940 MONACHUS:
419 2877 594 2953 Disciplinae
616 2881 793 2938 conservatio
813 2875 850 2958 19).
883 2880 952 2938 Duo
975 2880 1049 2938 enim
1062 2881 1196 2954 primitivi

162 2973 258 3043 patres
277 2967 458 3024 instituerunt
479 2964 516 3023 ad
537 2967 670 3024 vitiorum
692 2968 894 3025 correctionem
918 2972 946 3024 et
978 2968 1102 3025 caritatis
1124 2982 1197 3024 oon-

162 3055 351 3113 servationem
365 3048 398 3130 20)
420 3051 554 3111 videlieet
574 3053 706 3129 generale
730 3052 891 3128 Capitulum
921 3059 950 3112 et
975 3052 1092 3129 singulis
1114 3054 1197 3111 armis

179 3187 210 3256 1)
228 3187 334 3255 igitur
355 3201 396 3236 orn
414 3184 441 3238 O.
471 3185 560 3253 -,2)
578 3185 618 3237 lll’
636 3186 861 3255 lingonensis.
881 3215 912 3225 -
936 3185 967 3252 3)
986 3193 1083 3254 atque
1107 3199 1149 3236 orn
1166 3183 1196 3237 C.

233 3286 263 3295 -
283 3255 314 3322 4)
333 3254 495 3322 Principis
513 3270 553 3306 orn
572 3255 641 3308 C.-
662 3255 693 3322 5)
711 3256 788 3307 freti
806 3271 847 3306 orn
865 3254 934 3306 l'.—
954 3256 985 3323 6)
1003 3254 1023 3306 G
1041 3256 1195 3306 exierant.

232 3355 262 3364 -
282 3323 420 3391 7)I)add
439 3325 569 3376 llariae.
588 3355 619 3365 -—
643 3325 675 3392 8)
694 3326 764 3376 eius
787 3324 860 3376 loco
884 3324 1021 3376 0110.-
1047 3325 1078 3393 9)
1096 3323 1196 3376 vallis
1286 3331 1287 3339 ¹

230 3394 288 3446 illa
312 3392 388 3444 habet
411 3393 430 3446 G
454 3403 512 3445 ante
539 3395 600 3446 Dei.
621 3424 652 3433 -
679 3395 727 3462 10)
745 3398 776 3447 in
800 3411 841 3446 orn
859 3395 886 3446 G.
906 3425 936 3433 -
963 3394 1048 3462 11)0
1072 3409 1196 3462 aequae

230 3465 441 3526 sanctitatis,
458 3466 551 3516 omisso
569 3466 625 3517 vir.
645 3494 676 3504 ·-
700 3464 744 3531 12)
762 3463 782 3516 C
801 3465 893 3532 pauci
917 3473 1036 3515 essent.
1056 3492 1087 3501 —
1108 3462 1156 3531 13)
1176 3463 1196 3516 C

231 3531 280 3584 add
298 3533 394 3584 vitae.
415 3562 444 3571 -
475 3533 566 3601 ltro
592 3535 685 3585 vinea
710 3533 832 3585 Domini
857 3533 998 3585 Sabaoth
1023 3536 1141 3599 coepit.
1163 3562 1193 3571 -

231 3592 884 3670 15)1’sar,79,12;corruam.rapta.-
913 3602 961 3669 16)
979 3602 999 3654 Β
1017 3617 1096 3670 crgo
1122 3617 1194 3671 pro·
1285 3633 1286 3654 t

229 3674 383 3740 paglues,
406 3671 426 3723 G
449 3675 648 3741 propagines
671 3673 749 3724 eius.
770 3701 800 3712 -
827 3673 874 3740 17)
892 3672 953 3724 BDP
975 3672 1193 3724 lrlorimundis.
1285 3725 1286 3744 ,

231 3771 262 3782 -
282 3741 330 3809 18)
348 3751 472 3808 patrem
490 3758 579 3794 sunm
597 3759 638 3795 orn
657 3742 705 3795 ur.
726 3771 756 3783 -
777 3743 824 3811 19)
843 3742 863 3794 l)
882 3741 1125 3795 observatia-
1145 3741 1194 3808 20)

228 3811 537 3864 Gobservationern.
