2654 4308
383 266 438 328 DE
459 266 644 329 Divaaaio
665 265 900 336 Vtemmoua
1105 271 1170 330 '125

21 387 24 401 ¹
131 405 271 468 ragnana
298 388 417 466 oceidit,
449 391 499 465 qui
525 391 557 448 in
576 391 624 449 ria
643 388 717 450 torte
736 406 789 466 pro
811 389 985 450 occisoribus
1005 391 1066 450 arde
1087 389 1172 450 Chri-

131 482 209 538 etum
238 478 375 535 exoravit.
426 473 628 536 NOVIOIUS:
656 476 759 536 Placet
784 476 862 553 qnod
891 477 969 536 dicia.
1017 477 1075 538 Sed
1103 479 1171 554 quid

132 569 177 623 eat
210 578 319 639 quaero
333 562 421 638 ‚quod
441 569 557 624 saneim
578 562 710 638 Baptista
731 581 787 639 quo
808 563 903 623 nullus
924 567 1015 624 maior
1036 569 1080 624 eat
1099 567 1172 625 inter

130 656 215 710 natos
236 649 388 708 mulierum
402 646 431 728 ²),
453 655 533 708 tanta
553 649 676 710 ludibria
695 667 800 726 paeana
820 657 865 710 eet
884 652 913 709 in
935 658 1034 726 morte,
1054 657 1088 710 ut
1099 668 1171 712 oon·

128 736 195 797 eilia
213 735 360 796 adalinae
380 734 419 796 ad
439 739 606 812 petitionem
627 736 780 797 eahahicia
798 737 995 798 occideretur?
1037 737 1171 798 MONA·

131 821 250 884 choo:
288 821 328 882 Ut
359 822 465 882 nullius
496 825 563 882 iusti
594 841 673 882 mora
700 823 907 884 abhorreretur.
960 823 1067 884 Adhuc
1095 827 1170 884 enirn

129 909 207 970 idern
220 911 363 970 maximus
376 909 588 988 Prophetarum
607 913 637 970 hr
658 912 718 970 suia
738 910 863 987 reliquiis
885 909 1007 970 ludibria
1021 913 1170 988 experitur

480 1099 714 1162 anemurum
736 1100 835 1190 nur.-

199 1221 248 1282 De
267 1229 432 1286 mercatore
452 1225 502 1284 cai
522 1226 662 1284 meretric
681 1223 813 1284 vendidit
833 1222 986 1287 brachium
1006 1225 1101 1286 raatt

478 1309 630 1372 Jebaaaie
655 1309 820 1388 Baptistae.

192 1427 259 1488 Non
288 1435 333 1490 ert
360 1428 409 1489 dia
437 1429 515 1504 quod
541 1429 660 1506 qrrimm
680 1437 822 1492 mercator
842 1437 934 1491 terrae
954 1435 1070 1491 nostrae
1090 1447 1169 1490 mare

127 1517 284 1592 banaiam,
313 1533 380 1576 cum
407 1516 558 1577 brachium
584 1520 677 1577 nancti
703 1517 847 1580 bohannia
873 1518 1022 1594 Baptistae
1049 1520 1082 1577 in
1108 1517 1171 1590 eina¹

128 1601 262 1680 hospitali
282 1602 409 1679 vidisset,
431 1610 461 1664 et
474 1603 671 1680 desiderasset,
690 1605 850 1682 intelligens
873 1604 1020 1665 custodem
1031 1604 1168 1680 reliquia-

128 1706 193 1749 ram
214 1689 358 1766 quandam
379 1693 492 1766 procuri
511 1691 665 1767 seminam,
685 1694 835 1768 edentque
856 1691 896 1750 nil
917 1708 980 1752 ease
1002 1691 1081 1768 quod
1101 1708 1167 1750 mu·

127 1774 211 1836 lieres
242 1776 406 1837 huiuamodi
437 1794 457 1836 a
487 1779 555 1837 viria
586 1784 731 1854 nequeant
762 1785 946 1854 extorquere,
978 1781 1138 1838 accersiam
1146 1773 1167 1856 ²)

126 1861 205 1922 illam
227 1865 281 1922 ait:
303 1863 334 1924 Si
353 1864 454 1924 ieceris
472 1882 519 1924 me
532 1862 639 1924 habere
652 1864 786 1940 reliquiae
807 1869 898 1925 sancti
910 1863 1052 1926 iohannis
1064 1864 1168 1940 Bapti-

127 1951 191 2010 etaa
212 1949 290 2026 quod
312 1956 357 2010 eet
364 1946 385 2030 ³)
407 1967 497 2027 penes
518 1951 678 2010 custodiam
699 1952 800 2010 amasii
819 1955 877 2028 tui,
905 1958 1020 2012 eentum
1041 1950 1168 2028 quadra·

127 2038 208 2114 ginta
220 2035 308 2096 librae
322 2040 432 2114 argenti
451 2038 503 2096 tibi
520 2037 640 2097 tradam
671 2038 727 2098 Illa
749 2038 876 2101 oblatam
889 2041 1040 2114 pecuniam
1061 2039 1167 2110 sitiam,

127 2123 314 2204 hoepitalario
332 2141 504 2185 consensum
518 2125 656 2200 praebere
677 2127 829 2200 recasavit,
850 2125 943 2185 donee
963 2141 1077 2185 sacrum
1097 2124 1167 2184 bra·

1 2285 2 2290 ¹
128 2209 226 2271 chium
248 2211 396 2273 obtineret
439 2210 525 2288 Quod
546 2215 642 2271 statim
663 2214 832 2288 negotiatori
852 2212 980 2287 tradidit,
1002 2218 1032 2272 et
1051 2209 1167 2286 praedi-

1 2307 2 2318 *
128 2303 207 2357 ctum
241 2296 355 2374 pondua
390 2301 502 2376 argenti
532 2301 648 2375 recepit.
702 2298 801 2358 Geraia
832 2305 971 2375 quantum
992 2297 1166 2358 ludibrium?

127 2382 209 2444 Sicut
240 2383 309 2444 olim
338 2389 425 2461 caput
453 2387 545 2445 sancti
572 2384 715 2446 Johannie
742 2386 780 2445 ab
809 2385 925 2446 Herode
953 2403 1006 2462 pro
1034 2383 1166 2446 mercede

1 2499 2 2508 κ
125 2471 286 2532 saltadonia
316 2472 453 2532 traditam
482 2479 526 2532 eat
552 2472 677 2534 haduae
705 2472 833 2548 puellae,
866 2478 895 2532 et
922 2473 960 2532 ab
990 2472 1039 2532 illa
1067 2471 1166 2531 datum

125 2560 210 2618 matri
237 2557 399 2635 adulterae,
426 2560 468 2618 ita
494 2558 707 2636 hoc‘tempore
735 2559 883 2619 brachium
911 2560 1038 2620 eiusdem
1066 2558 1165 2618 danim

125 2651 171 2706 eet
190 2661 243 2722 pro
264 2662 381 2706 munere
395 2646 588 2709 seminationis
609 2647 646 2707 ab
666 2646 850 2722 hospitalario
871 2649 929 2708 nori
942 2649 1036 2706 minua
1048 2644 1166 2706 Herode
1225 2681 1228 2686 -

1 2801 2 2808 ἵ
124 2730 217 2806 malo,
245 2734 321 2808 turpi
348 2733 486 2808 feminae,
514 2738 545 2794 et
572 2735 611 2793 ab
638 2733 687 2793 illa
708 2733 856 2794 venditum
876 2735 1036 2794 mercatori.
1078 2727 1165 2808 Quod

123 2815 172 2878 ille
192 2834 251 2878 non
272 2824 364 2880 terrae
385 2821 461 2880 sicut
480 2819 637 2895 Herodian,
658 2820 711 2880 aed
730 2837 857 2898 purpura
877 2820 1037 2896 involvens,
1058 2819 1097 2880 ad
1117 2821 1164 2880 ul-

123 2904 226 2963 timum
247 2921 322 2981 pene
341 2912 434 2966 terrac
453 2906 535 2983 fugit,
555 2911 585 2966 et
605 2907 643 2966 ad
664 2907 810 2968 civitatem
824 2907 991 2985 Gruningen
1012 2923 1088 2984 quae
1109 2909 1165 2968 cita

124 2995 170 3050 eet
199 2992 229 3049 in
256 2991 373 3051 inhoitu
393 2992 502 3052 Friniae
529 2996 668 3069 pervenit
709 2993 837 3054 Domum
864 2997 894 3054 in
916 3011 951 3055 ca
972 2995 1163 3070 comparavit,

124 3082 155 3137 et
181 3078 211 3136 in
235 3077 366 3153 quadam
387 3081 448 3138 eius
470 3078 602 3144 columna
622 3075 772 3143 brachium
793 3080 953 3158 occultans,
981 3081 1066 3140 valde
1088 3081 1163 3141 dite—

121 3179 204 3224 acere
236 3165 339 3240 coepit.
380 3164 438 3225 Die
470 3165 594 3242 quadam
625 3166 744 3227 sedente
772 3184 807 3228 eo
833 3170 863 3228 in
884 3171 1020 3244 taberna,
1048 3186 1114 3228 curn
1137 3170 1163 3230 ei

121 3251 241 3328 qnidam
262 3246 411 3332 diceret⁴)r
433 3251 510 3314 llere
532 3255 632 3313 ciritae
647 3261 851 3332 concrematur,
872 3261 902 3316 et
920 3258 979 3316 iam
999 3255 1161 3316 incendium

121 3341 335 3416 appropinquat
362 3339 459 3398 domui
488 3347 571 3416 tnaa3
605 3340 654 3400 ille
682 3341 843 3416 respondit:
871 3342 980 3402 Domui
999 3359 1082 3402 meae
1102 3361 1161 3404 non

119 3427 226 3501 timeo,
258 3427 367 3486 bonum
394 3422 467 3507 ibi‘)
496 3427 597 3502 reliqui
625 3427 782 3488 custodem.
831 3428 959 3489 Surrexit
987 3436 1099 3505 emen,
1133 3439 1162 3492 et

118 3509 240 3573 domum
251 3514 377 3589 intravit,
397 3515 427 3572 in
441 3531 499 3590 qua
521 3513 589 3574 dum
607 3513 769 3575 columnam
781 3516 928 3575 immotam
946 3516 1161 3594 mneideraeaet,

120 3598 158 3660 ad
185 3601 337 3661 tabernam
357 3600 452 3678 rediit,
477 3602 652 3662 ‘mirantibus
681 3603 791 3662 eunctis
812 3619 953 3679 quaenam
976 3610 1052 3664 earet
1071 3619 1161 3664 cauea
1247 3669 1253 3678 ,

137 3769 170 3838 t)
186 3769 274 3822 blatth.
294 3769 336 3834 11,
355 3769 397 3823 11.
415 3799 447 3810 -
466 3770 499 3839 2]
517 3770 583 3822 conl.
601 3769 632 3839 V,
649 3770 692 3825 20.
712 3797 744 3811 -
761 3769 795 3844 3]
810 3769 857 3824 Ro
874 3725 955 3850 aare
972 3781 1054 3826 aaut.
1074 3802 1106 3812 —
1124 3775 1160 3843 4)

187 3837 209 3891 B
226 3838 386 3892 dicerent.
404 3869 436 3883 -
455 3841 487 3911 5)
505 3837 528 3893 Β
546 3841 587 3893 ei.
614 3910 616 3918 Ι
983 3861 986 3868 ’
