2628 4310
358 232 413 292 DE
434 227 616 294 PRAEMIO
637 231 903 295 MORTUORUM.
1021 249 1025 254 ·
1084 233 1145 292 827

109 353 267 413 restituere.
309 352 513 414 NOVICIUS:
535 355 644 415 Similia
661 362 691 415 te
712 355 846 415 recordor
868 355 973 414 dixisse
994 355 1023 414 in
1044 352 1148 413 distin-

110 441 205 499 ctione
238 441 366 500 secunda
402 442 527 518 capitulo
563 444 685 518 septimo
726 442 762 502 de
795 440 882 502 Hella
925 441 961 501 de
995 441 1149 518 Riningen.

109 524 344 588 MONACHUS:
365 527 443 590 Ecce
463 527 542 588 eliud
563 527 736 604 exemplum.

470 735 704 798 CAPITULUM
724 736 795 797 XV.

66 852 69 857 ’
175 859 223 918 De
244 858 374 917 Heraeieo
396 859 485 918 Nede
507 861 559 935 qui
578 865 646 934 post
666 863 791 918 mortem
812 857 913 916 multia
934 855 1084 917 visibiliter

556 948 705 1022 apparuit

174 1066 210 1129 In
232 1066 402 1128 Treverensi
423 1067 614 1144 Episcopatu,
641 1068 671 1124 in
694 1083 750 1142 qno
774 1074 803 1126 et
824 1067 953 1142 superior
974 1065 1046 1124 visio
1072 1063 1149 1126 iactu

111 1158 169 1228 est,
198 1153 270 1214 alter
291 1153 407 1230 quidam
436 1154 517 1214 miles
546 1160 616 1230 erat,
636 1153 779 1229 Heurieue
799 1154 933 1227 nomine,
958 1158 1148 1228 cognomento

110 1239 219 1300 Nudus.
262 1241 337 1300 Nam
351 1247 380 1303 et
399 1233 641 1317 ipse‘malitiosus
662 1239 747 1300 valde
770 1248 831 1300 erat
844 1235 868 1319 ¹),
889 1240 1012 1315 rupinas,
1033 1237 1148 1299 adulte·

4 1357 6 1364 κ
110 1328 161 1402 ria,
183 1329 324 1403 incestus,
344 1330 484 1404 periuria,
505 1327 606 1402 hisque
634 1325 750 1401 similia,
771 1327 891 1386 virtutes
911 1325 1049 1384 iudicans.
1091 1324 1149 1386 Hic

111 1431 177 1476 cum
199 1421 329 1474 mortuus
345 1415 487 1476 tuissetln
500 1410 677 1493 provincia2)
699 1411 853 1487 Menevelt,
875 1415 904 1470 in
926 1411 1038 1488 pellicio
1061 1412 1147 1471 ovino

110 1517 168 1577 quo
191 1503 232 1562 uti
253 1501 366 1562 solebat
385 1503 484 1575 vivus,
505 1500 602 1560 multis
622 1503 770 1576 apparuit,
792 1499 908 1560 domurn
929 1499 1004 1560 filiae
1025 1500 1150 1560 maxime

109 1587 304 1664 frequentans.
351 1587 417 1647 Nou
446 1590 538 1647 crucis
566 1588 663 1663 signo,
696 1602 753 1645 non
783 1585 879 1663 gladio
908 1591 1021 1662 poterat
1047 1585 1149 1662 iugari.

112 1671 216 1734 Gladio
238 1690 327 1750 saepe
348 1674 530 1748 caedebatur,
551 1674 674 1733 sednon
690 1679 803 1749 poterat
823 1672 982 1748 vulnerari3
1004 1671 1090 1732 luleru
1112 1688 1148 1732 ox

110 1778 143 1822 so
164 1779 267 1821 sonum
290 1762 437 1836 emittens,
465 1761 546 1820 acsi
568 1759 661 1820 mollis
688 1759 779 1822 lectus
807 1765 1008 1836 percuteretur.
1058 1756 1148 1820 cuns

110 1849 196 1908 amici
217 1865 283 1907 eum
305 1865 392 1924 super
411 1847 467 1906 hoc
490 1845 670 1906 consulerent
691 1846 836 1904 dominum
850 1846 1025 1922 Episcopum
1037 1845 1148 1906 Treve-

110 1951 224 1996 rensem
250 1933 429 2008 Johennem,
457 1932 535 1993 dedit
559 1932 711 1993 'consilium
739 1939 771 1991 ut
792 1950 869 2008 aqua
890 1932 973 1992 clavo
995 1932 1148 1991 Dominico

30 2023 33 2028 '
82 2013 273 2098 ‘superfusa
301 2021 404 2080 domus
431 2027 460 2080 et
481 2019 541 2078 filia
560 2035 615 2079 neo
635 2037 694 2078 non
723 2026 752 2078 ei
778 2021 838 2094 ipse
860 2021 885 2078 si
905 2020 1020 2078 adesset
1047 2035 1148 2094 asper·

111 2114 254 2185 gerentur.
297 2107 382 2183 Quod
402 2123 469 2166 oum
490 2106 598 2165 laetum
621 2106 735 2181 luisset,
763 2105 803 2168 de¹
824 2111 919 2168 cetero
941 2121 1004 2166 non
1028 2121 1148 2182 compa·
1187 2100 1189 2102 ’

97 2195 173 2261 ‚ruia
220 2194 350 2253 Eandem
378 2193 466 2252 liliam
494 2200 633 2269 genuerat
659 2192 695 2252 de
724 2191 827 2252 ancilla
855 2210 922 2267 sua,
958 2209 1024 2251 cum
1050 2199 1148 2251 tamen

109 2279 228 2339 haberet
248 2279 420 2356 legitimam3
450 2297 537 2354 quam
559 2297 625 2339 eum
645 2279 744 2339 luisset
765 2277 878 2353 adulta,
907 2279 993 2338 miser
1015 2280 1148 2354 corrupit.

109 2365 175 2426 Non
191 2371 234 2425 est
256 2366 303 2425 diu
318 2383 352 2426 ex
375 2382 431 2442 quo
449 2368 505 2426 ista
527 2369 714 2442 contigerunt.
756 2363 959 2428 NOVICIUS:
981 2364 1058 2442 Quid
1079 2381 1148 2424 sen·

109 2453 239 2514 tiendum
255 2460 299 2512 est
312 2453 403 2513 dehis
425 2455 472 2532 qpi
494 2455 523 2511 ln
545 2453 627 2512 bellis
649 2448 739 2531 sive³)
762 2454 946 2512 tornameniis
968 2449 1148 2511 moriuntur?

108 2537 344 2600 MONACHUS:
373 2539 405 2614 Si
426 2541 501 2600 iusta
522 2545 590 2600 eunt
619 2539 709 2614 bella,
739 2547 770 2598 ut
799 2545 842 2598 est
871 2540 996 2600 defensio
1024 2540 1147 2614 patriae,

108 2626 178 2686 nihil
200 2629 240 2687 eis
262 2628 354 2687 oberit
376 2629 425 2703 qul
447 2625 624 2687 defendendo
646 2644 678 2686 se
705 2629 870 2686 moriuntur.
919 2625 1066 2703 Quantum
1091 2643 1147 2684 au-

108 2722 169 2775 tem
191 2712 366 2776 delectentur
388 2714 543 2774 daemones
564 2715 593 2772 in
614 2714 753 2773 mortibus
774 2713 888 2774 illorum
910 2714 959 2790 qui
979 2715 1147 2773 innocentes

107 2804 258 2878 impetunt,
279 2802 457 2878 subsequens
479 2799 606 2861 declarat
627 2799 800 2878 exemplum.

458 3009 692 3070 CAPITULUM
712 3009 798 3069 XVI.

246 3132 294 3191 De
316 3137 504 3191 tornamento
526 3133 689 3190 occisorum
710 3134 799 3190 iectu
820 3128 1006 3190 Montenotte.

171 3270 308 3348 Sequenti
329 3261 413 3331 nocte
435 3271 549 3347 quando
579 3271 719 3329 exereitus
740 3270 831 3330 Ducis
851 3269 999 3331 Lovaniae
1027 3269 1145 3330 aLeo·

84 3358 252 3418 ·diensibus
276 3361 388 3418 occisus
411 3365 470 3433 est,
499 3374 599 3417 servus
630 3355 746 3432 quidam
769 3355 888 3416 Comitis
909 3356 1045 3418 Loseusis
1066 3358 1146 3416 iuxta

103 3445 296 3522 Montenake,
323 3443 418 3505 locum
447 3444 555 3504 scilicet
583 3445 732 3502 occisionis
760 3446 914 3519 transiens,
949 3446 1025 3504 circa
1052 3445 1144 3502 noetis

66 3603 69 3610 ¹
102 3532 290 3610 principium,
316 3534 472 3592 maximum
502 3532 541 3591 ibi
570 3529 641 3590 vidit
676 3537 885 3590 tornamentum
921 3529 1144 3590 daemoniorum.

101 3619 206 3696 Neque
219 3617 372 3678 immundis
393 3619 539 3695 spiritibus
553 3619 674 3677 aestimo
693 3622 802 3676 tantam
822 3617 909 3678 iuieee
931 3616 1144 3690 exultationem,

121 3806 153 3876 l)
171 3812 242 3857 erat
259 3803 309 3857 add
326 3804 356 3859 E.
371 3835 401 3846 -
414 3805 447 3874 2)
465 3789 487 3857 a
503 3805 534 3856 in
552 3802 634 3857 villa
651 3802 833 3870 provincia.
847 3831 879 3842 -
892 3799 998 3868 SJECF
1016 3799 1093 3852 sive
1105 3799 1144 3853 iu.
