2628 4310
188 195 250 278 aas
455 205 688 270 nanneno
709 205 957 270 *nuonacnrn
1283 224 1284 284 ,

187 331 292 409 pam,
321 327 391 406 qur
418 328 522 390 uuest
542 327 653 390 neom
673 328 846 407 casamo
873 336 903 390 a
930 325 1103 406 quanam
1122 344 1221 390 mona-
1283 285 1284 348 l

187 417 248 478 obis
271 418 348 492 eius,
375 433 429 478 nec
456 433 516 476 non
545 423 575 477 et
600 417 671 476 mihi
699 419 749 494 qui
770 423 839 479 tunc
859 433 996 493 praesens
1017 433 1095 476 eram
1116 416 1221 493 retulit;

186 521 240 566 nec
261 510 324 563 erat
344 505 393 580 qui
415 504 508 563 visum
529 503 706 581 intelligeret,
728 502 776 563 vel
796 505 975 580 interpretari
990 509 1098 580 posset.
1137 504 1222 564 Reci·
1284 542 1285 630 ,

187 596 248 650 tata
269 595 313 652 est
333 592 406 650 visio
428 591 573 650 sororibus
595 591 631 650 de
652 590 813 666 Nazareth,
835 591 966 652 sednon
988 596 1033 650 est
1050 591 1168 650 inventa
1186 590 1223 650 ibi

186 675 288 737 Mario.
332 677 431 737 Sciens
460 693 528 737 vero
558 677 741 754 saepedictus
762 676 865 736 Abbas
892 683 952 737 tam
980 677 1161 738 manifestam
1181 678 1223 736 vi-

187 764 298 824 sionem
326 765 381 823 sibi
409 766 469 824 sine
503 780 591 824 causa
619 766 735 824 minime
757 771 919 840 ostensam,
949 781 1015 823 cum
1044 765 1171 824 venisset
1197 766 1224 822 in

186 850 266 928 Syon
286 868 370 926 oquae
400 853 486 911 etiam
515 849 617 910 domus
646 857 689 910 est
717 851 975 911 sanctimonialium
1004 849 1116 919 ordinis¹
1139 852 1224 910 nostri

186 939 261 997 sicut
282 935 312 997 ct
325 937 485 1013 Nazareth,
506 943 573 1013 post
592 938 684 998 verba
704 937 908 998 exhortationis
930 940 1074 997 somnium
1084 933 1102 1016 ¹)
1124 937 1225 1012 retulit,

185 1022 309 1086 Mariam
330 1042 414 1084 suam
431 1026 616 1101 investigans.
657 1024 697 1082 Et
717 1041 786 1084 ecoe
807 1043 866 1084 una
882 1024 1143 1084 sanctimonialium
1163 1041 1225 1085 ma-

185 1117 290 1171 tertera
312 1111 440 1171 eiusdem
461 1110 571 1170 Mariae
592 1107 695 1190 haec’)
717 1110 837 1171 audiens
860 1117 889 1171 et
909 1110 1068 1184 admirans,
1091 1113 1225 1170 secretius

185 1197 294 1257 Abbati
321 1197 417 1258 locuta
446 1203 490 1257 est
519 1198 630 1257 dicens:
660 1198 801 1272 Domine,
828 1196 922 1258 Maria
948 1196 1022 1256 haec
1044 1195 1103 1256 filia
1124 1199 1226 1258 sororis
1286 1179 1287 1214 ¹

185 1301 267 1344 meae
288 1283 349 1358 init,
370 1284 592 1344 sanctimonialis
614 1286 644 1344 in
665 1283 791 1360 quodam
814 1284 938 1344 claustro
952 1284 1063 1343 Frisiao
1084 1285 1157 1360 nigri
1179 1301 1226 1343 or-

186 1371 268 1446 dinis,
290 1369 368 1447 quod
382 1370 550 1431 Brodehorn
571 1378 700 1444 vocatur,
722 1377 751 1430 et
771 1378 816 1430 est
837 1378 903 1431 ante
925 1375 991 1430 octo
1013 1386 1106 1430 annos
1125 1369 1226 1431 delun·

186 1464 241 1518 ota
274 1458 355 1535 Quae
378 1475 443 1518 cum
464 1457 568 1532 luisset
584 1459 612 1516 in
632 1457 757 1534 quadarn
778 1460 899 1535 grangia
916 1459 1089 1532 monasterii,
1111 1457 1227 1531 quidam

185 1544 306 1606 clericus
335 1562 399 1604 eam
428 1547 553 1621 corrupit
574 1549 604 1604 et
623 1545 841 1621 impraegnavit.
885 1543 958 1604 Com
987 1559 1056 1603 vero
1085 1544 1116 1602 in
1145 1549 1226 1621 partu

117 1642 119 1652 ·
184 1631 398 1708 periclitaretur,
419 1648 527 1691 vocans
542 1637 659 1707 patrem
682 1637 711 1690 et
723 1635 844 1692 matrem
861 1635 890 1690 et
911 1629 984 1690 duas
1000 1625 1143 1711 sorores¹)
1164 1648 1227 1690 ma·

185 1721 301 1794 rimtas,
322 1736 376 1778 nec
397 1734 454 1779 non
477 1724 507 1778 et
527 1717 616 1778 liliam
637 1723 807 1778 materterae
829 1733 899 1777 suae
921 1716 957 1776 de
978 1716 1075 1794 Syon,
1097 1718 1226 1778 consessa

186 1811 230 1864 est
252 1807 293 1865 eis
314 1811 466 1881 peccatum
488 1821 583 1880 suum,
603 1821 669 1864 cunr
690 1806 798 1881 gemitu
815 1803 923 1881 cordis3
945 1803 1045 1879 sicque
1064 1806 1224 1880 exspiravit

185 1891 231 1950 Illi
251 1909 320 1953 vero
343 1892 379 1952 de
400 1894 513 1952 animae
536 1893 597 1951 eius
618 1891 710 1950 saluta
733 1889 934 1966 desperantes,
955 1889 1026 1948 nihil
1048 1893 1074 1949 ei
1096 1891 1225 1952 beneficii
1288 1923 1289 1936 v

185 1979 392 2055 impenderunt.
434 1977 564 2038 Audiens
586 1977 659 2038 baec
681 1978 814 2037 dominus
828 1976 939 2051 Abbas,
959 1979 1067 2054 gratias
1082 1980 1142 2054 egit
1155 1979 1225 2053 Deo,

186 2068 235 2142 qui
261 2083 319 2126 non
346 2065 433 2125 tradit
455 2067 552 2126 bestiis
581 2065 706 2124 animam
736 2064 919 2125 confitentem
948 2065 1017 2139 sibi,
1045 2069 1075 2125 et
1103 2066 1226 2124 ammam

185 2155 319 2230 pauperis
341 2154 385 2212 sui
406 2169 465 2212 non
486 2158 530 2212 est
552 2151 657 2214 oblitus
679 2153 708 2210 in
729 2149 856 2232 linem⁴),
878 2153 971 2210 sciens
992 2153 1022 2210 in
1045 2167 1081 2211 ea
1099 2152 1226 2228 comple·

184 2247 261 2299 turn:
289 2240 328 2300 Ia
357 2255 535 2316 quamnquc
562 2239 639 2297 bora
664 2245 802 2314 peccator
822 2239 1012 2314 imperauerit,
1040 2239 1145 2298 solvus
1167 2242 1227 2298 erit.

186 2326 275 2386 cuins
302 2326 418 2386 hortatu
446 2329 579 2401 parentes
601 2341 653 2401 spe
676 2331 830 2400 concepta,
862 2330 1018 2400 coeperunt
1039 2327 1066 2384 ei
1087 2325 1227 2387 beneficia

185 2413 364 2490 impendere3
398 2411 449 2472 sed
482 2419 511 2472 ot
542 2414 603 2488 ipse
633 2410 736 2472 Abbas
764 2418 825 2471 tam
853 2414 883 2479 in
912 2412 1092 2471 monasteriis
1120 2412 1227 2472 Frisiaa

187 2517 274 2576 quam
294 2502 324 2559 in
345 2498 490 2576 religiosis
506 2499 638 2558 domibus
658 2499 823 2574 provinciae
851 2502 966 2558 nostrae
984 2499 1089 2557 missas
1111 2504 1141 2558 et
1161 2516 1228 2558 orad

186 2589 279 2648 bonas
308 2594 396 2663 atque
422 2585 558 2662 psalteria
578 2584 700 2662 plurima
722 2587 748 2645 ei
770 2586 907 2660 obtinuit,
936 2587 1064 2660 excepte
1085 2585 1133 2645 his
1154 2603 1228 2662 qnae

189 2675 251 2750 ipse
274 2676 299 2734 ei
321 2672 484 2750 specialiter
503 2671 651 2749 impendit

511 2861 748 2924 OAPITULUM
768 2861 902 2923 XXVII.

199 2991 248 3048 Da
263 2989 447 3066 purgatorio
468 2986 625 3047 cuiusdam
646 2992 805 3045 anatronoc
820 2992 947 3061 proptor
968 2991 1049 3046 ortes
1071 2987 1216 3062 magicas.

248 3107 334 3170 Miles
347 3107 464 3184 qnidam
481 3109 600 3167 veniens
614 3105 652 3166 ad
664 3121 793 3166 sororem
805 3105 974 3166 Bertradam
984 3101 1005 3185 ⁶)
1027 3105 1169 3166 inclusam
1191 3104 1227 3166 do

184 3195 435 3270 Volmuntsteine,
457 3195 532 3255 sicut
552 3193 590 3254 ab
615 3195 678 3253 eius
700 3209 749 3253 ore
771 3193 881 3253 audivit
900 3192 1006 3252 Daniel
1027 3191 1132 3253 Abhas
1152 3192 1228 3254 Sco-

183 3285 287 3344 navlae
302 3285 351 3360 qui
365 3284 449 3342 nobis
471 3281 570 3341 audita
587 3281 726 3355 recitavit,
747 3297 799 3356 pro
813 3281 910 3340 anima
930 3279 1029 3339 uxoris
1051 3296 1123 3340 snae
1136 3295 1229 3356 nuper

184 3369 335 3430 deiunctae
356 3370 396 3429 illi
418 3369 598 3445 supplicavit.
642 3367 696 3426 Cui
718 3368 810 3428 oranti
830 3365 880 3426 illa
901 3383 1052 3443 apparens,
1074 3368 1104 3425 in
1125 3369 1228 3443 poenis

93 3455 97 3464 '
183 3460 295 3535 magnis
323 3473 354 3516 se
377 3473 440 3516 esse
463 3460 622 3530 conquesta
642 3460 695 3514 ast.
728 3452 811 3530 Quae
841 3453 909 3513 dum
931 3470 1049 3514 causam
1070 3454 1228 3528 requireret

184 3561 358 3620 poenarum,
387 3560 421 3603 eo
448 3542 526 3620 quod
547 3557 599 3618 pro
621 3540 745 3600 honesta
767 3546 796 3600 et
816 3539 895 3600 bona
915 3540 1035 3612 muliere
1055 3539 1228 3614 haberetur,

204 3713 236 3782 1)
253 3701 445 3775 Bsomnnni,
463 3711 483 3762 l)
502 3711 669 3764 visionem.
684 3741 713 3751 -
726 3673 762 3778 Ι2)
778 3708 841 3763 BGF
858 3708 925 3764 hoc.
940 3739 970 3752 -
990 3709 1022 3780 3)
1040 3707 1124 3763 lladd
1142 3723 1227 3762 suso.

255 3813 286 3824 -
307 3782 339 3851 l)
359 3781 422 3833 Psal.
442 3781 485 3845 73,
505 3781 545 3832 19.
566 3810 596 3820 -
617 3781 649 3850 5)
668 3779 710 3834 CF
728 3779 924 3834 Bertradam.
