2622 4322
472 217 526 276 DE
548 215 818 278 DAEMONIBUS.
1104 219 1164 276 215

123 345 219 403 honus
240 339 278 400 ad
300 337 474 414 custodiam,
503 339 596 399 malus
617 338 655 398 ad
677 341 850 399 exercitium.
893 335 1097 400 NOVICIUS:
1119 340 1166 399 De

124 428 236 504 angelis
265 429 373 487 sanctis
401 427 469 486 mihi
495 426 574 486 nulla
591 423 607 504 Ι)
636 429 710 486 inest
731 425 878 500 dubietas,
908 427 977 500 quin
998 428 1069 500 sint,
1099 429 1166 502 quia

90 515 336 591 'Prophetarum
365 516 470 589 scripta
498 514 534 573 de
561 513 617 572 illis
646 530 732 589 saepe
764 513 928 588 loquuntur.
982 511 1068 588 Quod
1096 531 1165 572 vero

122 603 280 668 daemones
295 603 358 675 sint,
375 601 452 676 quod
464 593 621 675 mutarint,
644 599 721 675 quod
736 599 804 658 mali
816 601 880 678 sint,
897 604 926 658 et
940 599 1018 673 quod
1027 599 1166 660 incendiis

121 691 245 754 aeternis
269 688 399 763 deputati
419 691 483 762 sint,
505 704 541 746 ex
555 689 699 762 scripturis
717 689 865 760 uniusque
878 688 1041 744 testamenti
1061 686 1165 746 vellem

120 775 190 836 mihi
213 776 412 835 demonstrari.
454 772 689 834 MONACHUS:
714 773 842 832 Plurima
863 771 994 832 adhaec
1016 773 1166 849 probanda
1286 767 1289 782 '

120 869 236 924 exstant
248 859 270 940 ²)
292 863 462 921 testimonia.
506 861 552 920 De
573 861 721 934 Lucifero,
748 859 859 934 idest,
891 858 1021 934 diabolo,
1051 867 1166 936 propter

120 949 256 1009 decorem
287 964 358 1007 suae
387 949 537 1006 creationis
568 949 608 1006 sic
641 946 734 1021 dicto,
766 949 885 1021 eiusque
907 961 975 1005 casu
997 949 1038 1006 ait
1058 947 1164 1022 isaias:

123 1035 284 1116 Quaado
306 1035 438 1107 caudari,
460 1034 591 1110 Lucifer,
614 1037 666 1109 qui
686 1051 775 1092 moue
797 1032 960 1092 eucharis?
982 1039 1011 1092 et
1033 1039 1128 1093 cetera
1136 1032 1165 1112 3).

122 1122 210 1200 Quod
231 1123 325 1180 iactus
348 1123 384 1180 sit
406 1121 551 1194 diabolus,
581 1127 609 1180 et
638 1119 716 1195 quod
745 1119 781 1178 de
804 1119 884 1178 coelo
907 1120 1053 1193 ceciderit,
1085 1123 1166 1180 testis

105 1216 169 1270 =est
188 1209 340 1283 Salvator,
373 1210 423 1282 qui
451 1211 506 1266 ait:
546 1207 612 1266 Vidi
633 1207 782 1266 Satauam
815 1213 960 1282 tauquam
991 1207 1099 1282 sulpur
1131 1209 1166 1266 de

120 1297 203 1356 coelo
225 1292 423 1366 wamiam).
461 1294 508 1353 De
531 1311 588 1368 quo
610 1292 685 1352 Job:
714 1293 854 1370 Quadam
876 1294 922 1352 die
943 1312 1010 1352 cum
1025 1297 1167 1354 conuscat

118 1385 176 1459 filii
188 1384 257 1454 Dei,
279 1389 315 1440 ut
337 1384 503 1440 assisterent
525 1398 627 1440 coram
637 1381 777 1452 Domino,
801 1381 888 1456 offuit
908 1383 986 1440 iuter
1007 1398 1055 1440 eos
1078 1385 1166 1440 etiam

121 1477 151 1530 et
170 1469 269 1528 Satara
282 1465 312 1547 ⁵).
335 1467 393 1526 vEt
414 1469 443 1525 in
464 1467 580 1526 Psalmo
595 1466 692 1525 David
713 1466 833 1541 loquens
856 1465 985 1526 delude
1006 1466 1165 1542 proditore:

119 1555 290 1620 Diohoim,
323 1556 428 1629 iuquit,
460 1561 516 1614 stet
538 1571 558 1612 a
580 1554 690 1614 &atris
724 1548 829 1630 eius⁶).
872 1554 947 1612 Item
975 1553 1097 1614 Abacuc
1130 1555 1166 1613 de

121 1643 253 1708 Christo:
276 1641 456 1716 Epredietur
477 1640 612 1700 diabolus
635 1647 705 1699 oute
732 1640 822 1715 pedes
845 1644 906 1700 eius
919 1638 950 1715 ⁷).
994 1641 1032 1699 Et
1053 1643 1083 1700 in
1104 1643 1166 1701 aliis

119 1728 219 1789 multis
247 1728 319 1787 locis
350 1727 496 1787 diabolum
525 1729 664 1802 scriptura
692 1732 905 1786 commemorat
956 1727 1054 1807 Quodx
1069 1736 1166 1789 autern

121 1815 201 1876 solus
223 1833 284 1875 non
306 1814 398 1889 inerit,
419 1832 473 1873 nec
486 1813 564 1874 solus
577 1813 718 1888 ceciderit,
739 1820 859 1872 testatur
870 1813 1019 1874 Johannes
1040 1817 1069 1872 in
1081 1814 1166 1891 Apo-

121 1904 234 1979 calypsi
271 1903 382 1960 dicens:
411 1901 540 1960 Factum
580 1907 622 1960 est
644 1903 795 1975 proelium
830 1919 974 1976 mapuum
1005 1905 1038 1960 iu
1070 1905 1167 1977 coelo,-

120 1990 261 2067 Mychael
283 1996 312 2047 et
340 1990 437 2064 capeti
468 1992 530 2047 eius
547 1987 729 2063 pupuubout
757 2005 825 2046 cum
850 1988 993 2061 dracoue,
1024 1995 1051 2047 et
1075 1990 1166 2048 draco

115 2075 284 2152 mouebat
313 2081 341 2134 et
374 2076 471 2150 anpeli
503 2073 581 2149 eius3
613 2081 641 2132 et
668 2091 730 2133 uou
751 2075 927 2147 voluerunt,
959 2093 1054 2151 oeque
1086 2077 1166 2134 roas

123 2181 230 2222 eorum
251 2166 388 2234 iuuentus
410 2162 593 2237 estamplius
610 2164 643 2219 ia
664 2159 788 2233 eoelo⁸).
830 2161 937 2220 Factus
952 2168 996 2221 est
1016 2179 1069 2237 per
1082 2163 1166 2222 mali-

121 2253 194 2308 tiam
216 2267 301 2308 suam
316 2247 402 2306 draco
416 2248 530 2310 Lucifer
540 2247 689 2324 gloriosus,
711 2249 747 2307 de
771 2249 851 2307 cuius
866 2247 968 2308 decore
990 2266 1025 2308 ao
1038 2249 1166 2325 pulchri-

123 2338 224 2396 tudine
254 2353 307 2411 per
326 2334 506 2394 Ezechielem
535 2334 650 2394 dicitur:
685 2335 732 2394 Tu
753 2337 941 2410 opusculum
969 2337 1166 2396 similitudinis

122 2425 197 2496 Dei,
216 2424 326 2498 plenus
346 2425 492 2497 sopienda
515 2422 744 2497 aequaeuam,
773 2426 805 2480 in
827 2423 934 2481 deliciis
949 2423 1088 2498 paradisi
1108 2425 1167 2484 Dei

121 2511 218 2587 fuisti.
265 2509 367 2567 Ornuis
389 2510 463 2584 lapis
479 2513 628 2584 pretiosus
640 2513 853 2594 operimentum
864 2515 958 2583 tuum,
982 2517 1010 2569 et
1032 2509 1166 2590 cetera⁹).

124 2597 249 2657 Decima
270 2613 338 2670 pars
355 2595 522 2672 angelorum
543 2594 667 2654 creditur
688 2596 833 2656 cecidisse.
876 2596 959 2655 Unde
981 2599 1019 2657 ob
1035 2597 1166 2657 multitu-

126 2684 222 2743 dinem
237 2681 395 2758 Apostolus
408 2689 494 2742 vocat
508 2699 557 2740 eos
572 2699 671 2741 aereas
682 2689 840 2758 potestates
856 2679 894 2763 ¹⁰).
932 2682 1068 2744 Gadendo
1091 2687 1165 2743 enim

125 2777 223 2858 aerem
245 2768 435 2844 repleverunt.
477 2770 524 2827 De
547 2785 668 2844 quorum
690 2769 798 2829 malitia
819 2769 965 2845 Propheta
987 2770 1098 2830 Christo
1121 2772 1166 2829 di-

127 2861 165 2918 cit
185 2859 215 2915 in
237 2856 369 2914 Psalmo:
402 2856 522 2914 Malitia
538 2853 568 2929 ¹¹)
592 2873 710 2930 eorum,
744 2859 795 2932 qui
818 2863 845 2915 te
866 2857 1007 2930 oderunt,
1037 2859 1166 2918 memdit

126 2961 240 3020 sennes
257 2940 297 3020 ¹²).
346 2942 384 3000 Et
405 2942 546 3001 Dominus
575 2945 604 3000 in
633 2942 790 3020 Evangelio
811 2942 948 3003 ludaeis:
988 2945 1046 3002 Vos
1075 2963 1165 3020 opera

122 3036 221 3108 patris
235 3032 326 3090 cestii
337 3028 446 3087 dioboli
455 3029 563 3105 facitis.
583 3030 639 3087 Ille
653 3031 781 3089 mendox
794 3029 857 3105 tuit
871 3030 908 3088 ab
922 3034 1015 3103 initio,
1038 3038 1065 3090 et
1075 3039 1166 3106 pater

128 3122 190 3178 eius
208 3115 248 3192 ¹³).
290 3115 374 3191 Quod
395 3117 557 3175 hominibus
578 3117 697 3175 infestus
718 3119 763 3192 sit,
784 3119 864 3176 testis
887 3124 930 3176 est
950 3115 1018 3191 Job,
1041 3120 1089 3194 qui
1111 3121 1164 3177 ait:
1211 3188 1212 3193 η

128 3202 301 3263 Absorbehit
313 3203 447 3279 fluvium,
467 3210 494 3262 et
507 3219 569 3262 uois
583 3202 750 3277 mirabitur,
768 3203 862 3280 idest,
877 3203 1020 3262 infideles:
1036 3222 1166 3282 paganos

127 3290 251 3364 scilicet,
279 3289 409 3348 Judaeos
432 3295 461 3348 et
487 3290 662 3365 haereticos;
692 3297 721 3348 et
747 3289 834 3350 habet
853 3291 993 3367 fiduciam
1015 3291 1097 3367 quod
1116 3296 1165 3351 iu-

147 3513 179 3580 1)
197 3511 259 3564 BCD
278 3510 366 3564 nulla
383 3509 466 3563 mihi.
479 3541 508 3550 -
522 3511 553 3578 2)
571 3510 591 3564 C
608 3513 781 3564 exsistunt.
802 3540 831 3551 —
852 3511 883 3578 8)
902 3511 957 3564 lsai.
978 3511 1019 3574 14,
1038 3511 1165 3578 12)-1)

199 3582 256 3634 Luc.
276 3583 318 3643 10,
337 3581 378 3632 18.
398 3609 428 3620 -
448 3581 479 3647 5)
496 3579 543 3632 lob
562 3582 586 3646 1,
604 3583 629 3633 6.
650 3610 680 3620 -
709 3578 741 3649 6)
758 3581 823 3632 Psai.
842 3582 901 3643 108,
919 3583 943 3634 6.
964 3609 995 3619 -
1023 3581 1054 3646 7]
1072 3579 1164 3632 Hebae.

200 3653 225 3713 3,
243 3653 268 3702 5.
290 3679 319 3688 -
345 3650 377 3716 8)
394 3650 473 3716 spec..
493 3650 541 3713 12,
558 3653 583 3702 7.
602 3680 635 3690 -
660 3651 692 3719 9)
709 3650 801 3702 Erech.
819 3651 868 3714 28,
887 3651 927 3702 12.
948 3678 977 3689 -
1005 3649 1053 3716 10)
1071 3649 1164 3717 Ephes.

165 3733 168 3745 ·
199 3721 225 3780 2,
242 3721 267 3770 2.
287 3748 318 3757 -
339 3719 388 3785 11)
406 3719 445 3770 111)
462 3729 488 3770 et
506 3719 781 3788 conhsuperbia.
801 3749 831 3758 -
862 3720 909 3786 12)
928 3718 992 3770 Psal.
1011 3720 1054 3781 73,
1071 3719 1113 3771 23.
1133 3749 1163 3756 -

202 3789 249 3857 13)
266 3787 355 3839 lohau.
373 3789 399 3850 8,
415 3789 458 3842 41.
476 3791 517 3841 tt.
