2538 4314
407 235 467 295 DE
490 235 765 298 CONTRITIONE.
1068 239 1104 297 91

88 355 155 414 nodo
173 363 249 432 pater
270 356 469 418 dulcissimus
491 361 553 436 cogi
575 358 648 419 solet
676 378 694 419 a
720 360 785 420 liliis
814 365 843 420 et
864 357 979 418 filiabus
1000 357 1109 419 delica-

87 444 171 502 tsine
189 444 224 502 ab
248 461 282 503 eo
304 447 441 504 nutritis.
484 445 719 506 MONACHUS:
748 446 804 523 Qui
830 462 896 505 cum
917 445 1042 522 perfecte
1064 445 1109 504 di-

87 529 164 605 ligunt,
182 529 287 589 nullam
310 532 351 590 ab
375 533 448 607 ipso
470 534 696 592 lucrationibus
718 536 776 592 suis
797 535 944 609 patiuntur
957 532 1108 608 repulsam,

86 618 202 676 attamen
222 617 310 676 saluti
333 621 487 678 contraria
506 636 563 679 non
584 620 688 678 hrcrint
709 637 783 696 quae
806 625 950 695 petrmtur.
993 618 1108 680 NOVI·

86 701 168 762 oute:
191 703 221 764 Si
242 704 396 764 Dominus
422 706 530 764 confert
558 705 644 766 alicui
670 709 700 764 in
729 709 856 767 oratione
882 706 1029 781 lacrimas,
1060 704 1108 766 vel

84 787 127 847 aha
144 791 213 849 bona
234 794 320 868 signa
345 793 543 867 contritionis,
574 800 602 851 ct
623 791 686 850 vult
704 793 754 852 illa
774 794 811 853 ab
833 792 895 852 aliis
916 792 1019 868 videri,
1049 799 1108 852 cst-

84 893 111 935 nc
135 877 157 935 ci
180 879 408 953 periculosum?
455 877 687 939 MONACHUS:
730 879 894 939 Secundum
924 881 1109 940 intentionem

83 965 167 1022 orantis
198 965 307 1042 pendet
331 965 447 1025 solutio
468 965 551 1023 huius
575 968 756 1040 quaestionis.
799 966 830 1026 Si
851 967 877 1024 ei
893 964 997 1042 placet,
1017 965 1109 1026 utalii

82 1047 191 1109 lacrimas
212 1054 275 1112 eius
297 1052 439 1126 videant,
461 1058 673 1127 quatenusper
694 1070 743 1112 eas
765 1053 958 1126 aedificentur,
978 1055 1040 1130 ipse
1061 1058 1109 1111 ta-

81 1153 132 1194 nen
149 1137 341 1199 humilitatem
364 1142 401 1198 in
422 1135 508 1198 ‘corde
530 1138 680 1214 custodiat,
701 1147 839 1232 ereptor,
860 1142 905 1199 sin
927 1145 1034 1216 autem,
1056 1139 1108 1199 de-

81 1230 191 1282 meretur.

422 1465 652 1528 crruuuuu
670 1467 773 1562 xnu.

80 1621 117 1679 Dc
134 1626 291 1700 monacho,
315 1624 365 1684 acl
388 1626 472 1682 ccciccc
492 1625 631 1683 lacrimas
653 1624 787 1683 diodolus
806 1627 947 1701 respexit,
969 1641 1037 1684 eam
1059 1640 1109 1683 cor

336 1714 406 1798 eiua
428 1712 511 1770 tuoni
531 1713 630 1786 plocio
651 1713 845 1772 extolleretur.

130 1880 291 1946 Monachus
315 1882 442 1960 quidam
461 1900 583 1961 magnae
605 1885 744 1958 opinionis
764 1885 862 1944 retulit
881 1884 965 1959 mihi,
994 1883 1109 1958 quando

81 1971 191 2030 novidus
211 1972 270 2047 lui,
302 1972 343 2030 de
369 1970 496 2046 quodam
516 1971 674 2046 monacho,
703 1970 781 2047 quod
803 1971 848 2030 die
870 1970 1011 2047 quadam,
1043 1987 1110 2028 curn

81 2054 171 2116 iaceret
189 2061 220 2116 in
242 2061 384 2119 oratione
406 2064 473 2116 ante
494 2056 639 2132 quoddam
660 2057 758 2133 altare,
782 2065 811 2118 et
832 2058 973 2117 Dominus
996 2059 1022 2116 ei
1042 2062 1110 2114 tan·

82 2145 129 2202 hu
148 2146 322 2207 concidisset
344 2145 469 2220 gratiam
489 2144 675 2220 lacrimamm,
696 2148 837 2204 utetiam
849 2147 978 2222 irrigaret
990 2149 1110 2218 terram,

83 2243 110 2286 er
127 2231 305 2294 immissione
328 2231 450 2305 diaboli,
476 2236 509 2290 ut
535 2237 637 2307 postea
664 2234 771 2308 patuit,
804 2232 882 2292 cordi
911 2234 972 2291 eius
993 2230 1111 2290 suborta

83 2321 117 2373 est
133 2319 222 2378 inanis
244 2321 354 2397 gloria,
375 2321 417 2377 ita
437 2323 469 2376 ut
491 2318 597 2378 diceret
617 2322 691 2377 intra
711 2335 758 2378 se:
794 2317 912 2378 Utinam
932 2317 1042 2378 videret
1055 2317 1110 2376 ali-

83 2405 135 2476 quis
152 2405 238 2465 modo
262 2408 395 2484 gratiam
415 2407 509 2463 istam.
551 2404 622 2464 Mox
641 2407 667 2463 is
689 2407 737 2481 qui
757 2407 873 2464 immisit
894 2406 990 2479 afficit,
1023 2410 1052 2465 et
1073 2404 1111 2463 ad

82 2486 198 2552 lacrimas
220 2495 288 2552 cius
312 2499 394 2552 stans
416 2509 434 2550 a
454 2491 542 2550 latere
565 2491 776 2567 diligentissime
808 2494 940 2568 respexit.
982 2490 1111 2550 Transfi-

83 2587 221 2650 guraverat
242 2581 328 2640 enim
350 2580 433 2638 sein
455 2581 580 2654 speciem
600 2581 673 2655 nigri
693 2579 834 2638 monachi.
875 2579 991 2637 Levans
1012 2577 1112 2637 oculos

83 2666 241 2741 monachus,
266 2673 332 2724 tam
354 2681 391 2724 ex
411 2664 527 2724 horrore
547 2668 650 2724 mentis
672 2683 759 2740 quam
781 2683 816 2724 ex
836 2664 982 2742 nigredine
1002 2666 1111 2739 vestis,

84 2746 258 2828 daemonem,
281 2753 372 2811 totius
394 2752 544 2827 superbiae
565 2758 726 2827 auctorem,
756 2769 818 2812 esse
839 2750 1039 2828 deprehendit3
1067 2757 1111 2825 et,

84 2850 157 2908 quem
176 2857 228 2915 per
256 2841 360 2898 vitium
379 2840 471 2897 inanis
492 2839 598 2915 gloriae
625 2841 811 2914 invitaverat,
842 2856 893 2915 per
921 2839 1054 2898 virtutem
1083 2844 1113 2898 ct

83 2923 182 2998 siguum
203 2928 304 2986 crucis
320 2921 338 3004 ¹)
360 2925 479 3000 fugavit.
522 2924 568 2985 Ob
597 2925 760 2986 huiusmodi
780 2926 907 3001 pericula
933 2925 1066 2984 iubentur
1093 2943 1112 2984 a

85 3005 194 3072 Domino
222 3014 333 3072 oraturi
353 3014 457 3070 intrare
481 3012 651 3087 cubiculum,
673 3017 703 3070 et
723 3013 855 3072 claudere
877 3015 982 3072 ostium
993 3007 1014 3092 ²)
1027 3029 1112 3086 super

86 3111 118 3170 sc,
136 3097 188 3160 hoc
211 3105 277 3176 est,
299 3101 393 3158 vitare
413 3098 529 3158 laudem
548 3099 712 3158 humanam.
754 3098 955 3168 NOVICIUS:
985 3097 1017 3158 Si
1036 3101 1112 3158 nosti

87 3182 169 3246 adhuc
188 3187 290 3263 aliqua
312 3185 352 3244 de
375 3187 539 3244 contritione
561 3186 699 3261 exempla,
721 3185 790 3244 mihi
811 3193 843 3244 ut
864 3187 1003 3246 edisseras
1024 3185 1111 3245 obse·

88 3283 127 3329 cro
137 3269 166 3352 ⁸).
196 3271 440 3333 MONACHUS:
463 3270 606 3348 Cogitanti
625 3272 934 3356 mihide,cont1itionc,
955 3271 1012 3331 alia
1025 3278 1111 3347 atque

88 3355 136 3416 aha
159 3365 316 3421 occurrunt
345 3358 489 3434 exempla,
517 3361 545 3416 in
578 3360 682 3434 quihus
711 3358 854 3434 Christus,
886 3362 973 3420 totius
1000 3361 1112 3418 virtutis
1146 3379 1149 3385 ’

19 3449 20 3456 ’
89 3451 184 3521 auctor,
203 3445 390 3525 glorificetur,
412 3450 441 3504 et
461 3448 608 3521 poenitens
631 3448 721 3505 omnis
744 3447 913 3507 consoletur.

107 3733 321 3801 llllsanctac
349 3737 464 3788 crucis.
483 3765 515 3775 -
542 3736 678 3804 2)hlatth.
697 3740 722 3802 6,
740 3739 764 3789 6.
799 3737 1021 3804 hlostupre3
1044 3737 1112 3787 cont.

150 3805 188 3873 lll,
202 3810 228 3861 7.
247 3839 280 3849 -
301 3807 335 3875 ³)
353 3804 375 3859 G
391 3805 468 3858 mihi
491 3804 630 3859 obsecro
654 3815 687 3858 ut
710 3805 884 3859 edisseras.
1017 3801 1022 3818 '
