2664 4308
163 259 182 316 8
467 253 695 318 DISTINOTIO
715 255 891 318 SEPTIMA

164 379 348 456 dignabatur,
371 383 404 436 nt
424 376 608 454 dignitatibus
629 377 823 438 saecularibus
843 376 991 454 indulgere
1010 385 1197 456 proponeret,

165 472 305 542 quatenus
339 467 534 540 possessiones
563 464 668 524 ordinis
696 465 750 524 sibi
778 472 956 540 usurparent
1005 464 1040 524 In
1066 468 1197 541 proximo

65 551 67 558 '
164 551 233 613 vero
255 551 382 628 generali
404 551 534 627 capitulo
556 551 697 626 Abbates,
718 553 766 626 qui
789 552 990 627 confluxerant,
1011 569 1093 628 spem
1114 569 1197 611 suam

163 642 194 698 in
214 640 301 699 beata
320 637 377 705 Dei
393 636 545 713 Genitriee,
567 654 641 714 quae
664 637 768 698 ordinis
785 645 907 714 patrona
929 645 972 698 est
994 646 1022 698 et
1045 638 1197 714 advocata,

163 731 311 802 ponentes,
331 727 453 785 scientes
474 728 643 784 sententiam
664 724 739 785 male
764 732 933 800 conceptam
953 727 1014 785 eius
1035 727 1168 801 precibus
1178 722 1197 806 ¹)

163 813 244 872 facile
265 828 350 887 posse
371 815 515 886 revocari,
545 811 683 887 speciales
710 829 762 887 pro
790 812 892 872 eadem
912 813 1083 872 necessitate
1103 829 1197 887 usque

164 899 202 960 ad
232 901 393 975 proximum
426 898 589 975 Capitulum
621 900 763 958 orationes
793 901 987 974 iniunxeruut,
1021 899 1077 968 hoc
1110 901 1197 958 etiarn

163 986 336 1061 adiicientes,
356 992 389 1044 ut
410 1002 428 1044 a
450 987 543 1062 capite
564 984 805 1062 Quadragesimae
829 985 914 1044 nudis
934 985 1056 1061 pedibus
1077 984 1114 1045 de
1137 984 1197 1046 Oa·

162 1073 253 1152 pitulo
286 1079 437 1146 exeuntes,
468 1078 579 1148 septem
610 1072 735 1147 psalmos
768 1089 834 1132 cum
865 1072 971 1132 letania
1003 1072 1197 1132 decantarent

164 1159 249 1236 Quod
278 1165 307 1219 et
336 1159 464 1219 lecimus.
504 1158 621 1218 Interim
649 1160 736 1218 beata
756 1158 813 1218 Dei
835 1157 964 1218 Genitrix
990 1161 1053 1218 viro
1081 1158 1197 1220 cuidam

162 1245 303 1323 religioso,
320 1248 435 1304 nomine
447 1245 579 1319 Benene,
597 1247 655 1304 iam
670 1245 736 1304 dieti
748 1245 908 1305 Innocentii
921 1247 1082 1321 confessori,
1102 1263 1196 1322 appa-

162 1352 235 1409 rens,
255 1335 284 1391 in
306 1332 378 1392 haee
399 1333 489 1392 verba
511 1332 602 1392 eidem
623 1332 784 1392 mandavit:
806 1332 851 1391 Tu
873 1331 1002 1392 ordinem
1023 1331 1196 1393 cistercien·

147 1438 239 1495 sem,
268 1421 349 1479 euius
376 1419 519 1479 advocata
547 1436 611 1478 sum
632 1436 703 1496 ego,
735 1419 880 1478 destruere
903 1421 1029 1496 conatu,
1058 1419 1110 1479 sed
1136 1436 1195 1479 non

161 1506 363 1583 praevalebis·
390 1505 428 1564 Et
448 1507 502 1564 nisi
524 1507 604 1565 eitius
638 1506 672 1566 de
694 1513 744 1566 tuo
766 1506 842 1566 malo
863 1508 1009 1582 proposito
1030 1508 1196 1583 resipiscas,

162 1609 215 1670 ego
244 1599 273 1652 te
303 1599 332 1652 et
363 1609 477 1652 omnem
506 1598 680 1668 potestatem
710 1599 791 1652 tuam
818 1599 973 1653 conteram.
1022 1592 1195 1654 Huiusmodi

162 1681 266 1740 nouem
300 1678 431 1739 dominus
458 1680 641 1739 Innocentius
662 1679 775 1755 audito,
806 1682 903 1741 sciens
920 1680 1075 1739 Renerium
1102 1682 1196 1740 virum

162 1784 224 1828 esse
245 1773 376 1826 sanetum
398 1784 433 1826 ac
453 1783 595 1841 veracem,
615 1769 716 1840 timuit,
736 1769 766 1824 in
786 1772 899 1828 tantum
920 1765 956 1826 de
973 1773 1195 1843 conceptopec-

162 1862 226 1915 aato
247 1856 402 1930 poenitens,
426 1860 457 1913 ut
478 1853 582 1913 ordinis
602 1853 777 1930 praevilegia
796 1854 952 1927 roboraret,
973 1852 1029 1913 hoc
1050 1853 1197 1927 adiiciens,

160 1948 193 2000 nt
213 1943 445 2016 primoomnium
457 1942 574 2016 negotia
587 1941 741 2000 ordinis·in
763 1942 841 2000 curia
859 1939 1065 2016 expedirentur.
1099 1938 1195 2016 Quam

159 2028 364 2104 indulgentiam
385 2045 451 2086 cum
471 2034 531 2086 tam
552 2045 606 2088 sua
629 2027 722 2102 bulla,
745 2043 831 2102 quam
854 2030 980 2086 omnium
1003 2025 1194 2086 Cardinalium

159 2115 413 2190 subscriptionibus
430 2113 620 2189 confirmaret,
640 2120 669 2173 et
688 2131 763 2173 unus
776 2119 888 2172 tantum
907 2115 979 2190 nigri
1001 2112 1106 2173 ordinis
1121 2112 1194 2173 Oar-

161 2202 261 2262 diualis
283 2201 496 2275 contradiceret,
511 2203 558 2272 ita
577 2204 606 2260 in
626 2201 707 2260 illum
723 2203 835 2274 exarsit,
856 2207 888 2258 ut
909 2203 1005 2260 statim
1027 2217 1093 2260 eum
1109 2216 1194 2260 amo·

159 2305 227 2348 vere
247 2290 411 2346 minaretur.
454 2286 584 2362 Cumque
604 2290 634 2347 in
650 2290 779 2363 proximo
794 2287 925 2362 Capitulo
940 2288 1070 2363 patribus
1090 2288 1194 2348 nostris

159 2375 232 2435 haec
252 2377 449 2449 innotuissent,
470 2374 614 2434 Christum
635 2377 753 2449 eiusque
772 2373 945 2433 Geniuicem
967 2373 1002 2434 de
1022 2379 1084 2434 tam
1097 2375 1193 2450 inopi·

159 2468 227 2521 nata
248 2463 404 2521 mutatione
412 2457 432 2541 ²)
454 2460 654 2537 glorificantes,
676 2463 818 2520 orationes
834 2463 975 2520 iniunctas
996 2478 1063 2520 eum
1083 2463 1193 2537 gratia-

159 2567 222 2607 rum
243 2550 355 2608 actione
378 2547 551 2606 dimiserunt.
593 2546 796 2607 NOVIOIUS:
817 2547 882 2606 Non
904 2550 997 2621 miror,
1019 2549 1043 2606 si
1064 2547 1192 2608 advoca-

157 2638 227 2702 tiam
248 2652 331 2694 suam
352 2640 411 2693 tam
433 2640 535 2710 potens
556 2635 668 2710 Regina
690 2632 823 2692 defendit.
865 2632 1100 2694 MONACHUSr
1128 2635 1192 2695 Ve-

156 2739 219 2780 rum
247 2721 326 2782 dieis.
369 2720 452 2781 Lieet
480 2723 555 2781 enim
583 2726 675 2779 mater
702 2723 739 2780 sit
767 2720 988 2797 misericordiae,
1016 2727 1192 2782 nontamen

157 2809 333 2869 obliviscitur
354 2811 430 2868 cirea
449 2805 685 2867 immisericordes
706 2801 859 2868 vindictae.

491 2995 724 3058 CAPITULUM
750 2994 860 3078 Vflfl)

305 3121 353 3182 De
374 3121 504 3186 vindicta
525 3121 653 3180 boetiam
675 3120 749 3180 Loci
769 3125 890 3180 sanctae
910 3118 1037 3179 Martae.
1117 3125 1122 3136 ‘

217 3244 297 3302 Dum
324 3242 428 3303 nobilis
454 3242 560 3301 femina
588 3241 703 3302 domina
723 3236 866 3321 Aleidise)
890 3241 925 3301 de
946 3240 1095 3318 Molsberg
1123 3257 1190 3302 eum

155 3348 294 3391 consensu
315 3331 409 3390 mariti
431 3331 475 3388 sni
498 3327 657 3389 Everhardi
676 3329 822 3406 burgravii
835 3327 987 3403 ¹quaedam
1009 3327 1115 3388 allodia
1135 3345 1190 3388 sua

153 3435 204 3494 per
223 3419 438 3492 inspirationem
459 3416 584 3476 divinam
614 3415 652 3475 ad
672 3433 778 3476 noram
801 3416 948 3475 abbatiam
969 3414 1076 3475 ordinis
1099 3417 1189 3474 nostri

153 3504 370 3574 eonstmendam
398 3506 427 3562 in
449 3520 551 3563 manus
580 3502 686 3562 domini
706 3502 824 3562 Hernici
844 3501 970 3562 Abbatis
990 3503 1079 3563 nostri
1098 3500 1188 3562 libere

170 3690 200 3759 ¹³
218 3688 534 3828 iltilttltfttt
545 3685 1186 3826 stilibi?tttttttdtltllttnrii

218 3829 248 3882 ll.
266 3846 291 3899 p.
311 3830 369 3884 125.
380 3860 411 3871 -
430 3830 603 3900 3)Gomitissa
620 3830 652 3882 de
668 3828 822 3882 Freirbrath.
842 3826 905 3881 vida
922 3841 999 3896 supra
1016 3825 1082 3893 V,5.
1092 3841 1117 3894 p.
1125 3826 1185 3880 285.
