2580 4316
172 260 213 318 54
499 255 728 318 DISTINCTIO
747 257 877 317 PRIMA

173 379 268 440 taedio
290 378 385 438 affecti
405 385 538 453 patentes
559 380 633 452 eius,
655 396 722 438 cum
744 396 809 437 eam
829 377 925 438 locare
946 377 1053 438 velient
1072 379 1103 434 in
1124 393 1209 452 prae-

173 466 249 526 dicto
271 467 444 526 monasterio
466 472 583 525 sanotae
601 465 778 542 walburgis,
797 483 853 524 nec
874 483 937 526 esse
957 471 1063 541 posset
1084 463 1210 538 eoquod

174 553 332 629 completus
353 552 453 612 frnsset
473 558 596 612 statutus
617 569 754 612 numerus
775 568 913 628 sororum,
933 551 1210 610 inFusinnichcon-
1272 613 1273 616 ,

173 657 260 699 versa
281 647 339 714 est,
360 640 411 698 ubi
432 639 505 699 adeo
525 640 661 715 profecit,
682 646 716 698 ut
734 657 793 700 non
814 640 904 700 multo
925 645 1006 714 post,
1026 639 1094 698 licet
1115 636 1210 696 adhuc
1271 647 1273 660 ⁴

173 725 396 801 adolescentula,
419 729 557 804 magistra
578 726 744 786 efficeretur.
787 725 882 802 Quam
902 733 969 803 post
989 743 1081 784 annos
1101 741 1211 800 paucos

175 813 285 874 Aleidis
308 829 387 872 soror
409 816 470 872 eius
492 813 621 889 carnalis,
641 816 744 872 manto
756 813 883 888 viduata,
905 820 934 872 et
953 814 1018 888 ipsa
1030 812 1127 872 adhuc
1137 810 1210 871 ado-

175 899 345 974 lescentula,
377 906 491 975 secuta,
518 904 548 960 in
577 900 679 960 eodem
711 901 849 960 coenobio
863 898 880 979 ¹)
901 900 979 959 facta
1000 906 1044 958 est
1063 899 1211 958 Priorissa.

176 988 304 1064 Quarum
325 987 456 1063 exemplo
479 988 621 1062 quaedam
650 1005 748 1046 earum
777 993 901 1063 cognata
931 989 1032 1045 timore
1059 991 1211 1061 parentum

175 1074 549 1148 deDioecesiTraiectensi,
569 1077 599 1132 in
619 1073 721 1132 habitu
741 1074 815 1132 virili
836 1091 960 1150 egressa,
980 1072 1061 1149 apud
1080 1079 1211 1131 sanctum

175 1162 332 1236 Thomam,
366 1178 440 1235 quae
462 1168 506 1220 est
527 1160 629 1220 domus
651 1160 758 1219 ordinis
777 1162 882 1235 nostri,
904 1167 933 1220 et
943 1158 964 1239 ²)
985 1162 1015 1218 in
1035 1159 1211 1234 Episcopatu

175 1248 344 1308 Treverensi
363 1250 465 1323 posita,
486 1265 518 1307 se
541 1249 688 1306 convertit.
731 1247 816 1306 Hanc
839 1265 905 1306 curn
926 1263 1007 1305 soror
1026 1248 1132 1304 imitari
1149 1245 1211 1303 vel·
1272 1287 1273 1292 η

175 1335 222 1410 iet,
243 1335 448 1410 aparentibus
470 1341 555 1410 capta
576 1339 621 1393 est
643 1340 672 1392 et
691 1335 753 1393 viro
774 1334 888 1392 tradita
919 1333 1010 1409 Spero
1024 1339 1124 1392 autem
1136 1330 1211 1407 quod

174 1421 256 1481 Deus
283 1427 344 1480 tam
368 1421 527 1481 ferventem
556 1422 749 1481 conversionis
776 1421 955 1480 voluntatem
986 1437 1045 1480 non
1071 1419 1211 1494 relinquat

172 1511 414 1568 irremuneratam.

511 1697 746 1759 CAPITULUM
766 1698 878 1758 XLIII.
985 1699 990 1706 “

260 1819 308 1878 De
329 1823 516 1880 convortam
537 1821 717 1880 Helewiadfs
739 1819 913 1879 Abbatisoae
933 1819 970 1878 de
990 1819 1128 1879 Porccto.
1243 1871 1246 1880 .

238 1958 443 2034 Laudabilem,
476 1961 534 2018 imo
563 1960 633 2019 satis
662 1958 837 2034 mirabilem,
873 1959 1005 2018 dominae
1039 1954 1212 2018 Helsvvindis
1272 1991 1273 2044 i

175 2046 349 2107 Abbatissae
378 2047 415 2106 de
441 2047 564 2106 Poreeto
597 2049 814 2106 conversionem
841 2047 894 2105 tibi
921 2045 1078 2122 replicabo.
1132 2043 1211 2102 Haeo
1272 2059 1273 2106 t

176 2149 241 2193 cum
263 2139 340 2194 esset
361 2139 390 2192 et
410 2132 505 2194 adhuc
527 2135 565 2192 sit
585 2131 706 2192 Amoldi
728 2130 869 2212 sculteti³)
891 2132 1051 2208 Aquensis,
1085 2132 1139 2190 viri
1157 2145 1210 2205 po·
1272 2133 1273 2138 ’

178 2223 262 2282 tentis
285 2220 445 2296 divitisque,
465 2220 533 2294 filis,
554 2222 596 2279 sic
618 2221 654 2279 ab
677 2222 792 2278 Ineunte
814 2226 908 2278 aetate
920 2221 1051 2280 fervebat
1063 2218 1127 2278 zelo
1142 2233 1209 2276 con·
1272 2211 1273 2292 f

175 2308 322 2381 versionis,
343 2314 377 2366 nt
396 2310 481 2366 matri
501 2307 663 2382 frequenter
685 2306 807 2366 diceret:
839 2306 942 2382 Mater,
964 2307 1009 2366 fac
1031 2322 1080 2365 me
1101 2304 1210 2363 monia-
1272 2339 1273 2342 =

175 2394 241 2452 lem.
284 2393 375 2452 Solita
392 2396 471 2453 enim
494 2400 555 2454 erat
577 2407 643 2453 eum
671 2400 764 2452 matre
795 2392 950 2452 ascendere
970 2392 1103 2451 Montem
1123 2388 1210 2450 saneti
1272 2407 1273 2414 ¹

176 2479 343 2554 Salvatoris,
363 2482 392 2538 in
413 2497 470 2555 quo
492 2487 560 2540 tunc
582 2480 718 2539 manebat
739 2489 898 2540 conventus
919 2476 1076 2558 sororumf)
1093 2477 1210 2537 dePor·
1272 2475 1273 2512 ³

178 2573 250 2626 ceto,
292 2566 350 2625 Dic
371 2567 496 2642 quadam
517 2585 569 2643 per
588 2567 743 2628 fenestram
775 2569 914 2642 coquinae
941 2567 1062 2625 latenter
1090 2569 1210 2634 intrans,
1272 2591 1273 2624 1

176 2653 371 2712 dormitorium
392 2654 538 2729 ascendit,
561 2661 590 2713 et
609 2655 723 2730 puellae
745 2654 893 2712 cuiusdam
915 2652 1055 2713 cucullam
1077 2651 1208 2719 induens,
1272 2655 1273 2666 ²

175 2757 242 2800 oum
264 2743 364 2799 ceteris
386 2741 503 2801 chorum
525 2743 649 2800 intravit.
693 2740 778 2816 Quod
801 2758 865 2799 curn
894 2743 977 2800 matri
1005 2741 1085 2799 abire
1106 2735 1210 2797 volenti

173 2844 226 2903 per
239 2826 427 2886 Abbatissam
446 2830 623 2902 innotuisset,
644 2827 693 2887 illa
714 2834 819 2903 putans
838 2829 935 2888 iocum
957 2843 1028 2902 esse,
1049 2822 1208 2901 respondit:

173 2915 286 2975 Vocate
314 2931 450 2990 puerum,
482 2921 594 2991 oportet
620 2931 674 2973 nos
701 2916 751 2974 ire.
793 2915 882 2974 Venit
906 2913 956 2974 illa
983 2915 1150 2973 intrinsecus
1171 2905 1208 2966 ad

174 3001 335 3076 fenestram,
358 3001 469 3062 dicens:
491 3001 625 3060 Monialis
647 3019 720 3075 sum,
741 3019 799 3060 non
820 3002 868 3060 ibo
890 3009 995 3062 tecum.
1028 3000 1124 3060 Mater
1140 3009 1206 3054 vero
1272 2989 1273 3000 ¹

173 3089 276 3148 timens
296 3090 438 3163 maritum,
459 3087 620 3165 respondit:
652 3087 743 3147 Modo
764 3094 877 3148 tantum
897 3090 998 3148 venias
1019 3104 1147 3158 mecum,
1180 3086 1207 3140 et

174 3191 228 3252 ego
249 3182 361 3250 patrem
388 3182 470 3234 tuum
501 3176 626 3252 rogabo,
658 3181 692 3233 nt
723 3182 752 3234 te
783 3175 870 3236 faciat
900 3173 1062 3236 monialem.
1104 3172 1206 3244 Sicque

175 3263 270 3322 exivit
312 3262 407 3322 Matre
428 3279 497 3322 vero
518 3269 640 3336 tacente,
663 3263 781 3338 contigit
792 3268 826 3320 ut
846 3265 949 3320 iterum
962 3267 1088 3320 montem
1106 3272 1204 3318 ascen-

174 3347 262 3423 daret,
282 3348 341 3408 filia
363 3348 527 3410 dormiente.
572 3348 653 3424 Quae
676 3366 742 3409 eum
764 3351 939 3423 surrexisset,
960 3355 1051 3408 matre
1071 3349 1102 3406 iu
1115 3341 1204 3404 eoele-
1272 3367 1273 3372 ¹

173 3437 217 3495 sia
238 3438 382 3511 quaesita,
416 3443 444 3495 et
464 3453 523 3495 non
543 3439 674 3510 inventa,
706 3438 736 3494 in
756 3443 854 3495 monte
877 3453 941 3495 eam
964 3452 1026 3494 esse
1048 3433 1204 3509 suspicans,

172 3529 271 3582 secuta
292 3527 336 3610 est
357 3521 426 3598 sola,
448 3529 477 3582 et
497 3541 548 3599 per
563 3519 583 3602 ⁵)
605 3522 782 3598 praedictam
803 3523 957 3583 fenestram
978 3524 1123 3598 ingressa,
1143 3530 1204 3573 rur·

190 3690 221 3758 1)
238 3687 257 3742 Ρ
275 3689 356 3742 loeo.
377 3719 407 3728 ——
427 3690 459 3757 2)
477 3699 509 3743 et
532 3706 573 3742 orn
591 3689 618 3741 P.
637 3719 669 3729 -
688 3690 720 3756 3)
739 3690 935 3744 scultetiorn
953 3690 986 3754 G;
1004 3682 1203 3742 monteilio,

239 3758 405 3825 Aquensis
431 3761 497 3811 viri
523 3761 668 3828 potentis
694 3759 880 3830 divitisque
906 3760 1004 3824 civis,
1034 3763 1089 3812 sic.
1116 3784 1145 3796 -
1172 3749 1202 3814 4)

240 3843 383 3880 sororum
401 3844 442 3882 om
460 3828 487 3882 0.
508 3857 538 3870 -
558 3829 589 3899 5)
606 3844 664 3896 per
681 3844 722 3882 om
740 3829 768 3885 G.
