2628 4310
421 307 477 368 DE
497 305 780 371 MORIENTIBUS.
1055 306 1117 368 311

85 429 152 492 sads
179 444 272 506 vaga,
301 434 331 488 et
356 427 443 491 valde
471 428 641 514 saecularis,
683 427 776 490 Nocte
802 425 928 516 quadam
953 427 984 486 in
1011 428 1120 489 somnis

85 521 149 578 ante
167 513 272 576 Christi
292 515 418 576 tribunal
437 522 519 593 rapta
542 522 595 591 est,
615 518 645 574 iu
667 518 748 577 cuius
769 517 889 576 circuitu
909 513 981 576 vidit
1000 514 1120 592 angelos

85 610 114 664 et
131 602 306 679 Apostolos,
326 608 468 680 martyres
489 608 519 663 et
539 602 713 678 reliquorum
733 601 866 662 ordinum
887 607 1003 662 sanctos
1023 601 1120 662 infini-

84 695 138 749 tos.
179 687 342 749 AnImabus
362 692 393 748 in
408 689 540 750 medium
562 681 707 765 deductis,
734 688 801 748 illae
822 687 861 748 ad
881 687 1017 764 gloriam,
1046 689 1120 748 istae

84 775 122 838 ad
148 775 289 853 supplicia
316 775 525 838 iudicabuntur.
570 775 699 852 Cumque
727 775 800 836 haec
828 773 932 834 ancilla
960 773 1072 835 videret
1091 780 1121 834 at

84 864 225 939 tremeret,
245 869 401 922 accusante
421 864 603 937 conscientia,
625 879 727 922 manus
747 861 912 938 suppliciter
932 859 971 921 ad
996 859 1121 920 indicem

84 949 211 1010 tetendit
261 948 350 1009 Cuius
361 945 380 1030 ¹)
407 949 456 1010 ille
484 952 624 1024 misertus,
645 951 700 1008 ait:
722 947 799 1024 Quid
811 965 858 1008 me
873 945 960 1008 oras?
988 945 1038 1008 Da
1052 947 1121 1006 mibi

84 1037 230 1096 minimum
252 1036 372 1113 digitum
393 1042 490 1112 tuum,
518 1042 547 1096 et
568 1053 622 1114 ego
645 1034 721 1096 dabo
743 1036 794 1095 tibi
815 1051 918 1096 manus
938 1051 1027 1094 meas.
1074 1033 1121 1094 Ac

83 1125 109 1184 si
128 1122 248 1183 diceret:
276 1122 326 1184 Da
353 1123 423 1182 mihi
451 1123 595 1184 modicam
621 1121 709 1182 fidem
737 1121 816 1198 quod
843 1127 872 1182 te
901 1120 938 1180 de
964 1121 1122 1182 tuis-vitiis

84 1209 227 1284 emendes,
248 1215 277 1270 et
298 1226 352 1286 ego
374 1210 427 1269 tibi
449 1208 524 1271 dabo
546 1211 669 1286 gratiam
690 1227 794 1268 meam.
836 1208 942 1284 Sicque
967 1206 1122 1284 erigilavit

85 1295 167 1374 Quae
196 1313 262 1356 cum
289 1299 384 1358 visum
412 1297 555 1358 retulisset
583 1294 698 1360 cuidam
725 1295 875 1372 religiosae
895 1301 1044 1354 matronas
1065 1309 1121 1354 no·

83 1385 161 1444 mine
181 1378 292 1458 Aleidi,
324 1401 399 1459 quae
420 1382 516 1443 adhuc
537 1389 682 1460 superest,
718 1382 754 1444 de
774 1381 844 1445 villa
866 1380 1042 1455 Guraenich,
1073 1397 1122 1440 re-

84 1469 199 1548 spondit
225 1469 291 1530 illa:
318 1469 428 1530 Misera
455 1470 577 1532 emenda
597 1473 688 1530 vitam
716 1476 819 1544 tuam,
854 1470 925 1528 satis
947 1469 1121 1528 commonita

85 1575 125 1618 es.
167 1555 222 1616 Illa
241 1558 365 1632 primum
386 1555 502 1632 quidem
523 1559 626 1631 timuit,
646 1555 698 1616 sed
719 1559 804 1616 timor
824 1555 900 1614 idem
923 1557 1006 1614 citiam
1022 1570 1122 1614 cessa-

83 1645 135 1703 vit
185 1641 315 1718 Cumque
346 1649 380 1703 ut
399 1645 478 1719 prius
499 1645 575 1702 vitiis
594 1645 720 1720 pristinis
740 1643 916 1717 subiaceret,
936 1640 1123 1701 admonitioni

84 1729 199 1806 flagella
219 1728 372 1790 adduntur.
413 1729 489 1789 Nam
511 1736 665 1810 cumpost
685 1732 839 1790 acerrimas
863 1727 1041 1789 infirmitates
1070 1743 1123 1787 ex·

84 1817 234 1894 spirasset,
257 1821 286 1876 et
312 1815 423 1876 nudata
442 1833 529 1892 super
555 1833 667 1890 aream,
694 1822 772 1875 tecta
800 1821 912 1876 tantum
938 1813 1123 1876 lintheamina

85 1905 179 1982 posita
199 1903 311 1978 finisset,
341 1901 398 1962 duo
420 1919 507 1962 canes
528 1908 595 1962 ante
616 1901 734 1962 domum
754 1905 784 1961 in
806 1902 885 1962 ouria
904 1917 937 1961 se
957 1899 1123 1962 momorde-

85 1995 152 2050 rrmt
166 1986 202 2070 ²).
242 1988 414 2065 Supervenit
434 1991 534 2048 tertius
555 1996 585 2048 et
613 1995 746 2064 quartus,
776 1985 879 2048 deinde
908 2004 1008 2048 omnes
1036 2003 1123 2047 canes

85 2074 189 2151 villae,
209 2077 259 2151 qui
281 2093 312 2136 se
333 2077 456 2136 inuicem
478 2074 634 2136 mordendo
643 2072 664 2156 ³)
687 2075 805 2135 domum
825 2077 978 2149 intrantes,
998 2073 1123 2134 linthea-

85 2178 153 2222 men
175 2164 386 2238 superpositum
407 2161 622 2238 abstrahentes,
650 2162 783 2228 dentibus
806 2163 866 2223 suis
887 2162 1122 2222 comminuerunt.

86 2247 144 2324 Qui
164 2250 214 2308 vix
235 2265 254 2308 a
274 2251 385 2308 rusticis
413 2248 535 2309 fustibus
557 2249 668 2326 expulsi
689 2255 764 2310 sunt.
808 2247 955 2310 Gadarene
976 2263 1046 2307 vero
1074 2263 1123 2308 se-

84 2334 185 2412 pulto,
214 2351 301 2394 canes
322 2333 413 2412 fugati
432 2334 584 2396 redeuntes
605 2353 691 2412 super
712 2337 774 2396 cius
801 2335 942 2394 tumulum
966 2336 1124 2410 interrupta

83 2421 164 2482 bella
183 2427 402 2482 renovaverunt.
444 2422 545 2482 Timeo
568 2424 643 2483 enim
668 2421 748 2498 quod
774 2425 871 2483 anima
896 2420 1042 2481 modicum
1067 2419 1124 2480 ha·-

83 2489 180 2569 buerit
200 2509 288 2584 pacis,
310 2509 383 2567 siem
396 2508 479 2568 multi
499 2512 676 2586 interpretati
696 2516 771 2570 suut
813 2509 851 2568 Et
872 2509 940 2584 quia
960 2507 1124 2568 huiusmodi

83 2595 217 2656 mulieres
239 2611 328 2670 saepe
350 2598 467 2672 magicis
488 2598 623 2656 insistunt
642 2597 761 2672 artibus,
782 2603 815 2656 ut
835 2595 1032 2657 vehementius
1052 2610 1123 2670 pos·

83 2683 143 2742 sint
163 2684 263 2760 amari,
284 2687 385 2744 contra
404 2683 480 2744 idem
502 2686 603 2744 vitium
623 2687 694 2752 satis
715 2683 888 2745 horrendum
910 2683 963 2743 tibi
982 2681 1124 2760 proferam

85 2769 259 2846 exemplum.

353 2925 355 2928 ·
441 2924 688 2990 carmunuu.
704 2927 772 2988 nx.
848 2883 854 2894 ’

184 3046 233 3106 De
254 3045 377 3105 muliere
397 3065 489 3123 mapa
511 3067 604 3126 quom
626 3050 783 3108 demones
806 3030 1034 3125 transferebant

152 3167 187 3226 In
207 3166 301 3228 Haslo
322 3167 392 3228 villa
402 3169 552 3231 Diocaesis
567 3171 765 3246 Traiectensis,
784 3170 892 3231 demina
913 3164 1055 3245 quaedam
1067 3167 1125 3227 mi·

83 3271 152 3314 sera
173 3253 219 3314 die
241 3251 367 3330 quadam
387 3255 477 3332 pedes
508 3275 577 3318 suos
605 3257 681 3335 pelvi
702 3260 865 3334 imponens,
895 3263 924 3316 et
945 3260 1026 3316 extra
1046 3253 1126 3313 illam

84 3347 243 3425 retrorsum
261 3339 384 3418 saltans,
412 3344 454 3403 sic
476 3347 531 3403 ait:
551 3344 609 3404 Hic
631 3345 705 3405 salto
727 3344 763 3404 de
784 3347 927 3421 potestate
941 3342 997 3402 Dei
1018 3343 1048 3400 in
1068 3357 1125 3417 po-

84 3432 222 3488 testatem
236 3427 352 3488 diaboli.
374 3429 469 3506 Quam
492 3431 624 3492 diabolus
646 3449 713 3490 mox
726 3435 849 3507 rapiens,
871 3436 901 3490 et
921 3432 951 3489 in
972 3445 1041 3488 aera
1058 3445 1126 3486 sus·

84 3513 200 3590 tollens,
221 3513 317 3574 multis
339 3518 389 3592 qui
410 3521 519 3576 eraut
511 3537 552 3578 ιιι
560 3518 630 3578 villa
651 3520 712 3577 sive
734 3524 814 3578 extra
834 3515 933 3578 villam
953 3514 1126 3589 videntibus,

84 3602 163 3662 ultra
185 3600 350 3662 altitudines
371 3620 520 3663 nemorum
542 3604 700 3679 transtulit,
725 3608 767 3664 ita
787 3611 820 3663 ut
845 3621 937 3681 usque
959 3605 987 3661 in
1008 3600 1126 3661 hodier-

84 3706 158 3749 num
180 3687 255 3749 diem
276 3706 422 3767 nusquam
443 3699 629 3769 compareret
672 3691 755 3752 Haec
776 3691 846 3750 mihi
867 3690 903 3750 de
925 3689 1000 3750 male
1021 3688 1126 3748 viven-

104 3805 349 3928 l)l{ecnxggndit.
369 3806 487 3861 Cui.-
502 3807 896 3878 2JEnromordebantae-
864 3805 974 3875 —e)1i
992 3817 1126 3866 mernor·
