2564 4306
193 297 254 356 362
461 295 689 359 Dlsrmoruo
713 296 955 361 DUODEGIMA

512 452 744 516 cacumen
763 452 908 536 svnrr)

332 533 380 635 Dc
400 581 504 636 sancto
525 575 627 636 Maria
649 593 726 653 quac
748 576 874 638 obtinuit
894 596 933 638 nc
954 577 1075 654 cupales

541 663 668 722 amado
695 663 871 724 benamu.

253 766 287 824 In
317 765 476 826 claravalle
505 766 639 826 sacerdos
675 766 791 842 quidam
820 773 865 827 est
891 765 1060 828 Wilhelmus
1091 769 1219 844 nomine,

189 855 269 914 cuius
303 855 476 912 mentionem
501 853 555 912 feci
583 855 612 912 in
642 853 821 914 distinctione
855 859 960 914 octava
993 854 1115 930 capitrdo
1144 872 1219 931 qua-

189 940 349 1017 dragesimo
377 955 462 998 nono.
511 939 588 1000 Huic
616 940 751 1000 divinitus
784 939 875 1000 multa
910 940 1079 1002 revelantur.
1132 939 1218 1002 Anno

187 1027 327 1102 siquidem
348 1027 499 1101 praesenti,
520 1044 585 1086 curn
607 1029 635 1085 in
658 1030 785 1087 oratione
807 1032 903 1101 staret,
924 1027 1016 1087 factus
1027 1027 1044 1108 ¹)
1065 1029 1094 1086 in
1117 1045 1218 1089 exces-

186 1133 221 1174 su
235 1116 346 1189 mentis,
369 1119 469 1190 raptus
481 1120 524 1172 est
536 1113 574 1174 ad
595 1114 718 1173 tribunal
741 1113 844 1173 Christi
852 1111 883 1193 ²).
915 1113 963 1173 Ad
978 1116 1057 1174 culus
1072 1114 1218 1175 dexteram

186 1201 319 1278 angelum
348 1217 413 1259 cum
442 1201 513 1259 tuba
541 1207 616 1260 stare
645 1202 800 1276 conspexit.
856 1201 949 1276 Quem
979 1201 1106 1260 Christus
1141 1201 1218 1262 clara

186 1305 258 1349 voce
281 1287 533 1348 cunctis'coelcstis
546 1289 655 1362 patriae
677 1288 848 1347 exercitibus
869 1286 1060 1368 audientibus,
1081 1290 1122 1347 sic
1143 1287 1216 1348 allo-

186 1382 268 1436 cutus
290 1381 347 1434 est:
368 1372 504 1432 Buccina.
553 1373 638 1449 Quod
667 1392 733 1433 cum
761 1374 868 1433 lactum
895 1374 1007 1448 luisset,
1034 1381 1094 1433 tarn
1121 1375 1219 1435 valida

186 1467 246 1522 erat
267 1479 323 1521 vox
346 1459 472 1520 eiusdem
497 1461 599 1534 tubae,
628 1467 660 1520 ut
688 1467 765 1519 totus
794 1459 917 1519 mundus
947 1462 1029 1536 quasi
1055 1460 1153 1520 folium
1182 1463 1218 1524 de

185 1549 286 1610 arbore
313 1553 433 1606 tremere
455 1546 605 1606 videretur.
648 1547 788 1608 Caicum
812 1547 938 1606 secundo
961 1547 1075 1622 diceret,
1096 1548 1219 1609 buccina

184 1635 279 1695 adhuc
300 1633 402 1708 semel,
429 1640 520 1693 mater
541 1634 749 1695 misericordiae
771 1634 861 1711 Virgo
883 1634 991 1709 Maria,
1018 1636 1111 1694 scians
1131 1652 1218 1696 mun·

184 1721 252 1782 dum
274 1723 298 1782 si
320 1720 412 1779 denuo
434 1721 600 1780 buccinaret
621 1723 826 1796 consummari,
854 1723 956 1780 ceteris
984 1723 1088 1780 sanctis
1115 1727 1218 1782 tacen-

183 1810 274 1883 tibus,
302 1823 421 1884 surgens
446 1807 483 1867 ad
504 1807 592 1883 pedes
621 1807 670 1866 filil
691 1807 827 1884 procidit,
856 1813 886 1867 et
910 1813 944 1868 ut
969 1810 1138 1868 sententiam
1154 1810 1219 1870 dil-

109 1941 112 1948 .
181 1897 280 1968 ferret,
307 1893 472 1969 mundoque
494 1901 637 1970 parceret,
666 1910 732 1954 cum
753 1896 887 1954 distantia
915 1893 1005 1954 multa
1032 1894 1215 1970 supplicavit

183 1983 236 2043 Oui
257 1981 386 2041 Christus
408 1981 566 2056 respondit:
595 1980 704 2054 Mater,
731 1980 856 2040 mundus
876 1983 905 2040 in
926 1988 986 2041 tam
1007 1981 1132 2058 maligno
1154 1984 1214 2043 iam

180 2073 291 2147 positus
312 2065 400 2144 est¹),
429 2069 518 2127 etsie
541 2067 666 2143 qnotidie
688 2083 733 2128 me
754 2071 813 2128 suis
834 2070 960 2144 peccatis
980 2070 1083 2143 irritat,
1109 2075 1143 2127 ut
1165 2070 1214 2130 vel

180 2158 350 2218 sententiam
363 2154 544 2230 suspendere,
566 2153 613 2214 vel
626 2154 733 2213 homini
746 2171 862 2230 parcere
879 2157 979 2214 merito
1000 2171 1058 2214 non
1079 2155 1213 2216 debeam.
1279 2185 1280 2257 p

179 2245 245 2305 Non
267 2242 359 2302 solum
380 2241 444 2300 laici
466 2240 517 2300 sed
539 2239 596 2318 et‘)
627 2240 721 2300 clerici
743 2247 771 2300 et
793 2240 927 2300 monachi
947 2243 1009 2300 vias
1030 2259 1098 2300 suas
1125 2260 1213 2318 pror·

179 2349 229 2391 sus
252 2333 445 2403 corruperunt,
467 2333 495 2386 et
515 2327 611 2387 me'de
633 2327 678 2387 die
696 2330 725 2386 in
747 2328 822 2388 diem
844 2327 999 2387 offendunt.
1042 2327 1125 2388 Tunc
1146 2331 1211 2390 illa:

179 2418 270 2478 Parce
292 2415 394 2475 dilecte
415 2413 454 2472 fili
476 2417 530 2489 mi,
558 2411 683 2494 parca⁵),
704 2421 733 2474 ct
754 2417 777 2474 si
799 2431 857 2474 non
879 2421 995 2490 propter
1014 2414 1085 2490 illos,
1106 2415 1211 2476 saltem

177 2509 294 2581 propter
321 2504 428 2563 amicos
457 2519 552 2576 meos,
582 2517 718 2577 personas
746 2501 851 2562 ordinis
881 2501 1088 2576 cisterciensis,
1116 2509 1151 2561 ut
1179 2520 1211 2563 se
1276 2513 1277 2608 p

178 2595 356 2668 praeparent.
405 2587 536 2647 Abbates
564 2589 652 2647 nostri
680 2588 735 2648 hoc
762 2605 837 2648 anno
867 2588 902 2647 de
924 2586 1056 2664 capitulo
1083 2591 1212 2665 generali

178 2683 370 2750 revertentes,
391 2675 474 2733 nobis
494 2676 550 2733 ista
570 2675 732 2734 retulerunt
775 2673 975 2734 NOVIGIUS:
1004 2674 1153 2752 Quantum
1174 2693 1211 2735 ex

178 2766 233 2825 hac
254 2766 362 2824 visione
385 2761 496 2837 colligo,
517 2760 602 2821 valde
623 2760 705 2820 malis
727 2761 1002 2837 predestinatorum
1025 2760 1211 2823 cohabitatio.

178 2849 413 2912 MONACHUS:
442 2848 473 2908 Si
495 2847 594 2907 decem
615 2849 681 2907 iusti
701 2848 869 2908 fuissentin
889 2847 1037 2924 Sodomis,
1064 2848 1210 2910 Dominus

178 2937 351 2998 multitudini
378 2936 561 3011 pepercisset.
609 2933 810 2996 NOVIOIUS:
839 2936 920 2995 Visio
949 2935 1021 2995 haec
1053 2937 1212 2996 concordat

176 3023 312 3084 miraculo
335 3022 450 3099 capituli
471 3021 736 3098 secundiseptimac
758 3022 951 3096 distinctionis,
973 3022 1023 3081 ubi
1042 3024 1139 3099 imago
1154 3024 1211 3083 Dei

177 3111 328 3172 Genitricis
349 3109 467 3168 sudasse
486 3109 586 3168 dicitur
607 3111 706 3168 timore
728 3109 899 3168 imminentis
918 3108 1022 3168 iudicii.
1071 3108 1209 3170 MONA·

176 3197 294 3258 OHUS:
316 3196 403 3255 Diem
423 3195 518 3254 iudicii
540 3212 603 3255 csse
624 3197 652 3254 in
673 3197 773 3270 ianuis,
795 3203 982 3254 terraemotus
1003 3212 1055 3271 per
1074 3194 1157 3271 loca,
1179 3203 1211 3257 et

174 3285 231 3346 alia
252 3286 334 3360 signa
355 3281 390 3341 de
412 3283 515 3357 quibus
537 3299 622 3357 supra
644 3281 751 3341 dictum
773 3288 817 3341 est
838 3282 992 3343 declarant.
1033 3281 1093 3343 Sed
1119 3283 1209 3343 valde

174 3371 344 3444 consoletur,
366 3368 443 3444 quod
461 3367 593 3428 Salvator
613 3368 657 3428 his
679 3369 739 3428 fieri
759 3370 967 3444 incipientibus,
989 3371 1079 3428 iustos
1100 3369 1209 3429 admo-

173 3468 223 3520 net
245 3458 355 3517 diccns:
385 3455 496 3515 Lcoota
517 3459 616 3530 capito
645 3463 757 3528 oestro,
786 3455 816 3513 id
845 3463 889 3515 cst
918 3455 1073 3531 exhilarate
1102 3455 1209 3531 corda,

173 3551 245 3624 quio
267 3547 486 3620 appropinquat
506 3542 665 3616 redemptio
687 3539 824 3619 uestram).

189 3664 223 3733 a)
240 3661 327 3716 llomil.
346 3659 386 3711 lll.
405 3677 429 3726 p.
449 3660 490 3710 24.
510 3689 541 3698 -
562 3659 592 3724 1)
611 3657 631 3711 C
649 3659 758 3710 lactus
777 3667 832 3710 est.
848 3689 877 3698 —
892 3659 924 3726 2)
942 3658 1007 3711 aori
1025 3659 1208 3712 Domini.-

156 3759 160 3769 ·
242 3733 273 3800 3)
290 3730 379 3782 lehun.
398 3730 417 3791 l,
436 3732 460 3789 5,
479 3729 519 3779 19.
538 3727 624 3781 auur
642 3729 781 3797 maligno
800 3737 889 3780 statu
905 3729 964 3780 iarn
982 3733 1115 3796 positus
1140 3738 1207 3796 est,

242 3802 261 3853 l)
291 3800 430 3866 maligno
455 3801 513 3848 iam
537 3800 664 3864 positus
688 3808 737 3850 est
761 3807 854 3849 statu.
874 3829 905 3839 -
924 3799 955 3866 4)
974 3799 992 3849 Ρ
1010 3799 1066 3850 sed
1088 3801 1207 3864 ctiam,

240 3870 260 3922 E
279 3869 333 3920 scd
352 3875 383 3919 et
401 3869 503 3918 etiam.
524 3897 554 3906 —
574 3867 605 3944 5)
624 3883 719 3934 parce
739 3867 788 3918 add
807 3868 834 3920 Β.
856 3899 886 3908 -
905 3869 937 3936 6)
955 3869 1012 3920 buc.
1030 3869 1073 3932 21,
1089 3869 1133 3922 28.
