2594 4302
466 231 522 294 DE
547 230 774 295 MIRAGULIS.
1076 235 1138 293 223

99 350 230 428 spondit,
262 354 331 430 quia
350 353 442 414 virtus
456 353 531 415 'fidei
556 357 615 415 iam
635 355 716 416 illum
738 354 837 415 abusa
857 353 972 414 iomace
994 352 1140 414 eduxerat

98 438 146 499 Do
167 456 219 516 spe
240 442 276 498 iu·
293 441 487 516 superioribus
508 443 600 502 multa
621 442 699 510 dicta
719 448 801 519 sunt,
833 442 968 502 virtutem
997 457 1067 502 vero
1088 457 1141 504 ca-

98 528 190 586 nitatis
210 529 361 603 sequentia
381 527 577 590 declarabunt.

452 717 686 780 CAPITULUM
703 719 787 780 VIII.

149 839 197 900 Dc
218 827 334 900 Abiere
355 844 408 918 qui
427 844 460 901 in
481 845 606 901 cantate
628 860 647 900 c
672 842 819 900 monacho
840 858 896 901 sco
919 841 1090 902 admonitus

488 945 593 988 carnes
622 929 753 988 comedit.

163 1047 267 1108 Abbas
279 1048 398 1125 quidam·
409 1049 516 1109 ordinis
538 1051 627 1109 nostri
648 1049 791 1110 monacho
813 1066 866 1109 suo
888 1048 1002 1108 infirmo
1014 1044 1032 1128 ¹)
1053 1064 1140 1125 prac-

97 1131 204 1216 sapiu)
233 1153 334 1196 carnes
360 1131 547 1198 manducare.
586 1135 639 1197 Ille
667 1153 736 1196 mox
764 1136 902 1196 obodicns
928 1135 997 1195 licet
1021 1137 1141 1210 invitus,

96 1220 209 1282 Abbati
230 1222 378 1299 respondit
399 1224 510 1284 dicens:
532 1223 571 1282 Et
592 1239 646 1300 ogo
668 1240 722 1283 vos
743 1239 814 1300 rogo
835 1225 864 1282 in
886 1225 1004 1283 caritate
1026 1221 1141 1296 eadem,

96 1315 131 1370 ut
170 1325 285 1370 mecum
322 1309 385 1370 illas
422 1309 588 1370 comedatis.
642 1309 700 1387 Qui
735 1313 831 1370 statim
867 1308 1032 1386 deprecanti
1070 1325 1141 1370 oon-

96 1397 224 1456 acntieus
255 1395 374 1474 resedit3
407 1397 572 1480 morsellum
604 1395 641 1456 de
672 1396 795 1457 scutella
825 1393 991 1476 monachi³)
1020 1395 1085 1454 tulit
1113 1402 1142 1456 et

98 1480 233 1542 comedit
274 1481 413 1559 Sequenti
428 1483 473 1543 die
486 1487 511 1544 si
526 1481 601 1544 bane
621 1486 738 1543 memini
758 1486 789 1542 iu
810 1484 960 1544 ecelesiam
981 1483 1033 1542 ubi
1053 1482 1140 1542 homo

43 1637 45 1642 ,
98 1567 216 1645 quidam
245 1569 436 1630 adaemonio
456 1571 617 1630 vexabatur
645 1569 768 1630 devenit.
810 1570 941 1648 Rogatus
970 1588 990 1629 a
1017 1572 1141 1630 circum·

98 1655 240 1716 stantibus
269 1662 302 1716 ut
331 1656 501 1716 daemonem
523 1656 683 1732 adiutaret,
711 1652 769 1738 ἔῃ)
791 1655 865 1718 haec
886 1658 976 1717 verba
997 1658 1140 1734 prorupit:

97 1740 210 1802 Adiuro
251 1749 282 1803 ta
320 1743 467 1804 immunde
503 1745 619 1820 spiritus
653 1747 684 1802 in
712 1741 778 1824 θα)
812 1747 930 1804 caritate
965 1762 1024 1821 qua
1048 1743 1164 1821 pridie·

97 1835 216 1906 propter
243 1830 418 1892 monaahum
446 1848 543 1890 meum
573 1847 674 1890 carues
704 1831 830 1906 comedi,
862 1836 1002 1892 utcxeas
1024 1830 1141 1892 abhoc

97 1916 224 1975 homino.
267 1915 326 1994 Qui
354 1934 422 1978 mox
451 1917 488 1976 ad
517 1917 594 1977 idem
620 1918 742 1977 verbum
771 1911 867 1996 exiit⁶)
898 1924 926 1976 et
946 1918 1034 1994 fugit,
1060 1934 1095 1977 ao
1116 1920 1142 1976 si

98 2005 224 2063 caritatis
243 2003 407 2064 incendium
425 2005 542 2064 sufferre
563 2020 621 2062 non
641 2010 750 2080 posset.
780 2004 930 2081 ¹Quantum
950 2004 1016 2064 Deo
1038 2006 1141 2064 caritas

97 2089 278 2168 placeatur
300 2093 370 2152 vitio
392 2090 603 2152 inobedientiae
623 2091 736 2168 plenius
758 2090 925 2152 ostenditur.

458 2216 698 2326 orrmunurr'
723 2264 781 2326 rx.

127 2386 176 2448 Dc
195 2389 343 2449 monacho
365 2390 559 2466 quibusdem
578 2387 724 2465 foetidum
745 2391 840 2463 coepit
860 2387 1019 2462 comedere,
1041 2404 1109 2448 cum

210 2475 343 2536 ,Abbati
363 2493 420 2536 suo
443 2474 561 2536 obedire
581 2475 673 2542 nollet
695 2473 738 2533 ad
758 2492 840 2534 ceum
867 2477 1013 2534 earnium.

160 2593 249 2655 Alius·
274 2595 393 2672 quidam
414 2595 518 2657 Abbas
548 2613 614 2657 eum
640 2595 761 2656 haberet
786 2594 962 2655 monachum
981 2594 1142 2654 infirmum,

93 2687 128 2741 ut
150 2681 190 2741 ad
207 2685 454 2759 recuperationem
475 2685 579 2743 virium
601 2700 702 2744 carnes
724 2683 888 2744 comederet
908 2685 1069 2759 praecopitq
1090 2681 1144 2742 sed

94 2767 144 2828 ille
176 2771 308 2843 pertinax
335 2771 436 2846 nimis,
470 2772 658 2848 praecipienti
685 2787 744 2830 non
773 2770 926 2845 acquievit
976 2768 1017 2829 Ut
1044 2775 1143 2830 autem

94 2854 239 2913 Dominus
249 2850 269 2934 ²)
292 2855 455 2920 ostenderet
475 2857 622 2918 meliorem
645 2873 709 2916 essa
731 2857 935 2930 obedientiam,
958 2873 1046 2931 quam
1068 2855 1143 2916 stul-

95 2947 191 3000 torum
203 2936 375 3021 victimos⁸),
395 2941 562 3002 inobediens
590 2943 750 3004 monachus
769 2960 837 3004 mox
861 2945 890 3002 in
912 2943 1022 3002 rabiem
1043 2957 1144 3002 versus

94 3029 126 3087 iu
154 3044 257 3105 agrum
286 3030 425 3103 cucurrit,
452 3029 503 3088 ubi
524 3046 627 3089 eunom
647 3035 793 3090 mortuum
814 3025 1008 3109 offenderim),
1042 3043 1144 3089 camos
1218 3089 1219 3092 ,

95 3116 157 3176 eius
186 3114 327 3174 foetentes
354 3114 519 3176 avidissime
548 3114 699 3177 comedere
730 3119 832 3193 coepit
875 3115 914 3176 Et
937 3107 1006 3191 quia
1026 3117 1056 3176 in
1078 3132 1144 3178 car·

94 3198 181 3262 nibus
203 3203 348 3278 peccavit,
382 3202 412 3260 iu
440 3201 574 3262 carnibus
595 3204 711 3279 punitus
734 3209 786 3262 est.
829 3202 905 3280 Quid
927 3208 1029 3279 postea
1050 3201 1087 3263 do
1108 3218 1143 3263 eo

94 3294 194 3350 actum
216 3290 253 3347 sit
273 3289 383 3364 ignoro.
418 3287 501 3348 Haeo
531 3288 589 3349 duo
610 3288 749 3348 miracula
770 3289 839 3349 mihi
860 3291 987 3349 narravit
1007 3291 1143 3367 magister

93 3374 246 3436 iohannes
266 3374 405 3436 Deoanus
425 3375 581 3452 Aquensis,
606 3392 739 3435 asserens
762 3376 817 3435 sibi
837 3375 887 3436 illa
907 3377 1047 3436 veraciter
1067 3377 1143 3437 rcci-

94 3469 166 3524 tata.
207 3460 339 3522 Audiant
352 3461 424 3523 haec
438 3459 470 3543 ¹⁰)
491 3461 626 3522 monachi
644 3468 674 3522 ot
687 3462 832 3538 obediant,
852 3479 948 3539 neque
963 3462 1141 3524 inconditam

115 3600 147 3672 1)
164 3596 294 3652 infirmo
312 3612 353 3650 om
372 3595 401 3650 G.
421 3625 453 3638 -
472 3597 504 3661 2)
522 3595 566 3650 ΒΕ
584 3594 635 3648 add
657 3597 689 3648 iu
715 3598 869 3681 caritatc.
889 3627 920 3637 -
941 3597 972 3718 3)
990 3597 1142 3671 monachi

165 3666 307 3720 om'dDE.
337 3695 368 3708 -
397 3667 432 3734 4)
457 3666 525 3720 ΔΒΕ
550 3675 584 3719 ut
614 3681 682 3718 eum
712 3664 899 3728 adrurnrut,
927 3668 949 3719 Α
977 3666 1034 3720 bas
1063 3681 1140 3720 vero

165 3738 204 3788 in.
224 3765 255 3777 -
275 3735 308 3804 5)
326 3734 367 3788 GP
392 3735 460 3788 bar.
480 3765 511 3778 -
531 3735 622 3802 opu?
644 3735 760 3790 exivit.
780 3765 812 3778 -
832 3736 864 3804 7)
882 3735 922 3788 BP
944 3735 1037 3790 bour.
1055 3765 1089 3778 -
1107 3737 1145 3806 8).

165 3804 263 3860 Ecclcs.
280 3806 307 3873 d,
326 3806 368 3859 17.
387 3835 418 3848 -
438 3805 471 3877 9)
488 3804 551 3860 DEP
568 3805 755 3860 turonicus.
774 3836 806 3846 -
826 3805 875 3874 10)
894 3803 915 3859 C
932 3804 999 3859 boc.
