2664 4308
163 297 224 356 sus
482 293 711 358 orsnmomo
740 296 874 390 sunna

161 415 310 492 omnibus,
335 415 412 492 quod
432 419 473 495 is,
502 436 588 494 quem
616 419 663 479 ille
685 421 798 495 iniquus
814 416 830 500 ¹)
852 421 1025 496 impetierat,
1059 425 1135 478 esset
1155 421 1200 479 vir

164 502 284 578 simplex
306 510 335 562 ct
355 504 457 581 bouus,
477 505 564 564 iudex
582 506 736 582 prudenter
756 523 853 584 agens,
873 507 936 565 fure
957 507 1084 580 absente,
1105 507 1200 564 omni-

161 608 212 649 um
240 607 378 666 equorum
407 590 492 652 sellas
514 600 543 652 st
563 593 643 653 frena
665 593 783 670 deponi,
812 595 910 669 sicque
932 609 982 653 coe
1002 595 1032 651 in
1053 591 1200 652 stabulum

164 675 230 736 duci
251 681 404 753 praecepit.
447 679 512 755 Quo
541 679 633 756 facto,
664 680 734 738 dixit
761 680 799 739 ad
826 680 932 739 turem:
959 679 1039 738 Intra
1068 685 1097 739 et
1125 679 1199 739 educ

162 779 268 839 equum
289 761 385 823 tuum?
420 765 542 826 Intravit
561 766 624 841 illc,
657 774 687 826 et
713 767 833 826 adduxit
861 783 967 842 equum
988 763 1114 846 loras2),
1139 783 1199 826 non

160 856 258 910 tamen
289 850 384 926 illum,
416 869 502 927 quem
530 855 559 911 in
589 859 674 929 porta
703 854 757 912 sibi
786 854 896 930 (luerat
925 853 1012 913 tuisse
1044 852 1198 912 sublemm

160 937 226 996 Non
258 940 334 998 enim
361 939 445 1014 plene
473 945 542 1000 tunc
571 957 638 1000 eum
667 939 903 1001 consideraverat.
953 940 1035 1000 Tunc
1064 941 1199 1000 omnibus

159 1024 326 1099 ridentibus,
348 1033 377 1085 et
398 1028 479 1085 cuius
501 1044 592 1102 equus
607 1032 682 1087 esset
701 1033 852 1102 extractus,
873 1027 960 1086 iudici
981 1027 1199 1102 exponentibus,

160 1109 277 1172 dolosus
297 1110 345 1170 ills
367 1113 495 1188 patibulo
514 1131 659 1189 appensus
680 1120 732 1174 est.
775 1113 865 1174 Vides
885 1131 962 1174 nunc
979 1113 1103 1189 qualiter
1115 1113 1199 1174 Deus

159 1200 188 1258 iu
210 1197 389 1274 simplicitate
411 1199 590 1260 ambulantes
611 1207 759 1278 protegat,
788 1208 817 1260 et
844 1201 918 1261 mele
947 1206 1057 1260 astutos
1077 1198 1199 1276 puniat?

158 1283 363 1346 NOVIOIUS:
384 1286 531 1346 Recordor
542 1295 570 1346 tc
585 1289 714 1363 superius
731 1287 845 1362 dixisse,
864 1305 989 1364 poenam
1002 1289 1113 1363 peccati
1133 1303 1200 1347 esse

160 1372 274 1432 aDeo.
316 1371 550 1433 MONAOHUS:
579 1373 664 1450 Quod
685 1393 704 1434 a
724 1374 789 1434 Deo
812 1377 849 1434 eit
870 1377 961 1434 omnis
989 1390 1084 1450 poena
1095 1369 1131 1453 ³),
1150 1379 1198 1434 te-

160 1460 211 1518 stis
240 1466 284 1519 est
304 1457 395 1519 Amos
423 1461 569 1536 Propheta
598 1460 710 1520 diceus:
745 1462 778 1520 St
800 1465 854 1520 crit
875 1463 989 1520 malum
1011 1465 1044 1520 ia
1064 1464 1198 1534 civitate,

90 1559 95 1578 ·
160 1547 243 1622 quod
254 1547 403 1606 Dominus
424 1543 650 1624 confecerit⁴)?
681 1549 755 1607 Item
768 1541 910 1607 Dominus
924 1547 1108 1623 perIssiom:
1129 1547 1200 1622 Epo

159 1631 324 1705 Dominus,
347 1632 485 1708 formans
507 1635 601 1692 lucem
623 1643 651 1694 et
672 1653 775 1694 creans
798 1633 939 1716 tenebras,
960 1635 1074 1711 foetens
1089 1647 1200 1709 pacem

161 1725 189 1778 et
211 1737 314 1778 creans
334 1718 493 1792 matumr).
535 1720 646 1791 Melum
668 1721 736 1780 dicit
756 1739 879 1797 poenam
902 1726 930 1780 et
946 1716 1200 1800 tribulationem⁵),

160 1823 235 1881 quae
255 1805 428 1881 patientibus
449 1807 582 1867 videntur
602 1808 694 1884 mab,
715 1808 783 1868 licet
803 1810 832 1866 in
853 1825 884 1869 ss
906 1811 963 1869 sint
983 1808 1076 1883 bona,
1096 1813 1200 1884 utpote

158 1891 216 1952 Dei
244 1900 383 1956 creatura.
428 1894 513 1971 Quod
534 1901 631 1955 antem
659 1895 763 1955 aDso
797 1897 834 1955 sit
861 1897 974 1971 pseusti
1004 1911 1114 1972 poena,
1144 1895 1200 1956 tibi

160 1979 386 2056 exemplificebo.

488 2136 721 2199 CAPITULUM
751 2139 869 2199 XXVI.

159 2260 207 2319 De
227 2259 390 2336 Bertolpbo
406 2261 551 2319 Palatino
573 2261 609 2320 de
638 2243 856 2335 vusstltseoaet,
878 2263 927 2320 cui
947 2262 1087 2320 dotatis-s
1101 2278 1200 2336 pcae-

94 2415 97 2421 ,
181 2354 297 2423 ceptum
319 2354 369 2419 set,
390 2354 427 2406 ut
447 2348 593 2406 bominem
601 2351 703 2424 primo
725 2347 780 2406 sibi
795 2347 961 2407 obviantem
980 2347 1176 2423 suspenderet.

223 2467 397 2545 Bertolphns
425 2468 572 2528 Palatinus
601 2469 637 2528 de
669 2467 878 2530 Wittillinbech
907 2468 995 2528 iudex
1024 2476 1085 2529 eret
1111 2485 1203 2529 seve·-

160 2555 295 2630 rissimus,
316 2558 356 2614 ita
377 2561 411 2614 ut
427 2556 537 2614 furibus
560 2558 647 2616 etiem
667 2573 718 2632 pro
745 2556 849 2616 damno
871 2558 956 2616 nnius
978 2557 1056 2616 obuli
1066 2551 1085 2635 τ)
1107 2557 1202 2615 vitem

159 2641 292 2701 auferret.
334 2642 373 2700 Et
394 2644 467 2702 sicut
488 2660 507 2701 a
529 2642 654 2717 quodam
676 2641 793 2702 Abbate
815 2641 927 2717 audivi,
949 2646 1080 2719 quotiens
1102 2644 1202 2719 exivit,

158 2727 279 2804 laqueos
301 2728 415 2805 cingulo
445 2746 497 2788 suo
520 2729 669 2806 appendit,
697 2747 734 2788 ne
755 2747 869 2790 reorum
896 2747 992 2806 poena
1014 2729 1202 2806 caperetdi-

158 2814 303 2890 letiorem.
345 2815 401 2874 Die
431 2816 556 2891 quadam
587 2833 673 2876 mene
694 2833 829 2893 surgens,
863 2823 891 2876 st
918 2816 1054 2894 laqueum
1083 2815 1201 2892 cingulo

159 2919 213 2961 suo
235 2902 319 2962 solito
341 2902 523 2977 subnectens,
544 2903 707 2963 huiusmodi
721 2920 824 2963 vocem
841 2905 874 2962 in
895 2921 960 2963 cere
976 2902 1100 2963 audivit:
1121 2904 1202 2962 Bsr-

158 2989 271 3066 tolphe,
294 2992 455 3066 quicunque
476 2991 527 3049 tibi
550 3007 664 3066 egresso
687 2990 722 3049 dc
745 2995 838 3050 castro
861 2997 911 3051 tuo
933 2993 1041 3066 primus
1063 3006 1202 3050 occurre-

158 3077 202 3152 rit,
221 3076 278 3136 hoc
299 3077 403 3153 laqueo
425 3094 491 3136 eum
517 3077 684 3154 suspendas.
728 3076 784 3153 Qui
804 3093 906 3137 vocem
927 3095 980 3153 pro
1003 3079 1096 3137 omine
1117 3079 1202 3137 acci-

158 3165 249 3240 piens,
270 3181 337 3222 mox
359 3171 391 3223 ut
413 3181 545 3242 egressus
568 3170 619 3239 est,
642 3167 765 3224 occurrit
786 3165 813 3224 ei
834 3163 951 3239 quidam
968 3163 1105 3223 scultetus
1126 3181 1202 3225 suus

158 3253 259 3326 primo.
302 3251 367 3327 Quo
389 3254 461 3326 viso,
483 3269 549 3311 cum
570 3254 639 3310 setis
662 3250 782 3326 doleret,
806 3267 840 3310 eo
863 3248 940 3326 qu'od
962 3251 1108 3311 hominem
1129 3249 1201 3309 dili-

158 3342 252 3415 geret,
285 3337 399 3398 dicebat
425 3338 481 3398 illi:
512 3338 606 3399 Doleo
640 3338 676 3398 de
705 3355 826 3399 occursu
856 3343 915 3398 tuo.
959 3335 1077 3414 Quare?
1121 3335 1202 3414 Quia

177 3524 208 3592 1)
226 3525 361 3591 iniquus
379 3523 428 3576 add
446 3523 501 3587 1303
524 3539 582 3576 mox
600 3540 631 3592 pr
648 3524 671 3577 Α
694 3523 900 3591 impetiebat,
923 3523 984 3576 (llll’
1007 3522 1200 3590 impetebat.

229 3623 259 3635 -
279 3592 371 3660 aJ'Bc
388 3603 420 3644 et
446 3593 559 3646 eduxit
585 3610 709 3663 equum.
745 3595 802 3646 llox
819 3593 883 3645 Ab?
909 3593 966 3645 sed
992 3609 1056 3646 nou
1082 3601 1200 3648 temen.

229 3693 260 3704 —
279 3664 312 3732 3)
329 3665 355 3715 in
372 3663 441 3716 libris
458 3673 517 3730 post
534 3679 637 3731 posue
664 3663 775 3715 additum
799 3672 838 3716 est
860 3664 995 3731 peceati.
1016 3691 1047 3702 —
1066 3663 1098 3731 4)
1115 3663 1201 3716 Amos

228 3733 254 3798 3,
270 3733 295 3784 6.
315 3763 344 3772 -
366 3734 397 3802 5)
415 3735 471 3786 lsai.
489 3735 532 3798 45,
550 3736 574 3787 7.
594 3764 625 3775 -
646 3734 677 3801 6)
694 3734 715 3786 Β
732 3749 864 3802 poenum
890 3734 1014 3801 peccati
1041 3740 1072 3783 st
1093 3733 1201 3786 tribu-

227 3803 400 3927 luggonffm,
425 3803 447 3858 0
472 3804 723 3858 tribulationem
749 3812 781 3858 et
804 3819 936 3872 poenam
953 3805 1093 3870 peccati.
1112 3833 1144 3844 -
1162 3804 1200 3873 7)

226 3875 248 3926 Α
308 3890 323 3926 o
352 3874 402 3926 oli.
