2642 4330
182 248 246 316 aro
496 247 722 312 ununcno
745 247 896 328 punem

503 473 736 536 CAPITULUM
762 475 896 536 XXVII.

268 631 317 693 na
340 631 515 692 rreum
537 648 685 706 tamaro,
712 650 800 708 quan
821 630 956 691 nonu
978 597 1129 692 cauma
1267 641 1269 650 ¹

499 719 583 778 ultra
603 721 751 778 civitatem
771 717 920 786 Lubcclt,

247 873 442 935 Theodericus
462 871 638 934 Susaciensis
660 890 814 933 conversus
835 880 947 948 noster,
971 875 1045 934 sicut
1065 873 1103 934 ab
1116 869 1134 954 ¹)
1156 875 1217 932 cius

183 978 233 1022 ore
254 961 366 1036 audivi,
395 977 461 1021 cum
489 966 565 1020 esset
592 961 717 1035 iuvenis,
738 959 864 1036 puellam
886 959 1031 1035 quandam
1050 962 1081 1018 in
1102 961 1217 1020 mutate

182 1047 303 1108 Lubech
331 1047 402 1108 alter
429 1047 546 1123 qnidam
568 1048 679 1106 iuvenis
701 1049 727 1106 ei
746 1048 932 1122 precabatur,
959 1046 1118 1106 secundum
1139 1045 1218 1122 quod

182 1135 223 1194 illi
255 1137 432 1212 promiserat.
473 1133 594 1193 Femina
626 1136 834 1209 consentiente,
866 1151 932 1194 cum
960 1132 1156 1194 Theodericus
1186 1150 1218 1193 se

183 1223 245 1282 eius
273 1222 427 1283 concubitu
452 1221 495 1279 uti
520 1226 678 1296 sperasset,
710 1222 805 1280 socius
833 1221 893 1280 eius
926 1221 952 1280 ei
960 1216 980 1299 ²)
1008 1219 1144 1295 illudens,
1180 1218 1217 1280 ad

181 1307 261 1368 illam
281 1309 410 1368 accessit.
454 1304 517 1382 Quo
547 1308 675 1382 cognito,
703 1308 791 1366 iratus
820 1306 904 1365 dixit:
933 1305 1075 1366 Diabolus
1099 1309 1151 1383 qui
1171 1323 1217 1365 me

181 1394 240 1455 huc
261 1393 394 1470 adduxit,
414 1393 518 1469 poterit
538 1410 584 1452 me
607 1395 693 1452 etiam
713 1392 781 1453 hinc
802 1393 946 1452 reducere.
988 1392 1060 1453 Mox
1080 1395 1218 1453 invitatus

182 1481 271 1556 affuit,
291 1481 436 1556 hominem
457 1481 552 1555 rapuit
572 1485 602 1539 et
621 1481 651 1537 in
675 1495 744 1540 aera
771 1479 893 1554 levavit,
926 1485 955 1538 ct
975 1478 1051 1539 ultra
1070 1482 1217 1540 dvitatem

182 1567 368 1642 transferens,
389 1568 469 1626 iuxta
489 1568 581 1642 ripam
602 1566 751 1626 erriusdam
771 1566 851 1626 lacus
871 1567 1051 1626 incommode
1072 1569 1144 1627 satis
1166 1566 1217 1627 de·

182 1655 287 1732 posuit
347 1652 396 1713 Ad
425 1669 511 1728 quem
543 1653 584 1712 sic
616 1655 670 1712 ait:
711 1653 742 1712 Si
767 1671 826 1728 non
863 1670 1034 1728 quocunque
1068 1653 1157 1714 modo
1189 1657 1217 1712 te

182 1743 335 1818 signasses,
354 1739 441 1799 modo
455 1739 622 1798 occidissem
643 1745 680 1798 tc.
713 1739 848 1799 Tenuiter
862 1742 937 1799 eninr
958 1745 987 1799 et
1003 1739 1168 1816 imperfecte
1187 1741 1217 1797 in

181 1829 245 1904 ipso
266 1834 350 1904 raptu
370 1829 484 1903 siguum
515 1827 570 1885 sibi
592 1828 682 1885 crucis
709 1828 898 1902 impresserat.
935 1825 1084 1886 xDimissus
1105 1844 1123 1886 a
1147 1826 1216 1887 dae-

182 1930 281 1989 mone,
313 1920 373 1973 tarn
398 1914 524 1989 graviter
551 1911 668 1987 cecidit,
700 1915 783 1971 utin
811 1919 886 1972 terra
918 1914 979 1973 sine
1007 1931 1094 1973 sensu
1122 1915 1218 1974 iacens

182 2003 351 2078 sanguinem
371 2006 507 2059 vomeret
549 1998 680 2058 Tandem
700 1998 908 2076 aliquantulum
929 2001 1032 2058 virium
1056 2015 1223 2080 resumens,

178 2088 315 2146 manibus
341 2086 519 2163 pedibusque
545 2085 684 2161 reptando
706 2085 744 2145 ad
765 2103 872 2163 aquam
893 2088 984 2160 venit,
1011 2087 1113 2147 faciem
1143 2086 1217 2161 lavit,
1267 2085 1269 2090 '

182 2181 270 2250 atque
292 2191 327 2232 ex
349 2190 384 2232 ea
404 2173 521 2247 bibens,
553 2189 619 2231 cum
647 2171 736 2231 multo
765 2171 864 2232 labore
892 2172 931 2230 ad
959 2171 1114 2249 hospitium
1136 2190 1217 2234 suum

181 2262 321 2337 pervenit.
361 2260 512 2336 Ingressus
534 2257 666 2332 domurn,
688 2274 757 2317 mox
777 2265 811 2317 ut
831 2257 927 2318 lumen
949 2261 1068 2334 aspexit,
1090 2257 1215 2320 secundo
1299 2307 1300 2312 ,

183 2349 213 2406 in
235 2363 383 2406 excessum
403 2348 468 2404 ruit.
509 2346 639 2408 Vocatus
661 2351 705 2403 est
725 2345 873 2420 sacerdos,
903 2347 952 2421 qui
979 2347 1089 2405 initium
1117 2346 1216 2407 Evan-
1299 2371 1300 2387 ο

182 2433 249 2510 gelli
268 2427 442 2510 Johannis³)
464 2449 549 2507 super
578 2437 643 2491 euln
662 2431 747 2508 legit,
776 2432 895 2508 ahisque
922 2433 1097 2492 orationibus
1120 2439 1216 2493 contra

182 2523 321 2596 impetum
332 2514 353 2598 ⁴)
376 2517 482 2578 diaboli
501 2518 582 2577 illum
595 2520 724 2577 munivit
742 2518 864 2580 ,Postea
882 2535 934 2594 per
953 2535 1060 2604 annum
1076 2519 1215 2597 integrum

182 2608 223 2666 ita
245 2623 347 2682 corpus
366 2606 426 2664 eius
439 2611 531 2664 totum
545 2611 606 2664 emt
624 2604 786 2680 tremulum,
809 2611 842 2664 ut
855 2605 996 2682 scyphum
1017 2614 1215 2667 manutenere
1298 2609 1299 2614 ’

182 2710 238 2752 non
256 2698 355 2768 posset
370 2690 409 2751 ad
422 2691 593 2752 bibendum!
614 2691 774 2751 Ecclesiam
789 2695 880 2751 sancti
896 2691 1046 2769 Nycholai,
1065 2696 1215 2768 omniaque

183 2781 307 2840 civitatis
327 2777 470 2853 aedificia,
490 2778 559 2838 luna
579 2777 759 2853 splendente,
781 2795 847 2837 curn
868 2796 887 2839 a
909 2778 1023 2840 diobolo
1044 2786 1213 2855 portaretur,

183 2871 213 2926 ct
231 2864 372 2948 portando
394 2865 640 2940 comprimeretur,
668 2863 827 2925 sevidisse
855 2870 984 2925 testatur.
1025 2865 1122 2926 Simile
1143 2880 1214 2942 pene
1297 2873 1298 2891 ³

181 2952 274 3013 habes
293 2970 381 3028 snpra
399 2953 577 3012 disdncdonc
604 2952 687 3010 tertia
715 2951 840 3026 capitulo
862 2953 1012 3014 undecimo
1034 2952 1070 3012 de
1091 2952 1213 3013 Henrico

182 3042 246 3099 eive
267 3039 444 3113 Susaciensi‘,
467 3055 553 3113 quem
575 3037 706 3096 diabolus
727 3044 814 3096 noctu
835 3041 864 3096 in
884 3039 946 3099 soro
968 3041 1069 3115 rapuit,
1092 3046 1122 3099 et
1141 3039 1213 3098 ultra

103 3163 106 3172 ·
181 3127 384 3186 monasterium
413 3126 504 3198 sancti
525 3124 650 3185 Patrocli
671 3123 840 3184 translatum
866 3126 896 3183 in
924 3124 1043 3201 pesculo
1076 3125 1213 3203 deposuit

134 3229 137 3234 ’
181 3213 257 3272 Tam
277 3212 354 3271 mala
382 3215 457 3272 enim
479 3217 508 3270 et
527 3218 587 3270 tarn
609 3207 751 3270 renouata
772 3218 814 3271 est
840 3211 1011 3272 daemonum
1037 3220 1155 3288 natura,
1182 3215 1211 3268 ut
1295 3287 1296 3290 Ἴ

91 3344 99 3368 .
182 3299 245 3360 solo
266 3298 378 3358 illorum
398 3299 501 3357 intuitu
523 3313 609 3373 saepe
630 3297 760 3358 homines
782 3305 1006 3375 corrumpantur.

200 3672 231 3743 1)
249 3671 333 3736 sex.
352 3705 383 3714 -
402 3675 435 3744 2)
452 3673 472 3728 ll
491 3677 602 3729 socius
620 3678 705 3743 eius,
721 3645 786 3732 hDP
804 3677 912 3730 socius
930 3678 974 3740 ei;
991 3673 1086 3728 moxl'
1107 3655 1208 3726 acces·
1293 3677 1294 3700 ³

250 3744 293 3795 rit
310 3740 348 3794 ad
366 3742 462 3796 illam.
482 3775 512 3787 -
532 3746 564 3814 3)
582 3747 602 3799 b
620 3749 749 3801 initium
773 3750 879 3800 sancti
895 3745 1051 3799 iohannis
1068 3743 1208 3812 Evange-

188 3885 194 3906 ο
249 3812 296 3864 lii.
316 3841 345 3852 -
365 3814 397 3883 4)
414 3812 478 3867 ᾸΒΡ
499 3818 644 3883 impetus.
