2594 4302
373 273 429 334 nn
451 267 634 336 coeroun
656 271 824 335 euersur.
1068 255 1129 335 iss
1258 337 1260 346 ,

93 393 240 456 VICIUS:
264 393 381 472 Quidsi
398 403 465 472 post
476 391 494 476 ¹)
508 394 737 456 benedictionem
749 397 840 472 panis,
861 396 960 455 vinum
973 411 1025 472 per
1037 393 1131 473 negli-

91 483 218 560 gentiam
252 498 312 540 non
340 488 416 542 esset
446 484 475 541 in
507 481 617 542 calice?
668 477 901 543 MONACHUS:
930 481 976 540 Ex
1007 497 1132 542 consue-

92 569 190 629 tudine
221 568 327 628 ordinis
347 571 437 629 nostri
458 569 587 646 cogimur
608 567 722 628 credere
744 569 783 627 ibi
804 585 867 628 esse
889 585 992 644 corpus
1013 567 1131 646 Christi,

92 657 161 732 quia
181 655 410 715 benedictionem
429 654 512 731 panis
540 673 599 715 non
619 657 787 731 repetimus,
821 653 872 714 sed
895 655 990 715 calicis
1010 661 1132 716 tantum.

90 741 190 803 Simile
211 744 312 818 sentio,
332 744 357 802 si
377 741 513 803 sacerdos
534 748 600 817 post
620 741 809 818 prolationem
830 741 983 802 verborum
1003 741 1131 818 illorum,

91 830 161 888 Hoc
182 836 225 888 cst
237 845 344 905 empus
357 847 464 902 meum,
486 828 661 903 subsisteret,
680 845 775 904 neque
789 828 885 888 calicis
903 827 1132 889 benedictionem

91 915 229 992 perficere
256 921 363 991 posset
412 915 552 992 Magister
578 915 682 976 Petrus
711 913 819 974 Cantor
847 920 876 974 et
903 931 1042 992 sequaces
1071 917 1132 976 eius

91 1003 149 1064 hoc
161 1017 219 1061 non
230 1001 399 1077 concedunt,
412 1001 539 1062 dicentes
548 1019 606 1062 non
619 1017 705 1078 posse
715 1000 776 1060 fieri
786 1000 1132 1064 transsubstantiationem

91 1091 176 1166 panis
195 1090 226 1148 in
246 1105 349 1166 corpus
364 1088 477 1163 Christi,
498 1086 590 1149 donec
602 1087 715 1165 prolata
732 1091 788 1148 sint
805 1088 878 1148 haee
891 1089 990 1163 verba,
1010 1087 1070 1148 Hic
1090 1093 1133 1148 cat

91 1178 224 1252 sanguis,
246 1181 275 1234 et
292 1182 396 1236 cetera.
428 1175 540 1251 Quibus
561 1175 642 1239 multi
659 1174 809 1238 doctorum
822 1174 1017 1236 contradicere
1028 1173 1133 1234 uiden-

91 1268 138 1322 tur
158 1263 189 1320 in
210 1263 269 1322 suis
290 1264 416 1340 scriptis;
437 1261 565 1321 similiter
587 1267 616 1321 et
635 1262 726 1322 verba
747 1261 922 1338 evangelica.
964 1261 1048 1321 Prius
1066 1261 1132 1324 Do-

90 1351 187 1408 minus
207 1365 313 1425 panem
333 1347 495 1422 benedixit,
515 1350 662 1431 porrigens
682 1347 761 1407 illum
783 1347 928 1425 discipulis
949 1347 988 1408 ad
1008 1347 1133 1408 mendu-

91 1434 233 1509 candum,
260 1437 318 1494 iam
346 1451 405 1494 non
432 1452 553 1511 panem,
581 1434 634 1494 sed
656 1451 759 1511 corpus
780 1453 874 1494 suum.
916 1435 1133 1512 Posteaquam

92 1527 246 1584 coenatum
275 1527 334 1598 est,
362 1520 457 1597 aliquo
479 1521 628 1582 intervallo
650 1523 812 1597 interiecto,
839 1521 987 1582 benedixit
1006 1521 1133 1582 calicem.

93 1608 167 1686 Quis
194 1607 287 1668 dicere
315 1607 423 1668 audeat
442 1609 483 1667 ibi
503 1625 562 1668 non
583 1608 671 1667 luisse
693 1625 796 1684 corpus
819 1607 938 1684 Christi,
966 1610 1021 1668 nisi
1043 1608 1132 1670 calice

90 1697 172 1773 prius
203 1693 391 1755 consecrato?
444 1693 547 1754 Nullus
579 1697 703 1754 omnino.
746 1693 950 1755 NOVICIUS:
980 1694 1072 1756 Estne
1103 1698 1132 1756 in

90 1781 144 1843 tali
165 1797 234 1842 casu
255 1783 374 1858 sanguis
396 1779 519 1840 Christi?
562 1777 798 1840 MONACHUS:
827 1781 937 1856 Etiam,
963 1783 993 1841 in
1015 1799 1133 1858 corpore

90 1885 151 1930 non
176 1871 207 1927 in
235 1867 332 1928 calice.
374 1867 440 1928 Non
468 1870 543 1927 enim
566 1883 669 1943 corpus
692 1866 797 1926 Christi
824 1873 868 1928 est
896 1870 956 1928 sine
978 1871 1133 1946 sanguine3

92 1971 149 2016 neo
179 1961 276 2016 tamen
303 1955 344 2015 ibi
366 1959 410 2015 est
429 1971 482 2030 per
503 1956 735 2029 conversionem,
768 1955 836 2029 quia
856 1961 924 2014 ante
943 1953 1133 2031 prolationem

90 2043 197 2102 horum
217 2041 379 2116 verborum,
400 2041 459 2100 Hic
481 2047 522 2100 cst
543 2043 674 2116 scapum
695 2042 794 2100 vinum
815 2057 873 2101 non
895 2047 940 2102 est
962 2057 1133 2102 conversum

90 2132 122 2189 in
150 2131 326 2206 sanguinem.
368 2124 570 2187 NOVICIUS:
597 2126 647 2187 Da
675 2125 744 2186 mihi
773 2127 951 2204 exemplum,
979 2127 1057 2204 quod
1078 2129 1133 2189 sub

90 2217 189 2293 specie
217 2218 300 2292 panis
328 2216 365 2274 sit
394 2231 497 2290 corpus
521 2211 626 2278 Christi
653 2219 808 2290 antequem
838 2214 911 2274 calix
939 2213 1134 2276 benedicatur.

89 2300 328 2363 MONACHUS:
353 2300 491 2378 Superius
513 2300 638 2377 capitulo
659 2300 786 2361 secundo
808 2300 899 2361 habes
921 2302 1083 2379 exemplum
1103 2304 1160 2376 in,

89 2392 202 2451 visione
224 2387 396 2450 Godescaloi
416 2389 467 2464 qui
487 2403 556 2447 mox
575 2387 694 2464 prolatis
713 2388 759 2447 his
779 2388 891 2464 vmbb,
911 2390 979 2448 Hoc
1002 2395 1044 2449 est
1065 2379 1133 2448 e‘or·

83 2495 148 2554 pue
177 2494 291 2547 murm,
319 2475 392 2536 vidit
413 2474 558 2534 Christum
583 2477 613 2533 ln
638 2474 731 2535 forma
751 2474 887 2534 humana.
928 2474 1133 2536 NOVICIUS:

89 2564 122 2625 Si
150 2565 248 2625 statim
271 2549 400 2622 Christus
421 2568 466 2622 est
485 2561 526 2620 ibi
547 2568 639 2636 totus,
671 2561 815 2639 superflue
835 2562 948 2622 videtur
968 2561 1038 2620 mihi
1059 2561 1134 2622 calix

89 2651 262 2712 consecrari.
292 2646 528 2708 MONACHUS=
549 2647 610 2709 Sub
627 2648 740 2708 duabus
753 2665 821 2726 ergo
838 2650 989 2725 speciebus
1007 2648 1134 2710 celebrat

88 2738 147 2798 hoo
175 2740 386 2795 sacramentum
406 2733 552 2809 Ecclesia,
584 2742 617 2796 ut
644 2737 758 2795 animae
787 2740 816 2794 et
842 2737 968 2812 corporis
989 2737 1132 2812 susceptio

87 2827 120 2883 in
143 2821 272 2895 Christo,
301 2827 330 2880 et
357 2822 504 2897 utriusque
533 2821 663 2882 hberatio
690 2824 720 2880 in
740 2822 824 2882 nobis
844 2822 1028 2900 significetur.
1070 2822 1133 2883 Nec

88 2908 158 2987 plus
179 2907 234 2966 sub
256 2912 392 2982 utraque,
424 2924 478 2967 nec
500 2909 593 2967 minus
614 2909 669 2968 sub
691 2908 782 2969 altera
801 2915 914 2968 tantum
935 2911 1055 2970 sumitur
1074 2908 1133 2971 hoe

88 2999 313 3056 sacramentum.
354 2992 465 3053 Eadem
478 2993 555 3052 euim
574 2996 647 3054 ratio
665 3000 718 3069 est,
738 3002 771 3056 ut
791 2998 832 3055 ait
848 2995 995 3073 Hylarius,
1014 2999 1044 3054 in
1065 3012 1132 3056 cor-

88 3097 162 3160 pore
176 3079 289 3153 Christi,
310 3095 384 3154 quae
405 3082 434 3138 in
455 3095 562 3138 manna
577 3083 742 3156 praecessit
772 3081 819 3142 De
841 3099 899 3158 quo
921 3083 970 3159 qui
990 3082 1057 3159 plus
1069 3082 1133 3144 col·

88 3167 208 3246 ligabat,
229 3183 288 3226 non
309 3165 432 3241 amplius
452 3163 588 3241 habebat,
608 3183 663 3228 neo
683 3169 733 3242 qui
746 3170 840 3228 minus
854 3175 1016 3244 paraverat,
1036 3172 1132 3230 minue

85 3248 294 3332 inveniebam).
328 3250 532 3312 NOVICIUS:
554 3252 631 3314 Satis
652 3252 688 3312 de
709 3253 754 3312 bis
775 3256 924 3332 expeditus
946 3273 1019 3316 sum.
1052 3254 1131 3317 Mo-

87 3339 266 3404 NACHUS:
297 3339 364 3398 Non
395 3338 531 3399 inutiliter
557 3339 602 3399 his
629 3343 794 3416 praemissis
821 3343 970 3404 videamus
991 3349 1131 3419 quantum

87 3430 199 3509 gratim
220 3431 251 3488 ct
269 3426 379 3505 gloriae
399 3431 562 3488 mereantur
582 3427 745 3488 sacerdotes
767 3428 852 3506 digne
873 3429 1066 3512 copficientes.

325 3611 848 3672 ‚We-q

107 3843 140 3914 1)
157 3841 223 3898 ene
239 3840 318 3913 quau
336 3840 364 3895 u
380 3841 412 3895 ru
429 3837 534 3894 certes
552 3847 637 3910 porc.
657 3867 688 3882 -
706 3839 739 3910 a)
755 3805 838 3897 mou.
856 3841 901 3908 ue,
917 3839 958 3895 1s.
