2664 4308
147 303 186 362 as
455 299 682 364 marmeno
704 275 906 363 surums‘

145 423 315 486 miraculum
336 424 393 485 Dei
415 424 566 485 Genltrieis
587 426 694 484 meritis
716 427 791 484 circa
812 441 845 485 se
866 430 993 501 gestum,
1017 441 1101 486 servo
1122 443 1187 486 rur·

146 528 210 578 sum
231 511 442 590 obdormiente,
470 513 570 572 leniter
591 515 726 585 annexit,
760 519 788 571 et
816 510 932 571 vincula
952 511 1048 590 adhuc
1069 529 1189 574 servans

144 601 174 657 in
200 615 258 658 uno
286 599 374 675 pede,
402 616 454 674 per
475 599 649 658 lintheamen
677 615 729 674 per
748 599 903 658 fenestram
924 617 956 659 sc
977 598 1091 658 demisit
1107 597 1133 680 ¹),
1153 607 1190 661 ct

144 684 224 762 trgit
276 684 362 762 Quod
391 686 459 744 dum
488 703 587 746 servus
617 688 816 761 comperisset,
846 685 970 745 clamore
998 686 1096 764 lugam
1125 689 1187 748 eius

136 771 279 847 ·prodidit;
312 771 364 831 scd
392 789 495 832 manus
523 773 649 832 humana
671 789 772 848 capere
793 789 852 832 non
873 775 967 848 potuit
987 790 1074 849 quem
1095 776 1187 836 virtus

145 858 242 918 divina
262 861 393 934 proterit
435 859 522 919 Multi
551 857 650 939 cums)
672 861 749 918 tubis
771 866 800 919 ct
821 861 940 919 canibus
961 862 1082 920 insecuti
1104 869 1187 937 sunt,
1268 909 1273 920 .

145 951 174 1006 et
202 962 267 1005 cum
297 949 411 1022 saepius
439 948 468 1004 in
496 948 627 1022 proximo
656 947 710 1005 suh
742 947 869 1005 frutectis
890 947 1030 1022 latitaret,
1058 949 1187 1008 hivenire

145 1050 211 1093 cum
238 1049 297 1092 non
324 1038 487 1109 potueruut.
538 1032 595 1109 Qui
624 1032 662 1092 ad
690 1049 743 1092 nos
763 1035 890 1107 veniens,
919 1035 1036 1094 eosdem
1065 1035 1186 1096 circulos

34 1133 38 1138 ·
141 1136 194 1197 pro
215 1122 371 1197 gratiarum
393 1121 505 1181 actione
527 1137 612 1196 super
633 1119 722 1179 altare
744 1121 848 1206 beatae
869 1121 995 1198 Virginis
1024 1121 1135 1198 obtulit,
1157 1128 1188 1182 et

143 1206 265 1282 qualiter
286 1209 347 1266 cius
365 1209 472 1266 meritis
497 1205 633 1266 liberatus
655 1208 700 1281 sit,
722 1207 804 1266 nobis
825 1206 1028 1284 perordinem
1048 1211 1190 1270 recitavit.

142 1292 220 1353 Actu
248 1301 315 1353 sunt
341 1293 415 1353 haec
431 1310 519 1376 ¹anno
549 1295 659 1370 grathe
688 1293 836 1353 millesimo
860 1293 1054 1355 ducentesimo
1075 1287 1190 1358 decimo

142 1397 227 1440 nono.
258 1379 463 1441 NOVIOIUS:
486 1379 561 1456 Quis
582 1379 700 1439 eosdem
718 1380 839 1441 circulos
860 1381 926 1456 vidi,
948 1382 1072 1458 amplius
1094 1382 1190 1443 cidem

142 1466 257 1528 credam
268 1467 416 1527 miraculo.
459 1465 693 1528 MONAOHUS:
715 1467 762 1527 De
783 1467 839 1528 hoc
862 1469 948 1527 etiam
970 1469 1049 1544 qpod
1071 1471 1190 1531 timores

139 1553 232 1633 pcllat
251 1569 355 1614 nomen
377 1553 495 1630 Mariae,
517 1572 578 1614 rem
600 1571 688 1629 quam
708 1571 800 1632 nuper
821 1555 919 1615 audiri
940 1555 993 1615 tihi
1014 1556 1144 1617 roiam.

370 1717 374 1724 ’
478 1745 711 1808 carnotum
732 1745 854 1806 xxm.

211 1867 259 1928 De
280 1867 431 1928 sacedon
452 1867 488 1927 de
510 1869 628 1946 Poleqe,
654 1872 702 1928 coi
723 1876 828 1928 sarecto
848 1867 952 1928 Maria
975 1885 1123 1946 appareres

389 1957 507 2016 timores
537 1959 740 2016 tonitruorum
762 1959 944 2032 teutperooit.

152 2103 155 2110 =
209 2073 243 2132 in
265 2069 406 2156 Polege³)
428 2075 497 2136 villo
517 2076 666 2136 Dioccesis
693 2063 1041 2136 Treveransis'sacerdos
1069 2075 1189 2152 quidam

144 2161 310 2239 parochiam
341 2165 428 2239 regit,
459 2165 503 2222 vir
535 2163 693 2223 secundum
721 2157 804 2222 suat'n
831 2163 1058 2239 possibilitatem
1078 2163 1189 2226 multae

144 2247 358 2326 hospitalitatis,
386 2256 474 2326 etque
502 2249 664 2310 laudandae
693 2253 839 2310 castitatis.
881 2249 987 2310 Adhuc
1016 2251 1092 2309 enim
1120 2267 1189 2310 cor-

144 2352 214 2410 pore
234 2337 316 2414 virgo
338 2341 390 2396 est.
432 2337 489 2396 Die
511 2337 637 2412 quadam
659 2334 832 2417 quendaml)
860 2353 895 2396 ex
918 2339 1061 2396 conversis
1083 2340 1189 2398 nostris

143 2421 268 2498 hospitio
289 2425 442 2500 recipiens,
471 2425 511 2484 ait
538 2423 576 2483 ad
603 2423 698 2481 illum:
729 2421 864 2482 Ordinem
884 2429 1012 2483 vestrum
1032 2423 1188 2500 plurimum

145 2506 241 2586 diligo,
262 2512 331 2585 quia
344 2510 466 2570 multum
480 2510 548 2569 boni
570 2509 639 2568 mihi
661 2511 779 2586 contigit
799 2527 850 2586 per
871 2527 946 2570 eum.
987 2509 1187 2587 Antiphonem

143 2595 222 2656 illem
243 2595 412 2674 gloriosam,
439 2597 561 2672 scilicet,
589 2596 680 2655 Soloe
700 2599 804 2672 reqioa
825 2598 1054 2678 misericordiae,
1076 2599 1115 2656 ab
1136 2597 1186 2658 illo

142 2682 247 2759 habco,
269 2691 298 2744 et
319 2683 387 2759 qnid
408 2683 478 2743 mihi
493 2688 611 2759 propter
632 2681 709 2742 illam
728 2686 885 2761 contigerit,
906 2683 944 2743 ad
958 2683 1188 2744 aedificationem

143 2769 228 2830 vobis
243 2772 392 2831 enarrabo.
434 2769 484 2828 Ad
501 2786 600 2829 omnes
615 2769 701 2828 horas
721 2787 801 2830 meas
823 2771 901 2829 illum
923 2771 1016 2830 dicere
1039 2773 1187 2832 consuevi.

72 2891 74 2896 s
144 2855 218 2916 Cum
247 2858 293 2918 dio
315 2857 441 2933 quadam
463 2869 596 2932 campum
617 2858 735 2916 brevem
757 2860 919 2933 transirem,
948 2857 1092 2934 quandem
1113 2859 1188 2918 visi-

142 2949 203 3003 tare
234 2945 391 3019 inclusam,
422 2946 503 3003 iuxta
534 2943 685 3003 ecclesiam
714 2944 869 3004 solitariam
897 2945 1091 3021 habitantem,
1123 2948 1188 3006 orta

142 3036 210 3090 sunt
231 3035 355 3090 tonitrua
376 3038 436 3090 tam
457 3029 568 3108 valida,
594 3038 627 3089 ut
647 3033 721 3090 ictus
742 3033 810 3090 ictui
831 3031 1003 3107 succedens,
1023 3035 1098 3092 vires
1119 3050 1187 3092 am-

143 3117 261 3177 bulandi
290 3118 359 3176 mihi
388 3117 547 3178 adimerent
559 3115 589 3198 ⁸).
618 3118 744 3177 Veniens
766 3115 916 3198 tandem⁶)
940 3136 1005 3178 oum
1026 3119 1116 3180 multo
1138 3113 1188 3182 la·'

142 3204 212 3265 hore
241 3205 325 3265 simul
353 3221 389 3264 ac
411 3207 511 3264 timore
533 3205 572 3264 ad
594 3205 760 3280 ecclesiam,
782 3207 875 3280 ipsam
896 3208 1016 3281 intravi,
1037 3213 1066 3265 et
1087 3223 1188 3268 coram

142 3290 225 3351 altari
252 3308 299 3352 me
318 3298 509 3368 prosternens,
530 3309 583 3368 pro
604 3295 668 3368 ipse
688 3298 859 3369 tempestate
879 3291 1036 3352 Dominam
1056 3299 1187 3354 nostram

141 3378 328 3455 interpellavi.
370 3379 408 3438 Et
436 3396 503 3438 ecce
531 3386 662 3438 matrona
690 3381 810 3455 virginei
837 3379 934 3438 vultus
955 3381 1108 3456 magnique
1130 3379 1188 3440 dc-

142 3467 216 3526 con's
239 3465 275 3524 de
296 3465 379 3525 altari
401 3465 439 3524 ad
460 3483 507 3526 mc
528 3469 655 3540 veniens,
677 3482 743 3525 cum
758 3464 913 3526 admirarer
934 3483 1076 3542 quaenam
1098 3474 1187 3544 esset,

141 3551 190 3612 illa
209 3554 287 3628 prior
308 3570 355 3614 me
369 3552 494 3613 allocuta
516 3559 560 3612 est
582 3553 693 3612 dicens:
716 3551 792 3627 Quia
809 3553 1002 3628 antiphonam,
1023 3553 1113 3614 Soloe
1132 3573 1186 3614 re·

141 3643 214 3716 pino
234 3641 466 3714 misericordiae,
487 3640 608 3700 libenter
630 3657 665 3699 ac
685 3637 847 3713 frequenter
869 3639 1014 3716 decantas,
1035 3657 1186 3719 nunquam

160 3806 190 3875 1)
207 3805 290 3860 ocor
313 3807 447 3860 dimisit.
472 3839 503 3852 -
528 3808 561 3876 2)
578 3807 641 3860 Blll’
663 3809 756 3860 enirn.
781 3837 812 3850 -
836 3809 868 3878 3)
892 3807 1066 3877 l'olch.propc
1082 3809 1185 3876 hlryen.

211 3907 242 3918 -
262 3879 294 3946 4)
312 3878 451 3932 hunum.
471 3909 500 3922 ·-
522 3881 554 3947 5)
572 3878 797 3932 Cl’adirueret.
816 3908 847 3919 —
867 3879 899 3948 6)
917 3879 1068 3933 Gramen.
