2664 4308
467 279 854 341 nosnuornrrnarn.
1137 259 1177 340 se

138 379 212 463 Post
239 403 341 462 horam
371 403 408 462 ad
430 419 462 462 se
483 373 615 462 reversus
635 405 769 479 surrexit,
799 421 817 462 a
839 401 954 461 diabolo
975 419 1007 461 se
1028 400 1179 461 liberatum

139 489 299 550 clamitans.
348 488 511 549 Conversus
539 505 607 550 vero
637 492 686 565 qui
715 493 852 550 curationi
879 489 953 550 huic.
974 487 1121 562 interfuit,
1150 495 1179 547 ct

137 579 278 636 rusticum
299 575 439 636 iurantem
461 580 600 651 serravit,
629 579 685 636 ista
714 576 782 635 mihi
810 579 949 636 recitavit.
991 573 1111 635 Vadens
1130 574 1178 633 illc

137 681 227 722 sanus
255 666 286 721 in
314 662 431 722 domum
461 681 558 737 suam,
589 669 656 739 post
684 661 892 738 aliquantulum
918 663 1053 736 temporis
1081 661 1178 736 rediit,

138 752 247 828 gratias
269 765 358 826 agens
379 750 483 809 beatae
512 750 623 826 Virgini
645 753 762 825 eiusque
784 767 869 809 servo
890 766 944 808 suo
967 749 1097 820 curatori,
1120 748 1177 807 hoe

138 837 261 896 verbum
290 836 423 896 audiente
452 843 595 896 conventu
624 837 773 896 adiiciens:
788 843 791 848 “
807 837 838 896 Si
866 836 940 909 nihil
957 841 1034 894 esset
1054 835 1177 910 amplius

136 923 323 998 reliquiarum
350 926 379 981 in
409 925 581 982 monasterio
603 925 673 998 isto,
701 930 813 999 practer
833 923 910 982 hunc
932 927 1063 981 sanctum
1084 924 1177 980 virum

137 1013 222 1069 cuius
242 1012 350 1068 meritis
373 1016 487 1068 curatus
509 1027 588 1084 sum,
619 1012 673 1068 toti
698 1011 763 1070 loco
786 1009 915 1069 sufficere
937 1009 1062 1068 deberet.
1104 1007 1176 1066 ΝΟ·
1223 1027 1227 1041 *

136 1095 288 1155 VICIUS:
310 1095 420 1172 Magna
441 1103 507 1155 sunt
526 1113 600 1173 quae
622 1095 700 1156 dicis.
742 1095 978 1156 MONACHUS:
1000 1094 1065 1154 Non
1083 1094 1177 1154 solum

137 1182 309 1256 daemonas,
338 1183 390 1242 sed
420 1189 449 1242 et
470 1185 554 1242 bruta
576 1183 710 1242 animalia
730 1183 805 1242 illius
827 1185 971 1242 sanctitati
992 1180 1175 1242 obediebant.

135 1269 209 1328 Erat
239 1272 410 1329 monasterio
439 1270 573 1345 poledros
601 1269 822 1345 pulcherrimus,
852 1276 881 1328 et
912 1270 984 1328 tanti
1004 1267 1122 1341 valoris,
1144 1273 1176 1326 ut

136 1364 197 1416 tam
218 1355 382 1431 Episcopus·
400 1356 582 1416 [lieverensis
610 1374 697 1431 quam
718 1357 787 1415 Dux
815 1356 1017 1432 Lotharingiae
1050 1353 1176 1429 quadra-

135 1445 217 1521 ginta
244 1448 277 1501 ut
305 1448 375 1518 puto
405 1460 518 1502 marcas
546 1446 656 1519 argenti
684 1443 817 1502 offerrent
833 1441 848 1523 ¹)
877 1460 929 1518 pro
958 1442 1015 1501 illo.
1059 1441 1175 1517 Species

137 1531 214 1590 enirn
243 1531 342 1604 optimi
371 1529 504 1589 dextrarii
524 1532 553 1588 in
580 1529 682 1589 eodem
704 1537 766 1589 erat
790 1529 917 1605 poledro.
959 1529 1076 1588 'limans
1103 1543 1175 1588 con-

134 1622 241 1674 ventus
269 1615 391 1674 alterum
420 1616 578 1690 offendere,
610 1618 635 1674 si
660 1619 710 1675 uni
735 1615 920 1691 venderetur,
948 1631 1000 1691 per
1028 1614 1175 1674 dominum
1242 1689 1244 1694 Α

136 1701 298 1762 Walterum
321 1702 434 1762 duobus
455 1703 589 1762 adhibitis
611 1705 770 1778 conversis,
799 1703 922 1763 eundem
943 1719 1049 1777 equum
1072 1700 1176 1762 Comiti

135 1789 308 1848 Hollandiae
337 1791 426 1865 gratis
453 1791 619 1848 transmisit.
661 1790 850 1870 Venientibus
878 1771 919 1848 eis
945 1786 1008 1867 in²)
1030 1789 1174 1863 quendam

134 1875 251 1949 saltum,
271 1875 406 1951 poledros
421 1871 598 1955 equitiami),
619 1875 650 1934 id
671 1882 715 1935 est
734 1893 852 1953 gregem
867 1891 1013 1950 equarum,
1035 1875 1070 1934 de
1089 1874 1174 1951 longe

134 1978 255 2038 pascere
283 1965 439 2038 conspexit.
483 1962 539 2038 Qui
561 1965 658 2022 statim
678 1962 809 2046 ldnniens
830 1969 917 2037 atque
943 1961 1110 2036 lasciviens,
1138 1978 1174 2020 ex

135 2049 302 2108 ducentium
332 2050 466 2110 manibus
501 2065 533 2108 se
565 2051 704 2124 excussit,
745 2056 774 2108 et
809 2066 894 2108 cursu
928 2048 1107 2109 uelocissimo
1136 2048 1176 2106 ad

135 2137 273 2211 equitiam
286 2139 459 2213 properavit.
475 2155 478 2160 ·
491 2134 584 2212 Quem
596 2153 663 2195 curn
675 2138 804 2196 conversi
816 2139 1040 2210 insequerentur,
1049 2135 1175 2211 fugiente

135 2223 252 2298 equitia,
273 2225 366 2300 magis
379 2223 514 2298 poledros
536 2224 573 2283 ab
597 2221 666 2304 ciel)
688 2221 884 2300 elongabatur.
916 2221 1028 2299 Quibus
1041 2221 1174 2281 tristato

134 2309 236 2368 labore
256 2311 393 2383 reversis,
415 2312 455 2368 ait
476 2309 636 2369 Walterus:
657 2309 866 2383 Procedamus,
892 2326 983 2385 equus
1003 2311 1057 2368 iste
1077 2308 1175 2384 perdi-

133 2403 183 2454 tus
204 2401 257 2469 est,
277 2398 332 2454 nisi
353 2403 454 2456 sancta
467 2395 560 2455 Maria
580 2397 661 2456 illum
677 2398 760 2456 nobis
778 2393 934 2476 redonet⁵).
977 2395 1035 2455 Vix
1056 2394 1094 2454 ad
1115 2396 1173 2455 duo

132 2481 266 2542 milliaria
282 2489 487 2558 processerant,
508 2488 538 2542 et
560 2500 626 2543 ecce
639 2483 774 2560 poledrus
791 2484 928 2542 velociter
948 2499 1104 2558 recurrens,
1126 2485 1174 2559 qui

133 2568 263 2628 nondum
291 2573 360 2629 satis
390 2570 513 2629 domitus
544 2571 612 2644 fuit,
632 2571 713 2631 velut
733 2574 796 2630 ovis
816 2567 1000 2650 mansuetar)
1024 2569 1174 2629 ductorum

132 2671 252 2716 suorum
273 2656 406 2716 manibus
434 2656 509 2716 colla
529 2658 658 2717 subiecit.
680 2691 722 2700 -—
744 2658 821 2734 Quia
840 2665 926 2716 notus
949 2663 1010 2716 erat
1029 2656 1174 2716 nobilibus

132 2749 243 2816 terrae,
278 2749 307 2802 et
339 2744 376 2803 ab
407 2745 449 2802 eis
478 2749 539 2801 tum
571 2750 687 2819 propter
719 2747 864 2821 sanguinis
892 2743 1084 2818 nobilitatem,
1113 2750 1174 2801 turn

131 2835 251 2906 propter
286 2831 362 2888 vitae
400 2832 582 2888 sanctitatem
617 2830 823 2906 venerabatur,
862 2848 949 2906 saepe
984 2847 1038 2910 pro
1071 2846 1174 2890 mona-

131 2919 213 2976 sterii
243 2917 461 2975 necessitatibus
474 2911 494 2995 ⁷)
532 2922 632 2976 contra
662 2917 840 2976 voluntatem
872 2935 955 2977 suam
984 2916 1173 2976 emittebatur.

130 3003 277 3078 Tempore
306 3003 432 3078 quodam
461 3002 637 3062 descendens
666 3021 732 3063 curn
758 3000 863 3083 nevel)
894 3001 996 3064 domus
1026 3020 1100 3078 quae
1127 3006 1174 3062 vi-

128 3107 203 3150 num
238 3091 387 3164 portabat,
426 3107 492 3149 eum
524 3089 692 3149 Zelandiam
723 3093 883 3166 venissent,
923 3097 986 3150 orta
1016 3096 1173 3166 tempestas

96 3248 105 3263 Ι
128 3177 259 3238 maxima
278 3193 378 3235 omnes
399 3178 510 3250 terruit,
533 3183 563 3235 et
585 3173 721 3256 navem⁹)
746 3179 900 3237 inclinavit.
943 3176 1076 3237 Accessit
1095 3179 1173 3252 peri-

128 3263 230 3326 eulum
255 3263 390 3338 periculo.
433 3262 598 3323 Praedones
620 3263 658 3323 ad
679 3280 729 3357 euos
748 3266 930 3340 remigantes,
952 3266 1050 3324 navim
1066 3260 1095 3342 ¹)
1120 3262 1172 3323 de-

148 3434 181 3502 1)
200 3431 265 3485 aci>
282 3431 465 3485 offerret-
478 3431 510 3499 2)
528 3431 548 3484 B
566 3432 611 3484 ad.
624 3433 700 3501 -3)
714 3433 799 3486 nube
812 3423 1058 3501 aquaritiam,‘c
1077 3447 1173 3501 equa·

200 3503 294 3564 riam,
319 3517 393 3569 qnam
411 3494 516 3553 lormim
535 3504 609 3553 etiam
628 3503 650 3554 Α
669 3502 746 3555 habet
763 3504 876 3555 inferius.
911 3501 1050 3556 Emendavi
1067 3519 1099 3554 ex
1116 3502 1172 3555 loco

202 3571 245 3634 xi,
264 3572 311 3623 17:
329 3571 372 3622 ubi
390 3587 477 3623 omnes
488 3571 588 3623 codices
606 3574 770 3644 inscriptura
788 3574 933 3641 equitiae
951 3573 1120 3624 consentiunt.
1139 3603 1170 3613 —

201 3640 268 3708 4)ss
286 3641 554 3708 insequerentur,
572 3642 703 3710 fugiens
722 3642 760 3694 ad
777 3659 879 3714 eques
897 3641 1052 3709 poledras
1069 3641 1105 3693 ab
1123 3644 1172 3694 cis

200 3710 307 3778 magis.
328 3722 358 3749 -’-
374 3710 406 3778 5)
423 3711 443 3762 Β
461 3712 672 3762 restituat-
687 3712 719 3778 6)
736 3713 756 3764 Β
775 3713 1046 3764 mansuetissima.
1061 3711 1171 3780 -7313

201 3781 357 3846 negotiis.
371 3809 401 3818 -
414 3781 446 3846 8)
464 3779 483 3832 0
500 3781 584 3831 navi.
599 3809 630 3820 -
644 3781 676 3849 9)
693 3781 714 3834 B
732 3797 844 3837 omnes
861 3783 894 3836 in
908 3783 984 3834 navi
1003 3781 1123 3833 terruit
1140 3790 1170 3832 et

201 3852 305 3916 ipsam
324 3850 435 3902 navim.
456 3871 486 3890 -·
508 3850 557 3917 10)
574 3849 594 3904 0
611 3865 732 3903 navem.
