2594 4302
180 223 244 286 220
494 216 725 282 memmio
746 217 905 282 naemu

178 348 208 406 iu
235 343 360 407 eoeleste
387 341 527 419 templum
554 359 586 402 se
613 344 819 419 pomponium
839 342 925 420 vidit,
953 343 983 404 in
1016 360 1075 422 quo
1096 341 1166 406 elliu
1191 349 1220 408 el

176 431 253 502 stola
279 431 409 506 indutus,
440 445 537 492 eoram
558 429 684 490 Domino
705 429 896 508 Evangellum
924 429 1002 509 legit
1044 431 1117 492 Erat
1145 433 1220 492 enim

176 519 325 580 Diseonns
353 524 383 577 et
410 515 508 578 idiota.
551 515 608 592 Qui
636 533 702 578 eum
730 515 844 595 legendi
865 517 1098 580 benedietiouem
1118 525 1219 596 postu·

176 607 265 667 lasset
285 623 305 666 a
324 602 460 679 Domino,
480 602 646 664 huiusmodi
666 621 836 680 responsum
856 607 985 681 aeeepite
1005 603 1055 666 Ab
1076 605 1134 666 hee
1150 605 1222 666 hora

177 693 287 754 habeas
316 692 465 752 seientiam
492 696 580 767 atque
596 687 614 770 ¹)
643 693 779 752 vitutem
798 689 984 768 praedicandi
1005 693 1129 754 verbum
1150 691 1222 767 Dei,

176 783 423 857 quotienscunque
451 777 503 838 tibi
531 779 689 838 iniunctum
716 778 808 838 inerit.
847 778 941 839 'Leeto
969 795 1040 840 vero
1061 778 1223 856 Evangelio

176 865 324 944 evigilans,
340 865 478 926 intellexit
491 863 570 940 quod
586 867 730 926 somnium
747 870 832 925 esset
858 863 982 926 Miratus
998 872 1097 926 minen
1112 865 1151 926 de
1162 873 1223 926 taur

129 949 134 978 '
175 955 326 1014 mamsesta
339 952 449 1013 visione
467 950 582 1012 dicebat
594 954 669 1012 intre
683 969 726 1011 ee:
736 950 831 1012 Hodie
844 950 971 1013 lecturus
984 969 1016 1012 os
1030 952 1223 1030 Evangelium

175 1041 214 1104 ad
234 1043 366 1116 missam3
402 1041 427 1099 si
456 1037 584 1100 eiusdem
612 1037 715 1100 eoloris
742 1040 886 1099 inveneris
914 1039 1019 1100 stolam
1048 1038 1166 1115 qualem
1193 1041 1224 1101 in

175 1127 257 1192 eoelo
278 1128 388 1202 vidisti,
408 1143 480 1186 vera
501 1132 546 1186 est
566 1127 648 1186 visio.
690 1124 771 1186 Nutu
792 1142 861 1186 vero
883 1125 993 1186 laetum
1014 1132 1059 1186 est
1071 1126 1130 1187 Dei
1137 1123 1171 1207 ²),
1190 1133 1225 1188 ut

174 1217 334 1276 asserista
356 1212 431 1274 stola
452 1211 606 1274 consimilis
621 1218 819 1287 exponeretur.
854 1212 926 1272 Mox
947 1215 1031 1289 quasi
1052 1213 1089 1273 de
1110 1215 1224 1274 visione

174 1301 356 1375 certificatus,
376 1299 447 1376 qnid
467 1299 570 1359 viderit
583 1297 693 1359 Abbati
711 1301 852 1375 exposuit
894 1297 924 1360 A
945 1317 1003 1376 quo
1025 1302 1120 1360 iussus
1143 1300 1225 1378 loqui

173 1389 294 1451 verbum
315 1388 380 1462 Dei,
402 1403 494 1462 usque
516 1385 603 1446 hodie
614 1384 861 1461 impraemeditate
870 1382 891 1467 ⁸)
914 1392 974 1446 lam
997 1385 1172 1448 excellenter
1194 1394 1225 1449 et

172 1485 233 1538 tem
249 1475 401 1536 efficaciter
413 1472 484 1534 illud
497 1468 666 1552 proponit⁴)‚
686 1479 720 1532 ut
734 1489 834 1532 omnes
856 1489 925 1533 suos
938 1473 1084 1534 auditores
1104 1475 1137 1532 in
1159 1481 1227 1535 stu·

171 1580 272 1642 porum
286 1567 442 1624 convertat
464 1558 537 1620 Aliis
549 1559 690 1635 siquidem
705 1559 883 1636 temporibus
897 1559 1003 1620 nullius
1017 1567 1062 1620 est
1077 1559 1226 1622 fineretu-

172 1669 230 1714 ree.
261 1645 463 1710 NOVIGIUS:
484 1646 657 1708 Miraeulum
670 1645 832 1706 Salomonis
845 1648 895 1722 qui
909 1648 938 1706 in
951 1649 1058 1708 somnis
1071 1649 1226 1712 seientiam

171 1739 300 1813 aceepit,
321 1738 351 1796 in
372 1737 427 1794 isto
448 1730 609 1813 resultat⁸).
652 1731 888 1794 MONAOHUS:
921 1733 1003 1794 Deus
1025 1736 1103 1796 enim
1125 1737 1226 1796 seien-

171 1827 276 1888 tiurum
296 1823 438 1883 Dominus
467 1815 556 1900 θεῖ’),
586 1819 649 1880 aliis
676 1821 825 1880 seientiam
852 1819 1024 1881 miraculose
1050 1828 1083 1881 ut
1110 1821 1226 1884 dicmur

172 1919 216 1973 est
225 1909 245 1992 ²)
261 1908 442 1986 conferendo,
456 1907 518 1968 aliis
531 1923 591 1967 non
604 1909 706 1966 minori
720 1906 856 1968 miraoado
870 1906 1000 1968 habitam
1013 1908 1225 1972 subtrahendo.

537 2078 774 2142 CAPITULUM
801 2079 855 2142 IV.

171 2209 219 2268 De
230 2207 333 2266 elerico
348 2205 400 2281 qui
409 2221 467 2280 per
478 2203 671 2262 opinationem
686 2201 887 2262 litteraturam
897 2161 1035 2278 perdidit,
1050 2209 1079 2262 et
1094 2220 1221 2264 omnem

245 2295 353 2368 recepit
374 2289 497 2350 eoadem
519 2305 601 2364 oeno
621 2289 758 2348 revoluto
778 2293 954 2365 supputatam
976 2289 1148 2350 minuendo.

234 2413 338 2476 Abbaa
361 2412 396 2472 de
410 2410 521 2488 Lepide
543 2413 634 2470 saneti
654 2408 843 2491 Myohaelial)
865 2417 995 2486 tempore
1017 2409 1143 2486 Capituli
1163 2428 1220 2489 ge·

170 2501 274 2564 neralia
302 2518 354 2578 per
381 2497 595 2559 Hemmenrode
627 2499 783 2572 transiens,
816 2514 916 2558 casum
943 2496 1103 2556 mirabilem
1134 2500 1220 2558 nimis

170 2591 276 2650 ibidem
297 2587 435 2647 recitavit
477 2585 546 2668 Fuit
567 2584 644 2661 apud
666 2602 734 2660 nos,
762 2587 868 2660 inquit,
901 2582 1021 2644 elerieus
1042 2584 1139 2644 bonae
1161 2584 1219 2645 ad·

170 2677 289 2738 modum
310 2675 497 2740 litteraturae.
539 2671 595 2732 Hic
610 2690 676 2732 eum
692 2670 737 2732 die
751 2671 875 2748 quadam
897 2673 927 2730 in
949 2688 1024 2730 vena
1045 2675 1218 2748 sanguinem

170 2766 323 2837 minueret,
344 2763 385 2822 sie
407 2776 522 2820 omnem
543 2761 747 2835 seripturarum
769 2760 918 2819 seientiam
940 2756 1070 2834 perdidit,
1092 2764 1126 2817 ut
1149 2775 1218 2818 eam
1266 2823 1267 2832 χ

168 2869 220 2928 per
242 2850 410 2926 sanguinem
432 2846 565 2908 effudisse
587 2845 739 2906 videretur.
772 2845 910 2906 Litteram
932 2846 969 2905 ab
992 2844 1041 2905 illa
1061 2843 1135 2904 hore
1156 2863 1217 2906 non
1266 2907 1267 2917 ¹

126 2941 133 2956 '
170 2939 313 3016 cognovit,
334 2925 588 2993 Latini'sermonis
609 2950 663 2993 nee
685 2950 775 2992 unum
791 2931 906 3009 quidem
920 2933 1041 2992 verbnm
1054 2931 1215 3010 intelligere

169 3025 216 3084 vel
243 3023 368 3101 proferre
397 3021 499 3098 potuit.
541 3020 579 3079 Et
608 3027 640 3078 nt
661 3021 797 3079 noveritis
819 3022 1008 3096 privationem
1029 3036 1132 3078 sensus
1153 3036 1216 3079 non

167 3111 255 3172 luisse
283 3113 313 3169 in
335 3126 431 3184 eausa,
452 3106 504 3166 sed
525 3105 653 3166 divinam
674 3108 846 3182 potentiam,
869 3108 995 3166 omnium
1016 3123 1111 3165 rerum
1133 3108 1216 3181 prius

168 3198 331 3258 habitarum
362 3195 446 3272 plene
468 3195 583 3253 retinnit
604 3195 759 3252 seientiam.
803 3193 861 3269 Qui
883 3210 949 3252 oum
969 3201 1030 3252 tam
1051 3191 1216 3252 mirabilem

168 3285 343 3346 litteraturae
365 3298 436 3340 suae
450 3282 589 3340 iaetrrram
611 3297 676 3339 oum
699 3279 796 3340 dolore
818 3279 913 3338 multis
935 3281 1123 3356 exposuisset,
1145 3282 1215 3355 qui-

168 3373 235 3433 dam
251 3373 278 3432 ei
292 3371 383 3430 suasit
404 3368 516 3428 dicens:
538 3367 624 3427 Anno
638 3367 778 3442 revoluto,
800 3365 902 3427 eodem
918 3366 963 3426 die
978 3373 1007 3426 et
1019 3366 1121 3426 eadem
1138 3365 1215 3426 hora

185 3525 216 3593 l)
235 3522 298 3576 cll?
315 3530 354 3572 et.
374 3549 405 3560 -
425 3519 457 3585 2)
476 3517 537 3572 aul>
552 3518 609 3572 Dei
626 3516 746 3570 lactum
764 3525 822 3570 est.
843 3547 873 3557 -
893 3517 925 3584 3)
943 3515 963 3568 Β
981 3515 1214 3584 impraemedi-

236 3593 350 3645 tative.
371 3620 401 3630 -
421 3590 453 3657 4)
470 3588 540 3642 Allll
558 3588 741 3656 proposuit.
769 3617 798 3626 -
820 3584 1212 3657 5)lieg.111‚3.-6}lteg.

236 3663 257 3726 1,
273 3663 300 3724 2,
317 3661 341 3712 3.
360 3659 416 3712 llox
434 3657 500 3711 litu
518 3657 582 3710 alii.
595 3657 669 3724 -7)
687 3656 727 3708 ΒΡ
744 3665 779 3708 ut
796 3656 913 3708 dictum
931 3665 980 3708 est
996 3655 1210 3708 miraculose.

237 3760 269 3772 ·-
297 3731 328 3798 8)
353 3727 537 3788 llllehaelstein‚
563 3726 664 3778 abbatia
693 3725 788 3778 ordinis
811 3723 999 3788 cisterciensis,
1024 3724 1125 3778 duobus
1152 3725 1210 3777 lere

236 3798 343 3854 millibus
362 3798 393 3850 ab
411 3796 505 3865 oppido
523 3794 690 3848 llalbereladt.
732 3826 735 3832 ,
