2580 4316
443 257 505 316 DE
530 254 813 318 OONVERSIONE.
1106 259 1145 315 27

80 378 123 437 isto
142 379 191 438 fuit
222 379 455 440 convertendi
489 379 643 454 voluntas,
679 381 739 438 sire
770 378 963 438 conversionis
991 375 1147 436 habilitas?

84 464 141 526 Ecce
159 466 307 544 Andreas
332 471 415 540 iste,
441 472 586 542 quantum
606 467 717 541 inipso
738 466 798 539 tuit,
820 483 839 525 a
859 467 954 540 gratia
975 481 1007 524 se
1029 467 1146 539 avertit3

88 552 127 611 scd
152 557 245 613 virtus
278 557 448 614 orationis
485 558 649 611 sanctorum
677 569 811 612 aversum
839 557 972 628 potenter
1001 555 1147 610 convertit.

90 639 278 702 noviome:
316 641 412 699 Mira
436 645 511 698 sunt
531 639 602 698 haec
624 645 652 698 et
673 640 830 714 stupenda,
863 644 892 698 ot
920 644 953 696 ut
986 637 1148 713 considero,

94 727 213 788 iustorum
235 731 341 788 oratio
368 729 541 804 praecipue
561 727 758 802 peccatoribus
781 722 851 807 est')
874 725 1044 801 appetenda.

479 914 711 976 onrrvunvu
731 891 804 975 xri.

133 1040 172 1098 Dc
192 1043 392 1099 conversione
417 1037 586 1109 cuiusdam,
609 1041 661 1114 qui
684 1039 769 1096 alteri
790 1043 860 1096 arcte
882 1038 990 1094 ostium
1007 1043 1115 1112 portae

331 1133 427 1184 nocte
454 1127 597 1198 apparuit
617 1129 650 1182 ia
670 1128 761 1199 specie
782 1123 915 1199 infantis.

166 1263 406 1324 MONAOHUS:
430 1263 469 1321 In
491 1262 577 1322 domo
597 1270 696 1322 nostra
717 1262 834 1339 quidam
854 1261 1013 1321 monachus
1028 1267 1079 1335 est,
1102 1264 1150 1337 qui

113 1350 146 1408 ad
165 1352 289 1411 ordinem
310 1355 454 1423 veniens,
483 1365 651 1425 germanum
683 1367 767 1408 suurn
789 1367 874 1425 quem
896 1351 1013 1408 unicum
1035 1349 1149 1424 habuit,

111 1437 201 1497 adhuc
223 1441 406 1498 conversioni
429 1443 548 1512 propter
568 1443 693 1496 aetatem
713 1439 806 1495 minus
828 1435 965 1509 habilem,
985 1438 1014 1494 in
1032 1436 1148 1495 saeculo

112 1523 224 1599 reliquit.
266 1525 386 1584 'limene
411 1541 482 1582 eurn
513 1523 620 1582 saeculi
647 1521 855 1598 impedimentis
882 1524 997 1597 irretiri,
1030 1525 1148 1598 eiusque

109 1627 159 1685 per
177 1611 232 1670 hoc
254 1615 480 1672 conversionem
505 1610 649 1685 impediri,
679 1610 804 1685 quotidie
826 1610 984 1668 Dominum
1012 1607 1148 1688 oravit2),

109 1701 228 1756 maxime
249 1706 349 1757 tamen
371 1700 493 1757 beatam
515 1699 574 1755 eius
596 1699 769 1772 genitricem,
790 1703 823 1754 ut
843 1696 918 1754 illius
940 1699 997 1756 suis
1014 1698 1148 1771 precibus

109 1784 266 1843 accelerare
289 1785 459 1860 dignaretur
481 1786 703 1857 conversionem,
725 1787 804 1842 ouius
825 1785 855 1842 in
876 1784 991 1842 saeculo
1004 1783 1148 1858 periculo·
1263 1849 1265 1857 ¹

108 1885 170 1928 sam
191 1868 283 1950 esse³)
307 1873 502 1931 consideravit
522 1870 742 1929 habitationem:
775 1877 896 1929 noverat
922 1887 1027 1945 pueros
1055 1887 1147 1928 asuo

107 1961 254 2032 proposito
276 1957 359 2016 facilc
381 1973 469 2032 posse
491 1960 589 2015 avorti.
631 1955 791 2015 Attendens
818 1960 882 2032 pius
904 1957 1047 2015 Dominus
1067 1959 1147 2030 pium

107 2045 242 2103 monachi
265 2047 341 2103 circa
362 2061 533 2120 germanum
554 2042 699 2116 studium,
721 2044 799 2101 cordi
819 2043 944 2102 Abbatis
965 2045 1092 2117 immisit,
1115 2049 1148 2100 ut

106 2145 231 2204 puerum
252 2134 433 2206 susciperet,
454 2147 540 2204 quem
560 2130 633 2188 infra
655 2147 745 2188 annos
767 2133 827 2189 sine
850 2129 934 2190 officii
956 2133 998 2188 sui
1019 2128 1146 2204 periculo

106 2220 254 2292 suscipere
276 2235 334 2276 non
356 2219 459 2293 potuit.
501 2217 545 2274 Ea
566 2222 649 2274 nocte
672 2232 730 2290 qua
751 2217 880 2275 habitum
901 2216 1008 2290 induit,
1031 2216 1148 2292 quidam

107 2319 143 2361 cx
165 2304 365 2362 sacerdotibus
386 2303 551 2362 huiusmodi
572 2305 711 2361 visionem
738 2303 773 2362 de
795 2297 873 2383 ilici)
895 2303 975 2363 vidit.
1017 2303 1147 2363 Videba-

107 2397 155 2447 tur
177 2393 205 2450 ei
227 2391 305 2467 quod
326 2397 460 2450 matrona
480 2389 671 2465 pulcherrima
691 2397 758 2448 ante
780 2392 886 2448 ostium
906 2393 1071 2449 monasterii
1086 2398 1147 2449 sta-

107 2483 159 2550 ret,
184 2485 214 2536 et
234 2475 358 2552 puerum
378 2476 531 2552 pulchrum
551 2478 581 2534 in
602 2476 726 2535 brachiis
749 2483 866 2536 teneret.
894 2474 923 2535 A
946 2492 1002 2552 quo
1024 2480 1148 2536 interro-

109 2570 189 2638 gata,
211 2566 292 2623 cuius
316 2561 425 2642 esset⁵)
446 2579 520 2638 puer
540 2562 595 2638 ille,
616 2563 777 2637 respondit:
809 2564 898 2621 Filius
918 2563 993 2622 illius
1015 2563 1148 2622 monachi

111 2655 163 2724 est,
187 2651 306 2709 fratrem
328 2653 389 2711 eius
412 2649 527 2709 nomine
550 2651 711 2725 designans,
734 2649 818 2709 simul
840 2647 896 2729 ctfi)
919 2654 1024 2708 nomen
1045 2653 1149 2710 novicii

110 2737 241 2795 intrantis
264 2739 436 2812 exprimens.
479 2736 517 2794 Et
538 2739 611 2796 sicut
632 2739 693 2812 ipse
715 2737 942 2812 intellexit„qni
963 2737 1037 2795 hanc
1059 2741 1148 2796 visio·

111 2839 179 2880 nem
200 2823 287 2897 vidit,
314 2826 377 2898 ipsa
399 2828 532 2881 matrona
552 2823 743 2898 pulcherrima
764 2825 850 2882 beata
871 2824 927 2882 Dei
949 2825 1070 2899 genitrix
1090 2824 1150 2882 fuit.

112 2907 278 2968 Secundum
300 2908 490 2984 Apostolum:
514 2909 570 2986 Qui
590 2910 678 2967 aliurn
699 2911 788 2996 verbo
810 2911 857 2969 vel
879 2911 1008 2985 exemplo
1024 2910 1061 2969 ad
1076 2913 1150 2970 benc

114 2997 270 3056 vivendum
291 2996 439 3070 informat,
466 2996 543 3055 hunc
568 2997 695 3071 profecto
724 3003 862 3072 tanquam
889 3001 1034 3072 proprium
1062 2997 1151 3056 filium

116 3081 227 3143 Christo
249 3087 370 3160 generat
379 3079 409 3160 ⁷).
454 3081 538 3158 Quod
560 3088 657 3146 autern
679 3083 801 3148 cundem
822 3076 966 3142 novicium
983 3085 1152 3142 venerabilis

115 3171 194 3246 virgo
204 3171 300 3228 Maria
321 3168 361 3228 ad
384 3168 489 3227 ostium
510 3171 682 3244 monasterii,
704 3174 786 3244 quasi
806 3178 898 3230 mater
915 3169 1014 3245 fflium,
1037 3171 1153 3248 dignata

118 3254 186 3337 este)
207 3261 407 3333 praesentare,
430 3254 507 3314 dedit
526 3262 658 3332 patenter
678 3256 842 3334 intelligere,
865 3260 925 3316 eius
937 3262 1154 3317 conversionem

117 3344 293 3418 praedictum
313 3339 493 3401 monachum
514 3345 571 3400 suis
595 3343 769 3402 orationibus
791 3361 842 3419 per
864 3346 924 3403 eius
957 3361 1063 3422 magna
1091 3362 1154 3404 mc-

119 3433 168 3490 n‘ta
189 3433 360 3492 obtinuisse.
406 3425 607 3488 NOVICIUS:
635 3429 710 3488 Satis
733 3447 769 3488 cx
789 3431 834 3489 his
856 3447 998 3508 cognosco
1021 3435 1156 3490 virtutem

135 3616 164 3685 1)
180 3616 199 3670 ὓ
216 3626 266 3670 est
284 3611 618 3682 peccatoribus-2)
635 3615 832 3697 §Dominum
850 3624 994 3668 nostrum
1013 3620 1157 3700 rogavit.

159 3689 269 3830 ,sii
284 3681 517 3816 nom:
537 3683 700 3820 titi?
719 3684 1160 3821 tramittens-0

174 3827 321 3898 dignata
353 3827 407 3870 est
433 3822 520 3887 quasi
546 3832 647 3874 mater
673 3822 785 3875 filium.
