2564 4306
356 289 412 350 Dii
432 287 615 351 PRAEMIO
636 285 902 351 MORTUORIIM.
1050 277 1054 294 ’
1084 289 1146 349 347

110 411 165 473 Dei
186 418 316 490 negatur,
337 412 414 473 idem
435 413 516 472 locus
539 413 690 473 deliciosus
712 415 753 472 eis
768 419 812 472 est
824 412 1021 490 purgatorium
1032 405 1060 490 ι).
1095 409 1148 470 (lui

111 503 268 560 consentire
296 500 410 560 videtur
438 499 516 575 quod
538 507 653 560 sanctus
675 499 831 577 Gregorius
858 501 888 558 in
908 497 1035 574 Dialogo
1057 496 1148 572 dicit,

111 588 164 646 sub
186 586 232 646 his
252 587 362 648 verbis:
392 586 467 647 Nam
489 593 557 646 sunt
578 585 757 663 quonmdam
778 589 917 646 iustorum
939 587 1148 662 animaequae

110 691 129 733 a
160 674 277 734 coelesti
309 691 397 750 regno
425 674 598 748 quibusdam
626 673 722 733 adhuc
751 673 946 732 mansionibus
975 671 1149 732 differuntur.

111 759 145 820 In
175 777 232 836 quo
262 759 404 820 dilationis
434 759 539 820 damno
569 761 638 836 qnid
667 759 745 819 aliud
772 759 898 818 innuitur
925 761 980 817 nisi
1009 759 1086 834 quod
1113 757 1150 818 de

111 847 238 926 perfecta
259 849 365 907 iustitia
387 846 495 923 aliquid
524 850 618 906 minus
646 842 861 925 habuerunt²)‘l
884 839 985 904 'Sicut
1014 845 1112 904 audivi
1132 863 1150 904 a

112 934 238 1010 quodem
266 951 372 1012 magno
401 933 553 1011 theologo,
582 933 799 1012 quodquidam
821 940 880 990 tam
901 933 968 990 iusti
989 928 1089 1011 sint³),
1116 939 1151 990 ut

110 1027 176 1097 post
198 1027 318 1080 mortem
340 1023 432 1098 puniri
452 1038 511 1080 nou
534 1027 706 1096 mereantur,
725 1037 779 1080 nec
796 1025 893 1079 tamen
915 1019 1011 1078 statim
1025 1017 1083 1078 Dei
1104 1020 1150 1078 vi-

112 1110 193 1168 sione
215 1107 351 1184 lmantur,
372 1114 490 1185 propter
510 1107 659 1184 pulverem
680 1107 843 1168 reniuhum.

410 1245 645 1306 cAPITULUM
671 1245 854 1306 XXXVIII.

318 1363 331 1384 't
370 1352 419 1411 De
438 1354 617 1428 purputort'o
639 1353 735 1410 suncti
756 1351 896 1410 Parrutc

176 1455 344 1534 Loquamnr
365 1473 441 1514 nuuc
463 1453 571 1530 ailquid
594 1453 629 1514 dc
650 1456 825 1531 purgatorio.
868 1451 1072 1514 NOVIOIUS:
1094 1453 1151 1516 Ubi

113 1551 156 1604 cst
177 1541 394 1628 purgatorium?
438 1539 673 1602 MONACHUS:
705 1541 852 1617 Quantum
875 1558 910 1601 ex
931 1541 1018 1600 variis
1040 1541 1151 1620 colIIgi-

111 1636 158 1689 tur
180 1631 346 1703 vIsionibus,
368 1630 395 1686 ln
411 1628 530 1687 diversis
551 1627 717 1687 locishuius
733 1627 839 1689 mundi.
883 1625 1057 1688 Paschasius
1078 1635 1151 1690 teste
1180 1685 1183 1693 Α

112 1715 303 1794 Θῐοςοήορη
317 1715 411 1775 calore
433 1722 586 1774 termarum
607 1711 830 1793 purgabatnr²);
853 1715 1011 1793 monachus
1035 1715 1152 1791 quidum

109 1806 202 1864 sancti
223 1803 358 1862 Eucharii
379 1803 407 1858 in
430 1819 500 1878 rupe
523 1801 647 1877 quadam
669 1803 749 1859 iuxta
771 1802 918 1860 Trevenm
940 1807 1006 1878 post
1030 1810 1152 1864 mortem

108 1908 184 1952 anno
206 1892 316 1966 integro
338 1890 458 1966 stetisse,
481 1895 510 1948 et
530 1891 604 1947 aeris
625 1887 836 1946 inclementiam
857 1887 963 1947 ibidem
985 1891 1152 1950 susdnuisse

106 1983 247 2038 narratur.
290 1976 347 2053 Qui
375 1992 444 2034 vero
474 1973 510 2035 de
532 1977 696 2051 purgatorio
726 1974 853 2050 dubitat,
882 1973 1014 2034 Seoeiam
1035 1983 1173 2053 pergat,.

107 2055 305 2142 purgatorium
327 2063 417 2122 sancti
438 2061 554 2121 Patricii
583 2063 682 2135 lntret,
711 2066 740 2121 et
769 2059 804 2121 de
831 2063 1002 2137 purgatoriis
1010 2057 1030 2142 ⁵)
1052 2059 1152 2139 poenis

109 2148 232 2228 amplius
247 2167 303 2208 non
320 2148 471 2209 dubitabit.
507 2147 711 2209 NOVIGIUS:
732 2148 847 2210 Vellem
860 2147 968 2224 aliquid
985 2151 1053 2209 certi
1066 2167 1152 2212 nosse

110 2237 148 2297 de
164 2235 267 2296 eodem
281 2238 457 2315 purgatorio,
478 2236 548 2312 quid
571 2237 617 2312 sit,
637 2236 778 2311 reiquae
800 2252 890 2296 causa
907 2235 983 2295 iilius
1007 2239 1153 2297 exstiterit.

108 2321 346 2384 MONACHUS:
377 2321 449 2382 Cum
471 2329 587 2382 sanetus
609 2323 751 2382 Patricius
779 2327 892 2400 gentem
921 2323 1000 2382 illam
1030 2341 1153 2385 conver-

109 2407 197 2486 teret,
229 2415 258 2469 et
280 2407 315 2470 de
336 2413 437 2488 poenis
459 2409 561 2469 suturis
584 2410 747 2470 dubitarent
755 2408 794 2491 ⁶),
821 2411 954 2485 precihus
985 2411 1107 2470 obtinuit
1136 2431 1154 2471 a

109 2495 175 2557 Deo
197 2496 293 2556 locum
314 2497 403 2556 illum.
446 2497 499 2556 Est
521 2504 618 2557 autern
639 2497 717 2556 fossa
738 2495 854 2555 humilis
875 2514 956 2555 muro
981 2497 1102 2574 valtata3
1126 2506 1155 2558 ct

109 2591 177 2644 sunt
198 2585 238 2643 ibi
259 2583 427 2661 Regulores.
469 2584 535 2644 Nou
559 2589 603 2644 est
623 2592 759 2660 peccator
781 2581 854 2642 adeo
877 2601 1000 2660 magnus
1023 2586 1068 2644 cni
1098 2584 1155 2646 alia

109 2671 267 2732 satisfactio
290 2673 469 2749 iniungatur,
498 2690 586 2748 quarn
609 2676 640 2729 ut
662 2689 719 2731 una
741 2675 826 2732 nocte
848 2671 877 2728 in
901 2671 1002 2731 eodem
1025 2674 1061 2731 sit
1082 2689 1154 2749 pnr-

109 2760 241 2836 gatorio„
271 2757 426 2819 Veientem
448 2759 567 2834 intrare,
589 2762 746 2835 praemissa
768 2758 963 2833 consessione,
993 2761 1154 2819 communi-

111 2850 179 2905 cant
200 2851 228 2903 et
251 2845 400 2920 inungunt,
421 2844 584 2904 thurificant
606 2850 635 2905 et
655 2849 806 2906 instruunt.
848 2843 984 2921 Videbis,
1006 2847 1154 2922 inquiunt,

112 2933 168 2992 hac
190 2937 276 2990 nocte
298 2929 420 2989 insultus
444 2929 625 3007 daemonum,
647 2937 676 2991 et
696 2949 805 3008 poenas
826 2931 992 3012 horribilem
1022 2931 1153 2993 sednon

111 3024 248 3096 poterunt
272 3025 299 3076 te
320 3015 450 3092 laedere,
478 3018 503 3076 si
523 3035 629 3076 nomen
651 3017 725 3078 Jesu
747 3034 859 3094 semper
880 3018 1014 3078 habueris
1037 3022 1066 3077 in
1096 3037 1154 3080 ore.

113 3104 237 3182 Quodsi
260 3103 448 3180 daemonibus
470 3103 683 3164 blandientibus
697 3109 758 3164 sive
773 3106 944 3164 terrentibus
968 3107 1154 3182 consenseris,

112 3201 142 3253 ct
162 3189 265 3252 Jesum
287 3192 421 3249 invocare
444 3190 611 3268 neglexeris,
632 3193 746 3266 peribis.
789 3190 883 3266 Quem
903 3193 933 3249 in
954 3209 1077 3268 vespera
1097 3209 1154 3270 po-

110 3284 213 3339 nentes
236 3294 321 3354 supcr
343 3277 459 3351 lessam,
480 3276 575 3336 locum
598 3276 743 3354 claudunt,
765 3283 794 3336 et
814 3294 899 3336 manc
921 3286 1108 3355 revertentes,
1130 3283 1154 3342 si

111 3383 170 3424 non
186 3366 384 3440 comparuerit,
406 3362 481 3422 ultra
495 3381 553 3423 non
572 3361 791 3446 exspectatur²).
833 3363 919 3423 Multi
940 3365 978 3424 ibi
1001 3369 1153 3445 perierunt,

111 3449 195 3512 rliulti
217 3453 302 3510 etiarn
325 3451 431 3512 reversi
453 3458 537 3528 sunt,
557 3467 677 3526 quorum
699 3453 823 3511 visiones
845 3469 863 3511 a
884 3453 1036 3529 praedietis
1058 3455 1154 3515 fratri·

111 3539 168 3600 bus
190 3540 369 3616 conscriptae
391 3544 466 3612 sunt,
488 3545 517 3599 et
538 3537 702 3598 volentibus
723 3541 826 3598 intrare
848 3540 1043 3601 ostenduntur.

132 3657 163 3726 1)
175 3655 217 3709 CF
231 3655 320 3708 locus
338 3654 581 3726 quantumlibet
595 3653 777 3708 deliciosus
792 3660 1018 3726 purgatorium
1037 3659 1153 3713 eisest.

184 3755 216 3766 -
235 3727 267 3792 2)
285 3725 525 3794 Gregor.i>ui.1V,
543 3726 585 3777 25.
603 3727 637 3764 ὲ-
655 3726 687 3794 3)
706 3726 744 3778 Cl’
764 3736 847 3778 suni.
867 3757 898 3768 —
918 3729 950 3796 4)
969 3730 1072 3798 Gregor.
1089 3728 1153 3781 ilici.

174 3795 284 3858 tuto.
304 3823 334 3838 ··-
353 3795 387 3862 5)
404 3793 444 3846 BP
462 3796 659 3865 purgatorii.
677 3825 710 3838 -·
727 3796 799 3866 (pii
822 3796 1049 3850 dubitassent.
1069 3827 1099 3838 —
1120 3801 1153 3869 7)

184 3864 204 3916 B
222 3873 426 3932 exspectant.
785 3871 790 3882 ‘
