2654 4308
508 281 734 348 omnmomo
758 282 922 372 oonlvl

548 421 781 538 CAPlTULUM
806 475 881 538 XX.

259 599 308 659 De
330 597 469 660 cavaeo
490 616 630 660 converso
651 603 704 676 qai
723 601 757 660 io
778 601 873 661 atas
891 597 1001 676 foetas,
1024 596 1173 659 Obrutam

595 687 668 748 vidit
688 690 722 746 ta
743 704 836 747 ornos

258 807 421 867 Conversus
436 805 553 884 quidam
574 807 654 885 apud
672 824 727 868 nos
748 814 816 869 ante
837 823 929 868 annos
950 805 1061 886 aliquot
1082 804 1224 866 defunctus
1286 799 1288 902 l

194 899 246 968 est,
268 896 310 954 vir
331 893 425 955 bonus
445 912 481 955 ao
502 897 666 969 timoratus,
690 896 805 955 nomine
827 892 986 955 Conradus.
1027 893 1096 970 Ips'e
1117 891 1225 968 estqui
1287 911 1288 944 r

193 979 265 1040 vidit
285 983 314 1040 iu
337 980 421 1042 dorso
442 981 537 1042 fratris
554 981 709 1056 Wilbelmi,
730 988 892 1058 serpentem
914 997 981 1042 oum
1000 981 1032 1038 iu
1055 980 1143 1040 choro
1165 978 1226 1038 dor·

192 1068 289 1144 mirei,
310 1069 384 1128 seut
405 1067 512 1128 dietim
534 1075 579 1152 est
598 1071 628 1127 in
650 1069 828 1129 (intinctione
850 1074 952 1144 quarta
973 1067 1099 1144 capitulo
1120 1065 1226 1126 tricesi-

193 1170 241 1214 mo
276 1152 412 1215 seeundo.
462 1155 519 1215 Hie
554 1161 682 1231 tempore
711 1155 838 1231 quodam
867 1172 934 1215 oum
961 1155 991 1214 in
1020 1153 1106 1214 domo
1135 1157 1227 1212 nostra

191 1240 363 1317 Dollindorp
376 1238 409 1322 ¹),
445 1244 490 1302 eui
524 1249 671 1320 praeerat,
708 1242 787 1302 solus
811 1248 902 1318 osset,
931 1247 961 1302 et
981 1257 1119 1318 magnum
1141 1237 1227 1300 sordis

97 1318 104 1340 ¹
169 1403 172 1410 .
193 1326 239 1398 'sui
255 1327 397 1388 delectum
415 1331 539 1408 sentiret,
561 1331 601 1389 ait
620 1331 695 1389 intra
716 1345 763 1390 se:
787 1326 851 1389 Oeb
871 1329 965 1402 miser,
987 1327 1076 1388 debes
1098 1329 1140 1388 sie
1161 1326 1228 1385 mori

192 1416 254 1475 sine
274 1414 398 1476 homine.
441 1415 498 1476 Vix
518 1415 608 1477 verba
629 1415 753 1492 linierat,
776 1421 805 1476 et
825 1417 855 1474 in
876 1416 997 1475 extasim
1018 1431 1113 1489 ruens,
1135 1429 1201 1474 eece
1208 1405 1227 1492 ²)

193 1499 374 1562 Salvatorem
410 1519 506 1563 coram
543 1519 575 1562 se
603 1504 633 1561 in
655 1519 739 1562 oruoo
770 1501 944 1580 pendentem
964 1499 1045 1560 vidit
1094 1500 1154 1578 Qui
1179 1501 1228 1560 ait:
1288 1511 1289 1556 i

193 1586 333 1663 Conrado,
353 1588 435 1649 vides
456 1595 564 1665 quanta
584 1596 701 1665 propter
722 1596 751 1649 te
772 1585 977 1649 sustinuerim?
1018 1587 1148 1664 Moxque
1169 1592 1229 1664 post

192 1675 283 1736 verba
309 1675 510 1736 consolationis
531 1675 673 1736 adiunxit:
705 1674 809 1735 Omnia
838 1671 942 1755 enim⁸)
964 1692 1053 1751 opera
1080 1679 1132 1735 tua
1161 1674 1229 1733 bene

192 1761 307 1842 placent
339 1762 423 1838 mibi,
442 1779 501 1824 uno
522 1769 635 1823 tantum
656 1768 786 1839 excepto.
829 1761 942 1839 Quibus
965 1762 1057 1836 dietis,
1078 1775 1229 1822 conversus

193 1865 229 1907 ex
257 1850 366 1909 visione
395 1856 455 1909 tam
473 1849 630 1928 salutifera
657 1851 849 1925 confortabis,
878 1847 916 1908 ad
937 1865 969 1909 se
990 1847 1090 1924 rediit,
1117 1854 1229 1909 etcum

188 1934 293 1994 oeulos
314 1937 452 2013 aperiret,
481 1943 514 1996 ut
540 1953 607 1997 eum
628 1954 715 2012 quem
736 1937 837 2012 spiritu
858 1933 969 1995 viderat
990 1940 1134 2010 cerneret,
1162 1935 1228 1994 visio

194 2019 341 2099 disparuit.
383 2023 549 2099 Requisitus
584 2023 715 2083 afrano
743 2021 888 2082 Richardo
918 2038 1057 2082 converso
1085 2021 1229 2099 religioso,
1288 2021 1289 2052 ¹

194 2125 260 2168 oum
283 2111 309 2170 ei
330 2110 478 2170 recitasset
493 2111 649 2185 visionem,
677 2110 702 2169 si
723 2109 880 2169 Dominum
902 2105 1176 2189 adinterrogassett)
1198 2105 1229 2166 de

194 2194 296 2256 eodem
310 2213 405 2273 opere,
418 2198 577 2272 respondit:
589 2197 663 2272 Non,
676 2197 734 2256 iam
752 2195 859 2256 dietam
872 2194 1062 2272 praetendens
1076 2197 1229 2256 necessita-

194 2287 262 2342 tem.
304 2281 508 2344 NOVICIUS:
530 2283 607 2361 Quid
623 2289 666 2343 est
680 2280 759 2359 quod
773 2282 907 2342 Salvator
919 2284 949 2342 in
961 2284 1024 2342 viro
1038 2288 1139 2343 sancto
1163 2297 1229 2358 opus

193 2367 383 2445 reprehendit,
403 2369 482 2444 quod
496 2366 593 2432 ta‘men
606 2371 820 2430 eiinnoteseore
841 2367 954 2428 noluit?
997 2365 1228 2429 MONAOHUS:

194 2455 270 2515 Puto
282 2455 438 2532 quiaillum
449 2456 485 2517 de
496 2458 628 2517 omnibus
640 2459 699 2517 suis
713 2456 847 2533 operibus
861 2455 984 2516 voluerit
995 2472 1059 2516 esse
1073 2455 1230 2528 sollicitum,

193 2548 227 2602 ut
247 2541 316 2601 dum
336 2561 427 2602 unum
447 2547 578 2619 nesciret,
602 2543 638 2603 de
659 2543 778 2619 singulis
799 2544 919 2603 timeret
961 2539 1045 2602 Idem
1066 2548 1135 2603 ante
1156 2559 1229 2602 mor-

193 2634 253 2689 tem
269 2647 352 2690 suam
374 2630 520 2691 confessus
542 2637 586 2690 est
605 2629 717 2690 Abbati
727 2635 835 2689 -nostro
857 2628 936 2705 quod
957 2645 1044 2689 voees
1065 2629 1230 2707 angelorum

194 2723 279 2776 noete
300 2716 425 2793 quadam
446 2717 567 2778 audierit
586 2719 617 2776 in
638 2717 728 2777 eaelo.
772 2714 851 2776 Obiit
871 2721 969 2776 autem
989 2717 1018 2775 iu
1039 2717 1104 2792 ipse
1127 2715 1229 2776 duleis·

194 2805 268 2865 sima
302 2804 456 2865 festivitate
490 2803 703 2881 Assumptionis
738 2802 880 2863 Dominae
915 2808 1046 2877 nostrae,
1081 2805 1172 2878 ipsius
1201 2807 1230 2860 ut

195 2907 279 2967 spero
295 2892 428 2967 precibus
454 2893 501 2952 eui
524 2889 629 2952 devote
651 2892 795 2965 servierat,
818 2888 863 2949 die
884 2889 936 2949 tali
957 2888 993 2948 de
1014 2890 1098 2950 terris
1120 2906 1229 2950 assum-

194 2985 261 3054 ptus
281 2980 311 3038 in
334 2979 455 3038 eoelum.
496 2977 562 3037 Non
580 2975 674 3037 solum
692 2976 849 3037 consolatio
863 2981 907 3036 est
919 2977 949 3034 in
965 2975 1071 3035 Christi
1091 2977 1229 3053 passione,

194 3068 252 3127 imo
281 3066 366 3125 etiam
389 3067 419 3123 in
441 3066 529 3124 saeris
548 3064 723 3140 imaginibus
744 3079 818 3139 quae
837 3062 961 3124 eandem
982 3062 1100 3122 beatam
1120 3064 1229 3140 passio·

194 3169 262 3212 nem
288 3156 511 3228 repraesentant.
553 3150 629 3210 Nam
655 3149 830 3210 honorantes
849 3149 914 3210 illas
954 3147 1084 3210 cuneus
1112 3149 1229 3210 honorat

194 3246 225 3299 et
244 3244 422 3313 remunerat3
442 3239 525 3315 punit
544 3236 696 3298 indevotos
718 3243 748 3298 et
766 3236 953 3314 negligentes.

495 3421 932 3476 ...ςήμ-

214 3720 246 3790 r)
263 3717 421 3784 nonanus,
445 3718 513 3772 naus
536 3719 656 3788 procus
679 3717 754 3772 aomo
772 3716 946 3772 uersantes.
966 3746 997 3760 -
1008 3687 1047 3783 a)
1064 3713 1087 3770 e
1104 3723 1136 3767 a
1152 3725 1228 3766 sace

263 3790 453 3928 {mazicum
476 3804 585 3844 ruens.
602 3819 635 3830 -
652 3789 686 3860 3)
702 3789 786 3842 enim
808 3786 858 3842 odd
875 3786 937 3842 Aba
949 3816 980 3828 -
999 3785 1032 3854 4)
1048 3785 1069 3840 0
1086 3787 1229 3839 interro·
