2580 4316
154 229 194 287 ro
479 179 705 289 nrsrmonro
726 225 856 288 rmus

153 352 321 426 magistrum
342 351 371 407 in
392 352 526 426 grangia,
553 367 629 426 quae
662 356 780 409 vocatur
800 350 891 424 Hert,
918 351 966 424 qui
994 355 1114 408 testatus
1143 357 1188 409 est

154 435 290 510 Spiritum
311 444 442 496 sanctum
461 440 491 496 in
513 440 607 512 specie
630 437 779 496 columbae
809 454 894 512 super
923 443 1009 511 caput
1038 436 1185 495 cuiusdam

153 525 259 582 novicii
271 521 286 603 ¹)
310 524 508 599 descendisse,
542 543 607 584 cum
638 527 668 584 iu
700 524 873 585 monachum
904 522 1119 583 benediceretur
1147 525 1214 604 ab,

154 608 279 669 Abbate.
322 610 525 672 NOVICIUS:
546 611 642 670 Audio
665 614 694 670 in
703 615 758 670 isto
770 610 847 686 qnod
856 609 1006 685 laetificat,
1028 609 1186 686 scdquod-

154 696 222 756 dam
244 701 366 756 occurrit
390 701 558 773 memoriae,
589 699 666 775 quod
694 698 815 756 multum
842 715 888 756 me
918 703 1016 755 terret:
1046 697 1184 772 quosdam

152 783 278 862 intellexi
298 788 410 844 venisse
432 786 470 845 ad
492 786 618 844 ordinem
640 787 716 844 bona
737 787 906 859 intentione,
940 791 969 842 ct
989 783 1187 845 adolescentes

153 887 276 948 magnae
295 874 483 948 innocentiae,
505 876 553 948 qui
574 887 709 949 processu
731 875 865 951 temporis
885 878 1070 946 respexerrmt
1082 869 1185 952 retr02)

154 965 183 1019 et
203 961 353 1034 perierunt.
397 958 629 1020 MONACHUS:
650 961 826 1034 Frequenter
843 958 940 1018 audiri
961 957 1037 1016 talia.
1079 960 1185 1019 Dicere

153 1046 253 1105 solitus
275 1053 335 1106 erat
357 1047 487 1106 dominus
508 1046 656 1106 Johannes
676 1046 916 1122 Archiepiscopus
930 1045 1120 1121 Treverensis,
1141 1049 1186 1106 vir

153 1133 278 1210 prudens
300 1140 329 1193 et
350 1137 395 1193 eui
417 1137 485 1192 satis
507 1141 587 1193 erant
607 1139 676 1192 nota
687 1131 708 1214 ³)
717 1134 820 1193 ordinis
841 1136 929 1192 nostri
950 1139 1067 1207 secreta,
1088 1151 1185 1192 rarum
1246 1149 1249 1154 ·

153 1238 216 1280 esse
238 1221 316 1296 quod
335 1223 417 1296 pueri
437 1221 485 1280 vel
505 1223 622 1279 iuvenes
645 1221 682 1279 ad
714 1221 841 1280 ordinem
869 1215 1030 1294 venientes,
1063 1237 1184 1295 quorum

153 1310 339 1367 conscientias
347 1305 368 1387 ⁴)
391 1307 503 1382 pondus
515 1311 627 1382 peccati
647 1325 703 1366 non
717 1313 826 1384 gravat,
846 1309 988 1366 ferventes
1007 1309 1071 1366 sint.
1111 1309 1185 1382 Imo,

62 1404 73 1418 ‘
153 1395 230 1470 qnod
251 1391 411 1454 miserabile
421 1391 441 1474 ⁵)
465 1401 522 1468 est,
555 1396 602 1452 vel
627 1397 658 1453 in
680 1395 777 1454 ordine
799 1395 894 1469 tepide
916 1391 972 1473 et⁶)
995 1397 1087 1452 minus
1109 1396 1185 1454 bene

151 1484 260 1557 vivunt,
282 1483 329 1542 rel
350 1483 387 1540 ab
411 1482 508 1540 ordine
529 1499 644 1557 prorsus
665 1481 817 1541 recedunt:
840 1482 985 1557 quianon
1008 1488 1050 1539 est
1070 1479 1126 1561 in⁷)
1142 1485 1183 1541 eis

150 1570 234 1627 timor
255 1572 435 1629 accusatricis
458 1571 661 1644 conscientiae3
685 1569 720 1628 dc
742 1569 893 1628 virtutibus
915 1571 972 1626 suis
989 1576 1183 1644 praesumunt,

150 1659 247 1732 sicque
269 1657 391 1716 subortis
413 1657 616 1714 tentationibus
650 1659 742 1714 minus
774 1658 915 1714 resistunt.
958 1655 1039 1713 Nosti
1067 1655 1183 1714 fratrem

149 1750 277 1801 nostrum
285 1741 323 1822 ⁸),
358 1745 406 1818 qui
426 1744 497 1800 infra
518 1743 595 1802 hune
616 1761 743 1802 mensem
772 1742 807 1800 de
835 1745 953 1818 grangia
984 1737 1106 1822 vicina⁹)
1129 1743 1183 1802 de·
1248 1787 1252 1796 ,

151 1837 250 1904 ceptus
282 1849 300 1888 a
328 1831 444 1888 muliere
473 1829 611 1888 recessit?
655 1828 860 1889 NOVICIUS:
884 1828 1005 1904 Optime.
1048 1827 1183 1888 MONA-

153 1915 270 1976 CHUS:
291 1916 338 1975 De
359 1919 413 1974 isto
427 1916 659 1976 mihi'constebat
675 1915 712 1997 ¹⁰),
736 1916 814 1992 quod
835 1933 952 1991 corpore
973 1917 1053 1992 virgo
1075 1917 1128 1974 luit
1144 1914 1183 1996 ¹¹),

149 2006 259 2062 iuvenis
282 2003 483 2079 disciplinatus,
504 2007 544 2062 ita
567 2003 645 2080 quod
665 2007 807 2063 neminem
819 2006 892 2062 inter
903 2019 1056 2062 conversos
1069 2010 1182 2063 nostros

53 2081 57 2098 ‘
149 2092 336 2150 aestimabam
354 2088 382 2169 12)
405 2107 439 2150 co
461 2092 616 2150 meliorem.
659 2089 860 2150 NOVICIUS:
882 2091 958 2148 Vere
978 2089 1127 2165 Dominus,
1148 2100 1182 2152 ut

149 2177 217 2235 dicit
236 2178 389 2253 Propheta,
412 2177 545 2236 terribilis
566 2182 598 2236 tn
620 2179 744 2237 comitiis
766 2195 854 2252 cuper
873 2179 947 2253 filios
968 2178 1122 2235 hominum
1141 2176 1181 2256 ¹³).

148 2262 380 2324 MONACHUS:
414 2264 519 2323 Dicam
540 2266 591 2324 tibi
614 2272 642 2324 et
661 2260 689 2343 14)
711 2264 804 2339 aliud,
837 2263 914 2341 quod
935 2265 1110 2340 temporibus
1132 2281 1182 2324 se-

147 2353 259 2409 niorum
287 2357 446 2410 nostrorum
476 2354 593 2428 contigit
618 2354 647 2409 in
670 2352 816 2425 Olaustro,
848 2358 938 2410 matre
953 2357 1078 2425 nostra,
1107 2354 1183 2410 sicut

146 2437 258 2498 illorum
279 2438 414 2499 relatione
437 2442 559 2515 cognovi
577 2435 625 2518 ¹⁵),
915 2437 916 2442 ’

468 2629 723 2690 carnorum
746 2627 835 2712 rvr)
927 2646 931 2664 r

147 2755 194 2814 Dc
215 2756 329 2814 novicio
350 2756 383 2814 io
404 2753 620 2812 Hcmmcorode
641 2770 788 2824 converso,
812 2754 847 2810 dc
869 2769 928 2828 quo
947 2753 1182 2812 eoactusDovid

398 2841 485 2899 decit:
507 2841 578 2900 Noa
600 2847 642 2898 est
663 2840 797 2898 comibus
820 2841 932 2898 dotum

211 2979 298 3038 Venit
324 2977 391 3037 illuc
412 2971 440 3058 ¹⁶)
470 2977 585 3054 quidam
614 2977 842 3038 adolescentulus
870 2977 991 3037 multum
1020 2976 1123 3037 devote
1150 2989 1181 3039 et

147 3066 288 3124 humiliter
319 3072 419 3142 petens
447 3067 620 3142 ingressum;
652 3072 801 3140 susceptus
830 3072 942 3138 autem,
974 3067 1035 3124 sine
1063 3067 1179 3141 querela

146 3159 330 3212 conversatus
353 3159 397 3244 est
415 3149 452 3232 ¹⁷).
495 3152 581 3212 Hunc
612 3170 681 3212 varo
711 3151 880 3212 venerabilis
906 3151 1040 3212 sacerdos
1061 3152 1177 3230 David,

0 3351 1 3390 3
164 3320 232 3387 00
258 3319 425 3372 cuiusdam
452 3321 576 3373 novicii
602 3280 757 3388 caputss
785 3319 816 3386 2)
841 3317 882 3371 BG
908 3326 1000 3371 retro
1025 3335 1178 3386 respexe-

0 3395 1 3408 ³
105 3429 110 3434 .
213 3399 295 3442 runt.
316 3419 346 3432 -
366 3391 398 3458 3)
416 3390 436 3442 C
454 3400 529 3442 nota
548 3399 690 3442 erant-
709 3390 741 3457 4)
760 3387 780 3440 G
797 3390 1041 3440 conscientiam.
1061 3419 1092 3428 -·
1111 3389 1177 3456 5)ss

213 3459 486 3512 miserabilius-
506 3461 537 3528 6)
556 3460 596 3512 BC
613 3459 713 3511 vel—
734 3459 766 3525 7)
783 3460 814 3510 in
832 3474 872 3509 ont
891 3458 961 3510 0.-
980 3460 1013 3526 8)
1030 3465 1177 3510 nostrum

213 3545 253 3580 om
272 3529 320 3581 Dl'.
341 3559 371 3570 -
391 3530 423 3596 9)
441 3529 477 3580 de
499 3531 633 3598 grangia
652 3530 758 3580 vicine
777 3545 816 3580 om
835 3527 862 3579 G.
883 3559 914 3567 -
934 3529 982 3596 10)
1000 3527 1020 3580 G
1038 3537 1175 3580 constat.

214 3599 262 3666 11)
280 3598 300 3650 G
318 3599 423 3651 luerit.
444 3627 474 3640 υ-
495 3600 543 3666 12)
561 3598 582 3650 C
598 3597 648 3649 add
665 3615 746 3651 esse.
767 3627 797 3638 ·-
822 3598 871 3666 13)
882 3597 952 3650 l’sal.
972 3600 1013 3660 65,
1032 3601 1056 3649 5.
1076 3627 1106 3638 -
1127 3598 1176 3665 ll)

212 3677 244 3719 et
261 3684 302 3720 onr
319 3668 347 3720 C.
368 3698 397 3708 -
418 3668 466 3737 15)
483 3669 505 3720 G
522 3667 640 3720 audivi.
660 3697 689 3708 -
714 3669 747 3738 1)
764 3667 921 3736 subsequens
938 3667 1079 3733 exemplum
1096 3666 1177 3718 habes

210 3740 285 3790 otium
312 3740 341 3808 in
360 3738 449 3790 Homil.
471 3737 501 3790 ll.
520 3755 545 3806 p.
564 3739 605 3790 lo.
626 3767 657 3778 -
682 3738 769 3807 ro)c
794 3738 872 3790 illic.
892 3767 923 3778 -·
949 3738 997 3805 17)
1015 3736 1057 3790 BG
1073 3736 1123 3788 add
1144 3739 1176 3789 in

211 3807 408 3878 probatione.
