2664 4308
442 302 496 364 DE
514 301 805 366 SIMPLICITATE.
1087 303 1150 362 383

109 427 213 489 edocta
233 427 342 501 dierat,
364 425 500 502 dilectum
521 429 675 500 invocans,
708 443 794 501 quem
816 425 958 500 quaesivit
977 424 1101 499 invenit,
1123 430 1153 484 et

109 514 187 592 quod
203 514 368 591 perdiderat
389 515 504 589 recepit.
547 513 641 589 Saepe
655 513 737 572 Deus
759 514 880 588 gratiam
902 528 985 572 suam
999 510 1152 587 subtrahit,

108 609 142 662 ut
180 602 294 662 avidius
334 606 501 675 quaeratur,
541 606 570 659 et
604 603 722 658 inventa
762 599 923 676 diligentius
967 598 1151 658 custodiatur.

108 691 181 750 Post
194 705 286 748 annos
298 687 407 762 aliquot
430 705 495 746 cum
516 686 752 746 idemdohannes
774 703 838 745 eam
859 688 962 744 iterum
983 688 1114 744 visitaret
1125 681 1152 764 ¹),

110 783 141 836 ct
161 776 197 837 da
219 781 298 834 statu
320 775 379 833 eius
401 776 570 849 inquireret,
590 773 640 832 illa
652 771 673 850 ²)
694 773 820 832 hilariter
841 772 1003 848 respoudit:
1027 769 1151 846 Optime.

111 863 227 922 Gratias
256 863 340 921 vobis
368 878 440 938 ago,
470 863 538 936 quia
566 863 640 920 sicut
666 878 715 920 me
745 860 896 933 docuistis,
924 861 966 918 ita
995 859 1152 918 Dominum

110 967 208 1009 mcum
229 951 334 1008 inveni.
379 948 435 1023 Qui
458 965 524 1006 cum
544 948 667 1006 verbum
688 965 747 1006 non
767 946 961 1023 intelligeret,
975 952 1003 1004 et
1024 945 1081 1019 illa,
1103 962 1152 1004 se-

111 1037 239 1097 cundum
257 1035 334 1110 quod
346 1034 524 1110 praedictum
541 1039 593 1108 est,
615 1033 836 1093 admemoriam
859 1035 885 1092 ci
907 1038 1010 1092 cuncta
1028 1049 1151 1091 revoca·

110 1129 163 1198 ret,
178 1123 304 1196 subrisit,
325 1121 470 1180 Christum
483 1120 655 1197 glorificans,
677 1123 726 1197 qui
745 1120 922 1197 simplicibus
941 1137 972 1180 se
987 1114 1152 1180 conformat.

413 1282 653 1405 ,carrubium
678 1309 851 1392 xxxma)
939 1351 943 1361 f

137 1437 183 1494 De
204 1435 327 1510 simplici
348 1452 450 1493 sorore
470 1438 503 1493 irc
525 1433 701 1507 Kummede,
724 1437 772 1493 cai
792 1439 825 1493 in
847 1437 982 1494 oratione
1005 1431 1137 1494 Cbrr'atra

357 1521 514 1598 cequndii,
538 1521 712 1596 quodessct
733 1525 765 1580 in
786 1523 916 1580 saccello

145 1643 147 1648 '
180 1642 216 1700 Iu
236 1640 400 1716 Kummede
413 1639 433 1721 ³)
455 1645 627 1701 monasterio
651 1643 908 1702 sanctimonialium
930 1641 1036 1717 ordinis
1058 1643 1156 1714 nostri,

115 1728 236 1805 simplex
249 1727 391 1802 quaedam
412 1728 509 1804 puella
530 1727 631 1809 erati),
653 1727 777 1804 ligneam
791 1730 901 1788 habens
912 1731 1066 1804 imaginem
1088 1745 1154 1787 eru·

116 1816 201 1875 cifixi.
246 1814 341 1890 Quam
364 1833 430 1874 cum·
450 1815 612 1891 trequentes
634 1816 767 1874 adoraret
789 1822 817 1875 et
839 1815 1066 1887 deoscularetur,
1089 1830 1155 1872 sac-

118 1902 191 1962 cello
220 1904 384 1977 impositam
413 1903 467 1962 sub
490 1904 650 1962 stramentis
671 1902 769 1960 leetrdi
789 1905 834 1961 sui
855 1901 1015 1960 abscondit.
1059 1899 1157 1961 Oblita

118 1990 169 2048 ubi
189 1989 268 2047 illam
280 1986 300 2068 ⁵)
323 1992 473 2064 posuisset,
495 2007 594 2048 omnes
616 1989 739 2065 angulos
760 1991 924 2048 monasterii
944 1990 1031 2046 tristis
1053 1990 1155 2046 circm-

119 2073 203 2155 vite),
230 2079 380 2150 quaesivit,
401 2077 453 2135 scd
467 2093 525 2135 nou
545 2079 662 2136 invenit.
704 2076 760 2134 Dia
782 2077 907 2151 quadam
921 2081 988 2136 ante
1010 2074 1156 2149 quoddam

119 2162 209 2222 altare
230 2169 381 2238 prostrata,
403 2181 469 2222 cum
490 2180 542 2238 pro
565 2162 692 2222 eiusdem
708 2165 838 2240 imaginis
856 2164 1032 2222 restitutione
1054 2168 1157 2236 oraret,

120 2249 324 2324 Christumque
347 2267 413 2309 cum
433 2250 530 2308 multis
550 2249 672 2309 lacrimis
690 2250 889 2326 interpellaret,
912 2250 1050 2309 desiderio
1071 2249 1156 2324 puel-

117 2337 193 2396 lulae
217 2336 417 2396 condelectans
438 2337 496 2396 Dei
517 2337 590 2396 filius
612 2337 773 2412 respondit:
802 2336 868 2397 Noli
889 2338 971 2412 flere,
993 2336 1067 2409 filia,
1089 2338 1157 2411 quia

117 2427 157 2482 in·
176 2422 300 2484 saccello
329 2425 383 2482 sub
417 2427 552 2483 stramina
579 2424 676 2483 lectuli
707 2426 748 2482 tui
775 2427 865 2484 iaceo.
915 2425 1059 2484 Putabam
1087 2423 1157 2481 milri

118 2509 241 2570 relatum
262 2511 348 2570 fuisse
370 2529 389 2569 a
410 2511 508 2570 Priora
535 2511 592 2570 loci
612 2511 701 2585 illius,
731 2510 808 2586 quod
835 2514 864 2570 in
890 2514 997 2570 somnis
1011 2507 1030 2590 τ)
1052 2527 1157 2570 vocem

118 2599 308 2674 percepisset,
338 2599 421 2656 sicuti
448 2600 579 2673 posuisse
599 2615 646 2656 me
666 2598 763 2658 recolo
785 2601 814 2656 in
835 2598 976 2658 Homeliis
997 2597 1157 2658 Moralibus

120 2684 157 2742 da
178 2685 302 2748 Infantia
323 2684 495 2759 Salvatoris3
518 2684 570 2743 sed
592 2687 633 2744 sic
655 2703 718 2745 esse
739 2689 841 2761 postea
863 2688 1002 2745 veraciter
1022 2685 1157 2744 intellexi.

119 2770 191 2830 Mox
211 2769 308 2846 puella
329 2789 456 2847 surgens,
478 2776 634 2830 stramenta
648 2789 701 2832 sua
723 2773 853 2847 revolvit,
875 2779 904 2832 et
925 2775 998 2832 sicut
1019 2773 1157 2845 audierat,

119 2860 161 2917 sic
187 2860 304 2916 invenit.
346 2857 423 2918 Ecce
452 2857 508 2918 hoc
538 2865 581 2918 est
611 2858 688 2934 quod
710 2859 818 2919 dictum
841 2865 884 2918 est
906 2862 1049 2936 superius,
1080 2857 1158 2934 quod

119 2944 293 3020 quandoque
307 2943 450 3004 Dominus
472 2963 555 3004 suam
568 2946 718 3004 subtrahat
731 2949 860 3023 gratiam,
881 2953 914 3004 ut
935 2947 1046 3005 avidius
1066 2962 1157 3021 quac·

118 3036 214 3107 ratur,
247 3038 275 3090 et
304 3031 467 3106 quaerendo
496 3031 619 3108 amplius
646 3041 796 3092 mereatur.
845 3031 1050 3093 NOVICIUS:
1085 3032 1157 3092 Cum

118 3119 202 3178 Deus
222 3119 251 3177 in
273 3118 443 3194 simplicium
465 3122 592 3178 oratioue
614 3125 725 3178 tanturn
747 3120 911 3194 delectetur,
936 3127 1006 3196 puio
1029 3119 1108 3195 quod
1128 3122 1158 3178 iu

120 3212 277 3281 conspectu
296 3208 355 3264 cius
378 3205 463 3265 valde
476 3209 602 3281 pretiosa
624 3209 660 3266 sit
681 3208 891 3266 morsillorum.
923 3206 1157 3283 MONACHUS:

119 3291 268 3352 Veraciter
281 3295 415 3367 pretiosa,
438 3296 505 3368 quia
525 3295 616 3352 virtus
633 3293 820 3369 simplicitatis
843 3296 929 3352 etiam
943 3297 1072 3370 martyrii
1092 3293 1158 3370 pal-

118 3397 197 3438 mam
220 3384 249 3437 et
269 3379 472 3440 miraculorum
493 3380 613 3456 gloriam
634 3389 767 3440 meretur.
805 3382 873 3440 Tria
902 3380 938 3442 de
966 3382 1023 3440 hoc
1045 3382 1157 3441 subne-

119 3473 198 3538 ctam
222 3465 361 3542 exempla.

137 3598 343 3667 ocrearum
361 3601 520 3652 visitaret
538 3617 619 3665 eam,
637 3600 701 3653 Aur
719 3617 785 3654 eam
808 3604 973 3656 visitaret.
993 3632 1024 3642 -
1044 3603 1076 3667 2)
1094 3602 1114 3652 B
1133 3612 1159 3653 et

190 3676 219 3718 ut
237 3667 338 3721 videtur
355 3687 385 3736 pr
402 3671 424 3722 Α
443 3671 501 3721 illi.
521 3698 551 3709 —
578 3671 611 3738 a)
629 3671 718 3727 Hamil.
735 3673 754 3723 l.
772 3689 798 3740 p.
818 3673 876 3724 134.
896 3703 926 3712 -
953 3674 985 3740 3)
1008 3671 1158 3724 coenobium

190 3737 328 3791 llummcde
342 3741 368 3790 in
381 3740 520 3792 Palatinatu
532 3741 615 3804 situm,
625 3742 767 3807 pertinebat
780 3741 812 3792 ad
824 3742 995 3805 Ebcrbacurrr3
1008 3757 1074 3793 anno
1091 3742 1159 3794 1566

190 3805 301 3859 deletum
328 3818 376 3861 cst.
401 3840 432 3848 -
457 3810 489 3876 4)
508 3810 571 3862 ADP
589 3810 659 3863 fuit.
679 3841 712 3850 -
739 3812 810 3879 5)l)
837 3811 943 3866 oblita
970 3826 1045 3864 vcro
1071 3810 1159 3862 illem

118 3873 125 3891 ⁸
191 3876 254 3929 ubi.
274 3908 305 3916 -
324 3879 356 3947 6]
374 3879 394 3931 Β
412 3881 586 3933 circuiens.
606 3910 637 3920 -
657 3881 689 3949 7)
705 3881 747 3934 ΑΡ
766 3896 884 3933 somno.
