2664 4308
173 245 212 304 rc
477 241 704 335 namucum
726 240 900 304 snrnnrs

172 367 272 440 nibus,
304 366 353 440 qui
381 364 417 424 de
437 363 560 426 Francia
580 365 707 442 hospites
727 366 785 425 huc
807 367 886 426 missi
907 371 988 440 sunt,
1016 367 1066 441 qui
1087 363 1210 426 studiosi

173 460 240 512 sumt
261 451 351 512 valde,
368 453 444 511 eirca
464 452 620 526 silentium,
640 454 764 512 maxime
785 453 886 513 diebus
916 452 1019 527 quibus
1048 454 1210 512 communi-

174 545 249 602 cant.
291 538 424 599 Secundo
445 547 514 598 vero
536 556 572 600 ex
592 547 674 614 parte
695 542 756 600 eius
777 541 976 614 voeati,'cum
997 541 1159 614 venissent,
1180 545 1210 599 ct

174 629 215 688 eis
230 626 332 686 Abbas
350 642 460 684 moram
471 627 674 702 improperaret
686 622 712 706 ¹),
732 625 875 686 humiliter
892 643 923 686 se
937 632 1114 700 excusantes,
1136 642 1210 686 con·

174 711 317 774 sederunt.
359 711 495 789 Sequenti
523 711 569 772 dic
591 719 748 772 conventus
776 713 913 774 elabere
934 712 1062 787 rediens,
1090 719 1120 773 et
1140 719 1211 772 ante
1310 759 1311 764 1

112 798 287 878 sportam
307 800 382 858 iacto
403 800 495 875 primo
510 802 592 876 signo
613 817 716 874 nonae,
737 800 895 860 seeundum
916 805 1093 875 exspectans,
1114 801 1212 860 senior

175 907 211 948 ex
232 888 279 948 eis
295 903 360 946 eum
381 892 460 946 stans
482 903 568 961 super
587 886 738 946 fossorium
758 905 842 946 suum
864 904 895 946 se
916 885 1078 961 reclinaret,
1103 892 1131 946 et
1152 903 1211 944 no-
1311 918 1312 922 =

173 993 240 1035 nam
263 973 299 1032 de
319 973 446 1032 Domina
465 979 564 1032 nostra
584 972 699 1049 dicerm,
722 975 763 1033 sic
784 974 886 1034 stando
906 973 1008 1034 leniter
1028 971 1212 1033 obdormivit.

173 1062 212 1121 Et
233 1077 300 1120 ecce
320 1061 413 1136 ipsam
434 1058 490 1118 Dei
511 1058 699 1135 Genitricem,
732 1061 908 1120 diversorum
929 1060 1060 1119 ordinum
1079 1060 1212 1135 personis

175 1151 325 1232 stipatam,
352 1149 382 1204 in
404 1148 476 1206 mira
498 1146 626 1206 claritate
651 1149 725 1206 inter
745 1164 777 1206 se
806 1153 834 1206 et
861 1153 974 1223 portam
995 1148 1113 1206 transire
1135 1163 1211 1206 con·-

172 1237 274 1312 spexit.
316 1231 424 1308 Aqua
445 1250 511 1293 cum
531 1234 646 1292 minime
668 1236 750 1308 quasi
770 1235 885 1309 ignotus
906 1236 1093 1310 respiceretur
1112 1249 1211 1309 neque
1312 1224 1313 1242 ¹

173 1326 332 1395 vocaretur,
352 1322 439 1380 nuos
461 1322 501 1380 ait
513 1321 588 1379 intra
601 1337 648 1380 set
665 1320 732 1380 Heu
749 1320 818 1378 mihi
839 1323 951 1395 misero,
972 1336 1061 1396 quare
1081 1337 1128 1380 me
1149 1335 1211 1379 non

173 1407 278 1469 vocat?
322 1406 405 1482 Quae
426 1424 492 1466 enm
512 1406 660 1482 paululum
680 1409 881 1482 processisset,
902 1409 1018 1466 miserta
1036 1406 1123 1481 illius,
1141 1423 1211 1468 mo·

171 1495 297 1556 nochum
327 1493 491 1553 familiarius
522 1494 578 1554 sibi
607 1493 812 1553 adhaerentem
843 1495 951 1554 remisit
980 1492 1092 1554 dicens:
1124 1493 1212 1554 Voca

172 1580 346 1642 monachum
371 1579 460 1639 illum.
509 1579 603 1655 Quem
631 1597 697 1640 cum
723 1597 854 1640 reversus
884 1586 1001 1640 vocaret
1029 1585 1058 1639 et
1086 1579 1210 1640 diceret:

172 1670 256 1742 Veni,
277 1668 403 1727 Domina
422 1672 521 1726 nostra
537 1673 623 1726 vocat
636 1673 680 1742 te;
701 1684 770 1742 prae
791 1666 898 1744 gaudio
919 1667 1134 1743 expergefactus
1156 1674 1211 1727 est.

172 1756 294 1829 maana,
316 1760 345 1814 et
365 1754 512 1812 dominum
532 1751 693 1813 Walterum
715 1754 910 1828 considerans,
932 1753 1046 1814 dicebat
1065 1756 1141 1813 intra
1160 1770 1210 1814 se:

173 1841 338 1904 Simillimus
361 1848 404 1900 est
425 1839 582 1900 monachus
603 1842 658 1900 istc
678 1840 835 1916 monacho,
856 1857 908 1916 per
930 1857 1015 1915 quem
1035 1839 1121 1912 hodie
1141 1840 1210 1900 Do-

172 1932 251 1988 mina
278 1933 376 1988 nostra
401 1929 430 1986 in
459 1928 565 1987 somnis
593 1927 710 1987 vocavit
737 1945 798 2002 me,
826 1930 880 1986 nisi
901 1927 980 2002 quod
1001 1927 1113 1987 cuculla
1132 1927 1210 1988 illius

172 2019 274 2092 grisea,
295 2015 380 2074 huius
394 2019 490 2074 autem
511 2013 579 2073 alba
600 2020 651 2073 est
694 2013 732 2072 Et
743 2017 873 2074 recitavit
886 2016 1024 2074 visionem
1044 2015 1122 2074 socio
1145 2031 1210 2074 suo.
1314 2045 1315 2074 ;

173 2102 309 2178 Sequenti
330 2099 376 2160 die
398 2117 463 2160 cum
478 2099 608 2160 dominus
621 2098 725 2160 Abbas
747 2107 777 2160 et
788 2100 934 2176 Walterur
953 2107 1048 2160 essent
1060 2103 1210 2176 recessuri,

174 2198 203 2250 et
233 2189 271 2248 ab
300 2189 340 2248 eis
368 2186 505 2264 praedicti
531 2189 650 2246 iuvenes
677 2187 715 2246 ad
736 2193 848 2263 portam
868 2193 976 2262 vocati,
1004 2187 1210 2263 Walterusque

173 2278 202 2334 in
222 2292 276 2335 sua
296 2276 390 2352 grisea
410 2273 523 2334 cuculla
544 2274 735 2359 staret„alba
757 2291 832 2349 quae
853 2275 907 2334 sibi
927 2274 1020 2334 iuerat
1039 2291 1209 2335 accommo-

173 2363 241 2422 data
263 2361 400 2438 deposita,
422 2364 462 2421 ait
475 2361 633 2420 monachus
654 2362 744 2422 socio:
767 2361 889 2435 Revera,
909 2363 963 2422 iste
985 2367 1029 2422 est
1048 2361 1210 2422 monachus

173 2451 222 2524 qni
249 2451 366 2508 vocavit
393 2465 453 2523 me,
485 2454 596 2508 vestem
618 2463 777 2523 cognosco,
804 2447 839 2508 de
861 2464 983 2523 persona
1011 2465 1069 2508 non
1097 2448 1209 2508 dubito

172 2536 244 2595 Post
264 2536 325 2596 dies
345 2552 454 2611 pancos
474 2534 551 2594 idem
572 2533 718 2594 Wadterns
740 2537 835 2610 coepit
853 2534 1000 2609 infirmari,
1029 2537 1078 2609 qui
1099 2535 1157 2594 fide
1179 2543 1210 2596 et

173 2624 290 2682 caritate
310 2622 420 2698 plenus,
442 2621 589 2680 consessus
610 2626 697 2696 atque
719 2624 864 2696 contritus,
885 2622 972 2682 beata
988 2622 1045 2681 Dei
1063 2620 1210 2682 Genitrice

171 2726 208 2770 se
224 2715 360 2784 vocante,
391 2707 426 2768 de
447 2708 571 2767 tenebris
592 2709 723 2766 transivit
743 2708 780 2767 ad
801 2707 910 2782 lucem,
944 2707 979 2768 de
1000 2707 1057 2768 fide
1078 2707 1117 2768 ad
1138 2726 1209 2785 spe-

171 2791 288 2876 cicm2),
316 2795 351 2856 de
372 2795 471 2854 labore
496 2794 534 2854 ad
562 2796 703 2868 requiem,
733 2793 768 2854 dc
790 2797 889 2856 merito
911 2794 949 2854 ad
970 2796 1142 2871 praemium,
1171 2795 1210 2857 de

170 2882 278 2942 mundo
311 2877 349 2941 a'd
379 2883 510 2957 patriam.
563 2879 611 2940 Ad
646 2897 734 2956 quam
745 2877 767 2960 ⁸)
798 2899 851 2941 nos
884 2882 1023 2957 perducat
1057 2884 1119 2957 ipse
1150 2881 1211 2943 Dei

170 2968 245 3028 filius
265 2970 408 3028 Dominus
427 2965 532 3028 noster
552 2967 641 3028 Jcsus
669 2966 798 3028 Christus
830 2986 866 3028 ex
893 2968 987 3028 Maria
1006 2969 1124 3048 Virgine
1151 2987 1209 3030 na-

170 3062 232 3131 tus,
264 3058 314 3132 qni
343 3061 387 3114 est
414 3056 462 3114 via
488 3057 519 3112 in
546 3054 693 3130 exemplo,
721 3057 826 3114 veritas
852 3057 882 3114 in
913 3058 1054 3131 promisso
1086 3057 1147 3116 vita
1178 3058 1209 3116 in

170 3145 306 3218 praemio.
337 3142 441 3200 Amen.
470 3140 632 3200 Monachus
653 3157 721 3202 vero
745 3141 910 3203 Vilariensis
931 3148 961 3203 et
982 3145 1045 3217 ipsc
1071 3149 1209 3218 vocatus,

170 3231 244 3289 sicut
265 3232 291 3288 ei
312 3228 404 3288 iuerat
420 3235 644 3304 praeostensum,
665 3230 765 3304 paneis
787 3227 888 3288 diebus
905 3229 1077 3304 interpositis
1098 3231 1209 3306 migra-

169 3318 211 3374 vit
232 3315 270 3375 ad
291 3315 456 3376 Dominum.
498 3314 580 3374 Haec
602 3314 670 3373 mihi
692 3314 782 3374 relata
803 3322 871 3374 sunt
891 3316 1067 3391 apraedicto
1089 3314 1209 3378 Abbate

168 3401 335 3462 Eustachio.
363 3436 405 3445 —
434 3400 475 3461 Ut
502 3409 599 3461 antem
628 3402 789 3461 ostenderet
816 3403 958 3462 Dominus
994 3404 1093 3478 quanti
1128 3404 1210 3480 apud

168 3491 262 3565 ipsum
291 3494 366 3548 esset
391 3491 483 3548 meriti
511 3489 609 3548 matris
637 3506 707 3549 suae
729 3488 863 3565 dilectus,
891 3492 978 3566 signis
999 3495 1209 3564 postmortem

166 3575 247 3634 illum
267 3573 444 3654 glorificavit.
486 3575 597 3635 Eodem
619 3581 747 3652 tempore
768 3575 951 3637 Winemarus
982 3576 1016 3636 de
1037 3575 1210 3658 Aldindorp,

187 3675 218 3744 1)
235 3674 255 3728 0
272 3676 538 3742 improperasset.
556 3703 587 3716 -
604 3673 635 3740 2)
654 3674 711 3728 Cor.
729 3675 760 3738 11,
778 3676 804 3739 5,
821 3677 846 3728 7.
860 3706 891 3716 -
904 3675 936 3744 3)
953 3675 995 3730 ΑΡ
1012 3674 1050 3797 sd
1068 3678 1208 3742 patriam

237 3744 275 3796 ad
299 3761 404 3813 quern,
427 3745 447 3798 B
472 3743 510 3796 ad
534 3744 658 3796 Patrem
683 3744 718 3796 ad
743 3761 843 3814 quarn.
874 3745 918 3811 xi,
942 3747 973 3798 22
998 3761 1046 3812 ,e
1069 3754 1149 3798 morie
1174 3747 1209 3800 nd

236 3816 322 3880 vitam,
338 3813 371 3866 de
388 3814 482 3868 mundo
499 3813 531 3866 ad
548 3814 698 3868 Christum.“
