2538 4314
394 303 456 364 Du
480 290 756 366 conntssronn.
851 380 854 388 ,
1037 307 1096 364 ms

70 423 204 501 sessionem,
225 423 262 486 de
285 443 350 503 qua
375 429 533 487 occasione
553 428 780 503 interrogationis
801 433 868 488 tuae
888 427 1097 503 aliquantulum

71 507 205 589 imessm
226 520 280 590 est,
303 514 440 591 exempli
462 531 559 574 causa.

387 703 623 765 emmenum
644 701 766 786 xnur)

71 843 107 901 De
122 844 216 904 Alcide
237 809 469 905 sorwdmoniati
489 847 521 905 te
542 843 733 918 Lonceoads,
766 863 844 920 quoe
860 863 917 920 pes·
938 844 1096 921 consessio·

136 948 200 989 non
221 949 243 990 a
264 932 379 992 verbm
401 931 590 1006 infestatione
603 929 621 1004 ¹)
645 932 797 992 domoras
818 931 945 992 liberata
967 939 1016 991 est

119 1085 232 1147 Bonnae
256 1090 379 1148 civitate
388 1085 413 1168 ²)
432 1087 582 1147 Dioecesis
605 1087 782 1148 Coloniensis
814 1089 948 1149 sacerdos
980 1087 1098 1164 quidam

70 1171 119 1248 init,
135 1177 248 1234 nomine
269 1175 397 1250 Petrus,
420 1174 547 1234 eiusdem
569 1174 709 1236 ecclesiae
730 1178 860 1236 vicarius.
903 1174 977 1248 Iste,
1000 1177 1097 1234 nescio

71 1275 114 1332 quo
132 1256 185 1321 Dei
204 1263 331 1336 iudicio,
358 1264 391 1320 in
414 1279 543 1320 camerae
565 1279 636 1322 suae
658 1265 731 1322 ostio
754 1279 786 1322 se
807 1262 965 1338 suspendit
1009 1261 1097 1320 Cuius

71 1348 228 1424 concubina,
249 1348 367 1409 Aleidis
388 1350 518 1423 nomine,
549 1355 611 1407 tam
631 1348 776 1408 horrenda
796 1351 856 1409 eius
877 1356 969 1408 morte
990 1350 1097 1421 territa,

70 1434 196 1494 necdum
225 1435 371 1510 deseruit,
401 1437 481 1494 etin
503 1437 641 1494 coenobio
670 1436 795 1512 quodam
824 1435 1096 1508 sanctimonialium,

70 1521 132 1595 qnod
156 1518 357 1602 Lancwade⁸)
387 1522 504 1597 dicitur,
532 1522 675 1598 religionis
703 1523 834 1582 habitum
863 1525 998 1599 suscepit
1040 1521 1097 1582 Die

70 1608 183 1685 quadam,
205 1627 275 1670 cum
296 1615 379 1668 stans
401 1610 429 1667 in
449 1608 611 1668 dormitorio
635 1609 671 1668 de
685 1610 808 1669 fenestra
819 1613 1003 1686 prospiceret,
1025 1625 1097 1668 con·

70 1695 188 1770 templata
209 1691 285 1777 est⁴)
307 1699 458 1770 iuvenem,
490 1698 547 1754 imo
580 1699 610 1754 in
630 1699 734 1756 iuvene
755 1697 941 1773 daemonem,
973 1702 1097 1756 stantem

70 1781 134 1842 iuxta
161 1789 285 1860 puteum
311 1798 394 1841 muro
425 1783 579 1841 dormitorii
615 1785 797 1860 contiguum3
832 1785 882 1859 qui
915 1800 951 1843 ea
979 1782 1096 1842 vidente

72 1883 143 1941 uum
161 1869 270 1946 pedem
293 1887 381 1945 super
402 1867 526 1946 lignum,
559 1886 616 1945 quo
639 1871 820 1930 ambiebatur
840 1877 960 1946 puteus,
987 1871 1096 1945 posuit,

71 1960 93 2012 et
109 1955 193 2017 altero
216 1973 249 2016 se
271 1959 357 2032 quasi
378 1955 534 2030 volitando,
558 1956 597 2014 ad
617 1958 711 2032 ipsam
731 1959 760 2014 in
781 1957 935 2016 fenestram
957 1956 1096 2032 deposuit.

71 2039 149 2116 Quam
170 2062 237 2104 cum
259 2050 381 2103 extensa
401 2059 489 2118 manu
510 2060 562 2118 per
583 2051 671 2118 caput
685 2061 792 2119 ,rapere
815 2050 978 2119 conaretur,
999 2045 1097 2102 territa

72 2133 208 2190 retrorsum
230 2130 335 2190 cecidit
357 2136 385 2189 et
408 2130 556 2204 clamavit,
583 2147 659 2206 pene
690 2133 828 2190 exanimis
859 2131 943 2189 iacta
986 2128 1096 2188 Audito

72 2216 121 2274 eius
141 2217 280 2292 clamore,
302 2233 452 2276 accurrere
474 2233 600 2292 sorores,
629 2219 659 2276 in
679 2216 786 2276 lectum
807 2235 891 2277 suum
912 2217 990 2276 illam
1011 2215 1096 2275 recli-

72 2308 167 2363 nantes.
207 2302 424 2372 Recedentibus
446 2302 509 2378 iliis,
532 2321 598 2362 eum
618 2303 768 2381 paululum
781 2307 957 2380 respirasset,
977 2303 1096 2379 solaque

73 2387 173 2466 iaceret,
193 2391 319 2450 daemon
340 2393 445 2449 iterum
466 2391 559 2466 affuit,
588 2397 618 2450 et
638 2393 734 2450 verbis
757 2390 930 2467 quibusdam
951 2393 1097 2450 amatoriis

74 2491 128 2534 enm
146 2477 293 2538 sollicitare
306 2480 410 2554 coepit
444 2474 615 2558 Cui⁵)'cum
628 2479 842 2553 contradiceret,
863 2477 1024 2554 intelligens
1034 2479 1096 2553 spi·

74 2563 148 2622 ritum
166 2581 228 2624 eum
251 2582 316 2624 esse
338 2564 511 2640 malignumi
533 2565 680 2640 respondit
700 2565 761 2624 ille:
789 2566 873 2625 Bona
893 2563 1017 2639 Aleidis,
1038 2563 1098 2624 noli

75 2649 109 2708 sic
129 2649 223 2728 dicere,
247 2653 377 2712 consenti
398 2651 475 2726 mihi,
497 2657 526 2710 et
547 2668 601 2728 ego
623 2658 653 2710 te
674 2651 781 2712 habere
802 2652 905 2711 faciam
925 2653 1019 2710 virum
1039 2651 1096 2710 ho·

68 2741 180 2814 nasum,
199 2739 332 2815 probum,
353 2737 487 2813 nobilem,
510 2738 692 2814 divitemque.
736 2739 831 2814 Quare
847 2738 923 2798 fame
944 2745 979 2810 te
987 2740 1097 2798 ennoias

77 2821 167 2884 inhoe
185 2842 311 2902 paupere
331 2825 416 2900 loco,
437 2825 541 2902 vigiliis
562 2825 683 2901 aliisque
704 2826 800 2884 multis
820 2824 1008 2885 incommodis
1029 2832 1097 2884 ante

78 2913 174 2985 tempus
194 2919 222 2972 te
243 2911 458 2972 interficiendo?
501 2912 658 2971 Revertere
686 2911 724 2970 ad
752 2911 915 2986 saeculum,
938 2907 993 2991 οὔ)
1016 2918 1096 2972 utere

80 2991 177 3073 deliciis,
197 3015 267 3073 quas
277 2998 360 3058 Deus
374 2998 483 3057 homini
505 3001 628 3075 creauit3
650 2998 720 3056 nihil
741 3001 800 3074 tibi,
821 3015 868 3058 me
891 2998 972 3073 duee,
996 2997 1096 3060 deesse
1148 3021 1153 3029 ·

79 3085 173 3154 poterit
212 3085 294 3145 Tunc
314 3083 377 3146 illa:
403 3084 497 3144 Doleo
520 3085 599 3160 quod
627 3085 736 3144 tamdiu
765 3092 794 3145 te
820 3092 920 3146 secuta
947 3103 1026 3166 sum,
1048 3103 1097 3145 re·

83 3166 148 3243 cede,
171 3173 235 3246 quia
244 3169 263 3252 1)
285 3189 344 3232 non
366 3175 546 3247 acquiescam
567 3173 628 3231 tibi.
671 3172 743 3232 Post
764 3172 837 3232 haec
859 3172 951 3232 verba
973 3171 1096 3234 daemon

83 3268 170 3315 nasum
187 3275 324 3334 mungens
332 3255 362 3338 Β),
384 3265 483 3318 contra
505 3263 684 3335 eamipsatn
704 3259 912 3320 immunditiam
941 3258 979 3318 ad
1000 3263 1096 3335 parie-

84 3347 136 3398 tem
151 3342 210 3402 lecti
228 3351 288 3404 tam
307 3346 414 3405 sortiter
435 3348 562 3422 proiecit,
584 3352 617 3404 ut
637 3363 703 3424 pars
725 3346 822 3422 aliqua
842 3345 983 3422 resiliens,
1004 3350 1096 3406 vesti-

103 3521 133 3589 ¹)
147 3523 224 3580 inni.
240 3529 258 3581 1.
275 3546 300 3596 p.
316 3530 359 3582 25.
378 3560 409 3570 —
429 3531 459 3599 1)
482 3530 545 3583 ΑΒΡ
563 3531 827 3584 infestinatione.
847 3559 878 3570 -
906 3531 938 3599 2)
956 3530 995 3583 BP
1013 3532 1096 3585 civi·

150 3597 227 3648 tatis.
234 3628 264 3636 —
272 3601 302 3667 3)
311 3599 469 3670 Langwaden
479 3601 536 3654 viiia
546 3603 572 3652 in
581 3601 696 3653 Dioecesi
702 3601 854 3664 Coloniensi,
862 3616 941 3667 prope
947 3601 1096 3671 Weveling·

150 3660 230 3718 hosen.
248 3697 278 3707 -
305 3669 335 3738 t)
360 3669 402 3722 ΑΡ
427 3679 458 3722 et
484 3670 710 3738 contemplata
736 3679 830 3722 esset.
850 3700 881 3710 -
910 3671 942 3738 5)
959 3670 978 3722 Ρ
996 3685 1095 3738 quae;

153 3733 403 3814 paulopostlioum
430 3741 579 3807 spiritum
606 3755 680 3792 esse
698 3741 771 3792 mali
799 3756 884 3805 num,
902 3740 922 3792 D
941 3755 1010 3796 eum
1028 3743 1096 3808 spi-

154 3809 239 3855 rrtum
262 3805 427 3876 maligno-sn
454 3826 535 3863 esse.
557 3840 586 3850 -
614 3811 646 3879 d]
664 3819 755 3862 etenr
772 3757 822 3862 fic.
842 3838 873 3848 -
902 3809 934 3877 7]
952 3811 1027 3876 quia
1053 3825 1095 3862 orn

156 3866 241 3922 1300-
259 3875 290 3942 8)
306 3875 322 3927 Ρ
338 3894 516 3948 emungens.x
790 3890 795 3898 “
