2594 4302
379 261 433 322 DE
453 259 640 324 CORPCRE
659 261 831 324 CHRISTI.
1075 259 1138 324 2⁰9

451 451 684 514 CAPITULUM
708 451 774 526 LV.

182 573 232 633 De
251 574 403 634 sacerdote
423 573 550 636 meone
569 578 624 651 oroi
645 576 771 635 atoue
792 589 900 650 eorpus
919 568 1053 632 Domini.

158 693 270 754 Retulit
296 695 366 754 mihi
394 714 470 756 enno
493 696 650 774 praeterito
677 693 823 772 praelatus
852 694 970 770 quidam
990 693 1139 775 religiosus

93 777 131 841 de
152 784 282 858 pertibus
302 781 428 859 Frisiae,
453 801 515 843 rem
535 785 619 842 nimis
640 781 812 842 horrendam
835 779 870 841 de
893 777 1019 857 quodam
1040 797 1140 842 saeer-

93 867 171 929 dote.
213 869 312 929 Habet
341 873 416 931 enim
445 888 547 930 manus
575 876 635 929 tam
662 869 814 942 tremulas,
843 875 875 927 ut
897 885 1001 945 eorpus
1019 867 1139 928 Domini

91 974 152 1016 nou
180 957 236 1015 nisi
257 974 313 1034 per
337 956 463 1017 fistulam
489 959 583 1032 possit
610 972 734 1017 sumere.
782 955 838 1015 Die
866 953 992 1031 quadem
1014 972 1081 1014 oum
1100 971 1139 1014 ex

92 1046 156 1104 eius
177 1043 310 1104 manibus
330 1051 541 1104 sacramentum
563 1050 775 1120 superterram
797 1041 953 1116 cecidisset,
973 1043 1078 1102 timens
1100 1057 1139 1104 ue

90 1131 131 1190 ab
161 1127 258 1206 aliquo
280 1138 380 1208 posset
410 1131 501 1191 videri
529 1133 578 1208 qui
605 1130 720 1208 eulpam
747 1127 896 1205 proderet,
924 1131 1028 1189 timens
1051 1130 1139 1188 etiam

92 1215 234 1278 eeclesiae
256 1235 326 1277 suae
345 1217 412 1295 plus
434 1236 521 1294 quem
543 1219 671 1293 animae,
691 1217 766 1294 pede
786 1216 857 1275 illud
879 1215 981 1276 dieitur
1002 1214 1138 1278 calcasse.
1232 1226 1241 1242 “

89 1302 298 1365 NOVICIUS:
326 1304 361 1364 In
388 1304 523 1364 omuibus
553 1303 658 1364 Curisti
684 1305 865 1380 passionious
893 1319 952 1362 non
971 1301 1139 1380 legiterae

91 1396 300 1470 contemptum.
342 1389 578 1452 MONACHUS:
608 1391 718 1452 Idcirco
748 1390 817 1450 dieit
844 1388 1025 1468 Augustinus
1051 1406 1139 1467 super

88 1477 173 1538 iilum
185 1475 298 1539 locum:
310 1477 467 1538 Desierunt
478 1483 512 1538 in
526 1496 621 1538 tetum
642 1497 740 1536 meam
760 1478 804 1554 fel
814 1473 849 1556 ¹),
870 1475 908 1536 de
920 1477 1137 1537 crucifixoribus

93 1567 170 1626 eius:
193 1563 306 1642 Quibus
327 1565 433 1624 simsses
454 1571 522 1626 sunt
540 1564 673 1642 indigne,
696 1565 806 1640 inquit,
828 1569 973 1638 sumentes
996 1570 1025 1624 et
1046 1559 1139 1624 eonii-

94 1653 210 1713 e'ientes.
243 1650 368 1714 Gravius
390 1654 466 1711 euim
478 1657 603 1730 peceant
615 1657 832 1714 ⁴contemnentes
844 1650 989 1710 Christum
1011 1668 1138 1728 regnan.-

90 1743 153 1800 'tem
175 1739 209 1798 ‘in
235 1737 336 1814 eoelis,
369 1757 456 1816 quam
489 1741 537 1814 qui
559 1739 760 1798 erucifixerunt
779 1737 975 1798 ambulantem
996 1739 1025 1797 iu
1046 1739 1138 1798 terris.

88 1823 181 1905 ¹Quod
209 1843 279 1886 vero
307 1823 345 1886 ab
376 1828 417 1886 eis
439 1823 639 1900 conculcetur,
664 1825 734 1884 aiibi
756 1823 852 1909 dieii:¹
865 1823 1024 1885 Cououiee't
1051 1823 1138 1885 Chri·

91 1919 171 1974 stum
200 1915 249 1990 qui
273 1913 364 1973 libere
390 1919 508 1989 peceat,
542 1918 572 1972 et
593 1915 642 1988 qui
669 1929 703 1971 eo
730 1911 848 1988 indigne
876 1913 1036 1990 participat
1089 1908 1136 1972 Cb

91 1999 258 2060 huiusmodi
293 2017 428 2060 excessus
463 1998 508 2059 his
544 1999 721 2075 temporibus
752 2000 922 2075 gravissime
948 1998 1066 2076 plagate
1093 2003 1139 2058 est

92 2087 194 2162 Frisie,
214 2089 289 2147 sieut
302 2086 407 2146 dixisse
420 2103 466 2146 me
479 2087 594 2144 memini
613 2089 645 2144 in
667 2083 848 2145 distinetione
869 2087 992 2161 septima
1012 2083 1137 2162 capitulo

92 2175 186 2249 tertio,
205 2173 243 2234 de
264 2173 361 2250 pugile
378 2176 433 2250 qui
451 2190 556 2248 cornus
573 2173 690 2232 Domini
711 2171 853 2232 secerdoti
872 2171 910 2232 de
926 2173 1064 2232 manbre
1085 2189 1139 2232 ex·
1255 2227 1262 2236 .

92 2263 191 2322 cussit
245 2259 449 2322 NOVICIUS:
485 2259 517 2322 Si
554 2259 624 2320 mali
654 2258 819 2320 saeerdotes
847 2258 951 2318 Christi
978 2275 1081 2335 eorpus
1107 2261 1139 2318 in

91 2347 176 2408 altari
197 2354 230 2407 ut
249 2347 319 2406 mihi
340 2347 453 2408 videtur
475 2346 636 2422 crederent,
657 2363 805 2424 nunquam
825 2344 895 2406 talia
915 2352 1137 2422 praesumerent.

90 2429 329 2496 MONACHUS:
362 2432 487 2513 Quidem
519 2433 652 2510 eredunt,
689 2432 806 2512 quidam
832 2449 891 2492 uon
919 2431 1047 2493 eredunt
1096 2431 1138 2493 Ut

92 2524 169 2584 enim
198 2527 311 2582 taceam
340 2521 377 2583 de
405 2521 504 2598 malis,
540 2521 576 2582 de
602 2523 686 2582 bonis
712 2519 910 2582 sacerdotibus
936 2521 989 2580 tibi
1016 2519 1137 2582 reseram

61 2629 63 2634 ’
91 2609 265 2688 exemplum.

446 2797 680 2863 CAPITULUM
706 2797 786 2862 LVI.
829 2865 830 2872 ,

92 2917 95 2920 ’
136 2904 431 2980 neeessariam
456 2921 588 2997 assor
609 2921 810 2998 spese—paen
830 2921 1094 2983 marmoreas

209 3032 212 3037 ·
348 3023 412 3066 'erse
428 3015 653 3068 onerantem
671 3015 703 3068 et
722 3017 785 3068 noa
809 3025 880 3068 rau.

158 3127 296 3188 Coloniae
327 3128 358 3187 iu
390 3129 511 3189 ecelesia
542 3131 635 3188 saneti
665 3127 799 3190 Andreae
832 3114 993 3190 eanonicus
1019 3125 1136 3205 quidam

91 3218 201 3278 exstitit
221 3215 321 3276 ordine
343 3215 493 3292 sacerdos,
522 3221 583 3276 arte
604 3214 748 3291 medicus,
769 3217 873 3276 Petrus
893 3218 1018 3276 nomine.
1061 3215 1135 3276 Cum

90 3304 138 3365 die
156 3302 285 3380 quadam
307 3301 424 3378 quidam
439 3319 478 3362 ex
489 3304 554 3362 eius
564 3305 768 3380 eomarrouim
780 3303 917 3378 infirmus,
939 3320 974 3363 eo
996 3321 1135 3379 praeseu-

88 3398 119 3454 te
140 3396 221 3454 esset
234 3391 504 3462 oonmurieemme,
527 3396 556 3450 et
574 3391 604 3450 ei
613 3389 751 3450 smerdes
765 3389 883 3466 diaeret,
891 3389 986 3453 eredis
998 3390 1057 3452 boo
1071 3407 1135 3450 esse

89 3496 192 3540 verum
216 3494 320 3554 eorpus
339 3477 458 3536 Domini
477 3476 555 3552 quod
574 3482 674 3535 natum
703 3483 747 3538 est
771 3476 807 3536 de
821 3477 948 3555 Virgine,
976 3484 1005 3537 et
1027 3494 1080 3554 pro
1104 3483 1135 3538 te

87 3583 209 3644 passum
229 3567 259 3624 in
282 3561 388 3625 orme?
410 3563 515 3639 illeque
529 3561 729 3642 responderet,
751 3563 850 3642 eredo,
872 3559 1017 3641 praefatus
1027 3562 1134 3624 Petrus

88 3661 277 3730 utrorumque
300 3652 392 3712 verbe
412 3657 537 3728 notans,
565 3651 690 3728 expavit.
729 3648 840 3713 Postea
855 3650 939 3712 ‘solus
960 3652 1133 3712 conveniens

106 3837 347 3912 mmmm
