2580 4316
308 277 311 282 ’
393 281 451 341 DE
474 279 746 344 CONTRITIONE.
1052 285 1089 342 71

107 397 135 455 Et
148 396 194 457 ille:
210 399 316 461 Etiamsi
337 400 472 464 diabolus
491 405 531 464 ibi
551 406 604 480 sit,
627 421 682 482 ego
703 404 810 464 vadam
832 411 861 464 et
882 403 998 465 ridebo.
1041 403 1093 464 In·

104 487 200 562 iactaque
218 493 278 564 toga
297 490 432 566 scapulis,
454 509 487 551 eo
511 491 587 566 quod
607 493 702 552 nudus
724 498 818 567 esset,
839 491 878 552 ed
899 489 1093 552 molendinum

103 574 168 646 venit,
185 576 274 634 ostium
294 579 424 653 aperuit,
444 580 610 655 introspexit
625 576 658 659 ¹),
679 581 710 638 in
731 596 788 654 quo
809 578 982 638 horrendam
1002 580 1093 638 meio-

100 674 147 716 nem
163 659 226 718 ulit
265 661 387 724 Stabant
407 665 449 724 ibi
478 664 534 725 dno
562 668 628 743 equi
654 667 812 743 nigerrimi,
844 670 873 725 ct
899 668 945 724 vir
977 664 1093 740 quidam

99 743 197 806 deformis
215 749 338 811 eiusdem
360 751 465 812 coloris
484 755 564 812 iuxta
585 769 684 828 equos.
728 753 785 830 Qui
806 752 921 812 dicebat
942 751 981 812 ad
1006 753 1093 810 rusti-

97 847 155 890 cum:
170 834 275 896 Festina
285 835 315 916 ²),
337 839 465 898 ascende
487 857 591 914 equum
612 842 708 914 istum,
730 836 829 919 quia⁸)
851 845 1017 916 propterte
1039 837 1094 898 ad-

95 917 169 979 ductus
187 928 233 982 est.
272 925 420 1001 Expalluit
441 926 490 986 ille
512 931 541 985 et
562 929 739 1001 contremuit,
762 929 829 1003 quia
849 926 973 986 iubentis
991 943 1094 985 vocem
1193 983 1202 1000 ,

93 1008 160 1066 ninus
176 1007 288 1072 libenter
307 1013 428 1074 audivit.
475 1014 603 1089 Cumque
625 1013 663 1072 ad
685 1014 772 1074 talbni
794 1013 986 1073 obedientiam
999 1014 1094 1088 impa-

92 1099 147 1153 ratus
164 1104 244 1174 esset,
274 1101 378 1160 iterato
405 1101 513 1160 clamat
545 1101 691 1161 diabolus:
724 1101 800 1177 Quid
821 1098 940 1159 tardas?
983 1099 1095 1158 Proiice

92 1185 173 1240 subm
191 1191 217 1243 et
236 1189 309 1246 veni.
353 1187 425 1246 Erat
448 1194 544 1246 autem
565 1205 650 1262 crux,
680 1204 767 1262 quam
795 1193 974 1264 susceperat,
1003 1185 1095 1245 eidem

91 1269 262 1331 vestimenta.
306 1273 383 1350 Quid
410 1273 523 1350 plura?
565 1275 711 1335 Virtutem
745 1274 903 1334 diabolicae
932 1275 1013 1332 vocis
1045 1289 1096 1348 per

90 1352 281 1428 desperationem
306 1363 337 1426 in
370 1360 460 1422 corde
488 1378 541 1421 suo
570 1364 709 1436 sentiens,
738 1368 767 1421 et
792 1363 850 1421 iam
880 1363 1010 1420 resistere
1038 1377 1095 1419 non

89 1439 169 1517 salens,
187 1453 294 1506 vestem
315 1451 424 1523 reiecit,
449 1444 508 1528 εΗ)
530 1448 725 1508 molendinum
745 1451 876 1524 intravit,
903 1443 1018 1524 equum,
1039 1449 1096 1505 imo

88 1525 210 1608 diabolum,
230 1535 367 1594 ascendit.
412 1534 554 1593 Ascendit
576 1541 605 1594 et
626 1534 757 1594 diabolus
779 1552 885 1610 equum
907 1535 1046 1609 alterum,
1069 1540 1097 1593 et

87 1614 125 1672 aab
142 1619 221 1679 multa
243 1622 390 1682 celeritate
412 1621 499 1680 simul
520 1621 635 1681 deducti
657 1621 783 1681 suntad
805 1622 918 1682 diversa
939 1621 1004 1682 loca
1024 1637 1097 1697 poe-

88 1717 169 1761 tarum.
208 1707 242 1766 ln
264 1711 372 1785 quibus
394 1709 483 1767 bomo
505 1711 590 1770 miser
610 1715 721 1784 patrem
744 1715 773 1766 et
793 1715 914 1769 matram
927 1707 1098 1769 miserabili-

87 1793 118 1844 ter
132 1791 204 1868 ridit,
233 1796 366 1872 aliosque
387 1795 540 1871 plurimos,
562 1813 635 1871 quos
658 1794 805 1855 defunctos
826 1797 976 1872 ignoravit.
1018 1795 1099 1856 Vidit

88 1873 116 1930 ibi
130 1879 204 1938 ctiam
224 1884 372 1958 quendam
393 1883 547 1942 honestum
560 1883 680 1942 militem
700 1899 793 1958 nuper
818 1888 970 1957 mortuum,
983 1881 1098 1940 Heliam

89 1965 175 2024 nonne
205 1968 240 2028 de
267 1971 413 2046 Rininge,
446 1970 630 2046 burgravium
658 1972 689 2027 in
718 1976 811 2028 castro
840 1969 964 2043 Huorst,
984 1961 1101 2027 ‘vaccae

89 2045 166 2109 luenti
189 2056 360 2118 insidentem
383 2072 487 2116 averso
500 2054 520 2136 ⁵)
543 2073 676 2132 corpore,
704 2058 745 2115 ita
774 2063 806 2115 ut
835 2056 950 2115 dorsum
982 2055 1102 2114 haberet

89 2133 224 2202 adcomua
244 2161 367 2206 vaccae.
414 2142 494 2218 Quae
515 2143 572 2202 buc
594 2142 718 2218 illucque
741 2143 926 2216 discurrebat,
949 2147 977 2201 et
997 2141 1102 2201 crebris

89 2220 165 2285 ictibus
185 2228 301 2290 dorsum
323 2229 425 2288 militia
447 2231 622 2290 cruentabat.
655 2230 708 2289 Cui
731 2247 796 2288 cum
817 2231 961 2289 usurarius
982 2228 1101 2288 diceret:

89 2304 191 2390 Douma,
211 2335 303 2393 quare
325 2319 474 2379 sustinetis
495 2322 604 2376 tantam
624 2315 769 2392 poenam?
791 2317 952 2392 respondit:
973 2316 1103 2376 Vaccam

88 2394 150 2458 istam
167 2409 242 2479 rapui
267 2407 330 2463 sine
352 2403 547 2463 misericordia
568 2403 682 2462 cuidam
703 2403 817 2478 viduae,
839 2410 868 2462 et
888 2403 1025 2462 ideosine
1046 2405 1102 2460 mi-

90 2485 211 2551 sericordia
230 2497 350 2568 oportet
371 2507 421 2548 me
442 2491 478 2550 ab
500 2491 548 2550 illa
568 2507 693 2566 poenam
713 2490 788 2550 banc
799 2493 946 2550 sustinere.
980 2489 1104 2549 Ostensa

90 2577 120 2627 at
136 2577 157 2632 ei
174 2579 201 2638 in
221 2579 335 2640 eisdem
357 2576 430 2637 locis
450 2578 535 2654 ignea
556 2577 654 2653 sedes,
675 2580 706 2635 in
728 2595 785 2652 qua
805 2577 884 2636 nulla
905 2582 1019 2653 poterat
1040 2593 1103 2636 esse

90 2659 156 2737 llice,
173 2667 220 2726 sed
243 2666 337 2726 sessio
358 2664 497 2739 poenalis,
519 2671 548 2724 et
567 2681 662 2740 poena
674 2664 896 2724 interminabilis.
928 2664 1104 2739 Dictumque

91 2749 122 2802 tsi
137 2751 171 2809 ei:
190 2751 282 2813 Modo
304 2752 457 2811 reverteris
477 2755 508 2810 in
530 2752 647 2810 domum
668 2756 758 2826 tuam,
779 2757 845 2828 post
865 2758 923 2810 tres
935 2751 1104 2810 autemdiea

91 2839 153 2894 emto
172 2855 290 2916 corpore
312 2841 464 2898 reverteris
485 2832 548 2920 in⁶)
570 2839 666 2898 locum
688 2845 777 2913 trium,
801 2844 829 2898 ct
849 2837 1011 2898 mercedem
1024 2843 1105 2896 tuam

92 2923 184 2998 accipies
204 2931 235 2986 in
260 2926 331 2986 sede
352 2927 417 2984 ista.
460 2925 531 2984 Mox
552 2943 571 2984 a
592 2925 732 2984 daemone
753 2924 903 2999 reductus,
932 2931 961 2984 et
987 2927 1018 2982 in
1039 2941 1104 2982 mo-

92 2999 176 3072 ldadino
197 3014 363 3090 depositus,
391 3029 465 3088 pene
494 3015 631 3072 exanimis
659 3012 773 3072 relictus
805 3018 856 3071 est.
899 3011 1037 3070 Inventus
1064 3011 1105 3070 ibi

92 3090 212 3160 illuxere
235 3107 265 3161 ct
284 3099 408 3173 familia,
429 3105 516 3175 atque
537 3102 567 3158 in
588 3099 694 3158 lectum
717 3098 898 3174 deportatus,
920 3115 986 3157 cnm
1007 3099 1105 3172 requi-

92 3188 180 3261 reretur,
201 3188 253 3247 ubi
275 3193 361 3262 esset,
384 3186 432 3245 vel
452 3186 528 3246 unde
550 3189 668 3260 veniret,
689 3185 849 3261 respondit:
870 3184 919 3244 Ad
940 3185 1005 3244 loca
1017 3185 1105 3244 inier-

93 3265 147 3330 nata
164 3273 266 3333 ductus
287 3275 346 3347 fui,
376 3279 406 3331 et
432 3271 505 3333 haec
532 3279 619 3349 atque
640 3273 712 3332 haec
733 3272 840 3332 ibidem
862 3271 930 3332 vidi.
974 3270 1106 3330 Ostendit

94 3353 141 3414 nib
156 3361 187 3418 in
207 3361 315 3421 eisdem
336 3360 410 3419 locis
432 3359 533 3420 ductor
554 3377 636 3419 meus
658 3359 756 3418 sedem
778 3376 874 3433 unam,
896 3364 925 3417 et
939 3357 1017 3433 dixit,
1039 3360 1106 3433 quia

94 3441 141 3502 mibi
159 3445 226 3507 foret
246 3451 430 3524 praeparata,
452 3453 480 3505 et
501 3449 571 3522 quia
591 3453 656 3522 post
676 3453 733 3505 tres
756 3445 816 3504 dies
837 3449 1003 3521 recepturus
1014 3455 1106 3504 essem

94 3533 227 3593 mercedem
247 3553 346 3594 meam
366 3534 398 3591 in
420 3551 462 3593 ea.
505 3534 635 3594 Vocatus
657 3539 701 3592 cst
722 3533 776 3592 sub
799 3532 941 3592 celeritate
964 3531 1106 3605 sacerdos,
1151 3523 1152 3530 '

107 3714 129 3781 l)
143 3717 179 3771 BG
194 3731 224 3772 ct
240 3720 454 3786 introspexit.
473 3751 504 3760 -
524 3721 557 3790 2)
575 3719 595 3774 C
613 3719 752 3782 lestine;
770 3717 837 3770 conl.
856 3717 886 3782 V,
905 3717 946 3771 16.
966 3747 997 3757 -
1016 3716 1049 3783 3)
1066 3716 1107 3792 ΒΟ

145 3790 196 3855 qui.
213 3822 244 3832 -
262 3793 296 3860 l)
315 3799 350 3842 et
370 3805 411 3840 om
428 3789 476 3842 lic.
497 3819 528 3830 -
548 3791 580 3857 5)
599 3789 663 3841 ab?
680 3788 830 3842 adverso.
849 3817 880 3826 —
904 3787 936 3854 6)
954 3785 995 3837 ΒΟ
1013 3783 1064 3848 ad,
1081 3793 1107 3835 et

145 3861 208 3923 paulo
225 3871 284 3930 post
301 3859 457 3924 recipies.
1007 3891 1010 3900 ι
