2622 4322
146 247 207 305 ara
447 233 677 308 nrsrmorro
707 245 871 324 quurx

472 487 704 551 CAPITULUM
725 489 853 550 LXXV.

143 647 190 704 De
211 663 306 719 aereo,
326 647 378 722 qai
393 646 496 722 pieide
524 653 630 706 contro
647 653 840 724 praeceptum
870 646 981 706 domini
1008 650 1057 707 eui
1079 654 1187 724 operta

481 737 614 810 qratiam
635 737 697 793 eitra
714 733 851 810 perdidit.

207 907 331 983 Quidam
358 907 563 984 paterfamilias
589 924 706 966 servum
734 907 863 966 habebat
890 906 1004 967 fidelem
1034 913 1063 968 et
1084 908 1185 970 utilem

143 997 271 1055 omnium
286 1011 382 1053 rerum
400 1012 517 1073 suarum
530 994 767 1069 dispensatorem.
812 993 937 1071 Contigit
949 1001 981 1053 ut
996 995 1042 1054 die
1057 995 1185 1070 quadam

142 1099 235 1142 sermo
265 1086 341 1140 esset
374 1080 409 1139 de
431 1081 624 1140 inobedientia
645 1079 831 1142 Adaerinter
863 1097 913 1140 eos
936 1081 971 1140 de
994 1099 1046 1140 esu
1059 1079 1076 1162 ¹)
1104 1085 1184 1158 pomi

142 1175 242 1228 contra
263 1174 448 1250 praeceptum
469 1167 595 1242 Domini,
617 1172 646 1226 et
667 1185 767 1226 servus
789 1168 963 1244 indignando
985 1168 1060 1226 illius
1081 1170 1184 1228 incon-

141 1257 264 1316 stantiae
285 1254 406 1314 diceret:
434 1253 475 1313 Ut
502 1260 614 1313 taceam
644 1253 679 1313 de
708 1253 789 1328 Deo,
819 1257 843 1313 si
871 1255 939 1314 mihi
968 1261 1027 1313 tam
1058 1254 1184 1316 districte

129 1341 250 1417 ‚aliquid
271 1359 289 1398 a
309 1342 394 1400 vobis
414 1344 639 1418 praeciperetur,
663 1358 811 1415 nunquam
833 1346 1026 1417 transgressor
1047 1341 1184 1401 efficerer.

140 1430 245 1490 Tacuit
273 1434 341 1486 tunc
371 1428 518 1502 dominus,
546 1433 575 1486 et
601 1434 669 1504 post
696 1429 756 1486 dies
779 1427 903 1503 aliquot,
933 1445 998 1487 cum
1019 1427 1066 1487 ille
1088 1431 1183 1488 minus

140 1517 194 1580 sibi
209 1519 331 1588 caveret,
352 1531 406 1572 1199
421 1530 583 1573 sermonem
605 1521 704 1573 contra
720 1513 818 1572 Adam
838 1515 984 1592 prolatum
998 1518 1027 1573 in
1043 1518 1184 1576 memoria

139 1603 267 1676 haberet,
283 1598 414 1677 'pixidem
429 1603 454 1659 91
469 1600 605 1675 clausam,
628 1601 679 1660 sed
693 1618 750 1660 non
764 1601 908 1661 firmatam
923 1605 1048 1677 porrexit
1068 1603 1182 1662 dicens:

139 1689 270 1748 Pixidem
282 1689 366 1746 istam
380 1687 527 1746 custodiae
541 1695 608 1747 tuae
631 1689 801 1748 commendo
811 1686 840 1769 ²).
884 1689 970 1766 Quod
991 1692 1014 1748 si
1036 1691 1184 1765 aperueris

139 1775 236 1850 illam,
264 1777 350 1833 totius
375 1773 482 1834 laboris
504 1777 546 1833 tui
567 1775 699 1835 mercede
721 1777 893 1852 privaberis,
923 1782 952 1836 91
972 1779 1065 1852 gratia
1085 1773 1182 1856 mea⁸)

139 1869 278 1939 perpetuo
301 1862 420 1920 carebis.
460 1861 526 1922 Hoc
549 1879 615 1922 oum
637 1864 763 1922 crebrius
785 1865 811 1922 ei
831 1863 1011 1938 inculcasset,
1033 1868 1062 1922 et
1082 1863 1130 1922 ille
1150 1864 1182 1924 in

141 1950 271 2010 conclavi
293 1966 344 2007 suo
367 1966 398 2008 se
411 1951 572 2024 recepisset,
595 1953 691 2009 statim
707 1950 827 2008 diversis
845 1951 1063 2026 cogitationibus
1086 1952 1184 2027 coepit

140 2037 293 2110 fluctuare,
322 2037 527 2095 tentationibus
549 2043 696 2111 aestuare,
725 2036 794 2111 quid
823 2043 899 2096 esset
927 2039 957 2094 in
985 2036 1081 2113 pixide
1108 2039 1183 2098 scire

141 2121 315 2184 desiderans.
358 2122 396 2180 Et
429 2125 543 2199 saepius
571 2123 648 2182 illam
677 2129 791 2182 vertens
821 2130 907 2199 atque
936 2125 1181 2199 circumspiciens,

139 2213 182 2271 ait
203 2214 276 2268 intra
298 2227 344 2268 se:
367 2209 443 2285 Quid
464 2212 489 2268 si
510 2227 649 2285 aperuero
671 2209 771 2268 illam?
794 2209 878 2269 Solus
892 2228 965 2286 sum,
986 2227 1071 2270 nemo
1092 2210 1182 2270 videt.

138 2298 343 2374 Interrogatus,
360 2291 483 2371 negabo'.
527 2297 592 2355 Non
607 2305 650 2357 est
666 2299 754 2371 testis,
769 2299 818 2372 qui
830 2314 876 2356 me
896 2299 1066 2357 convincere
1079 2299 1181 2374 possit.

138 2385 241 2444 Victus
268 2383 385 2442 tandem
407 2385 578 2458 tentatione,
606 2384 731 2460 pixidem
753 2386 879 2459 aperuit,
904 2389 933 2443 et
954 2385 1081 2459 avicula,
1104 2401 1180 2459 quae

137 2474 213 2530 intus
247 2469 345 2528 clausa
374 2467 480 2549 eracl),
515 2470 649 2530 evolavit.
699 2471 781 2530 Tunc
809 2473 895 2530 tristis
929 2472 1046 2530 allectus
1074 2471 1180 2547 valde,

137 2559 305 2634 mysterium
326 2556 479 2632 intellexit,
501 2565 529 2617 91
550 2558 589 2617 ad
611 2558 717 2616 domini
738 2557 834 2633 pedes,
855 2557 981 2633 pixidem
1002 2560 1180 2633 requirentis,

138 2662 170 2704 se
182 2650 373 2720 prosternens,
393 2645 508 2703 veniam
526 2645 691 2722 postulavit,
712 2644 842 2704 sednon
863 2646 979 2712 invenit.
1021 2644 1071 2703 Ad
1092 2661 1179 2719 quem

138 2731 285 2790 dominus:
315 2729 405 2790 Serve
433 2748 556 2807 nequam
585 2738 614 2791 91
636 2738 803 2804 contumax,
824 2738 856 2789 tu
884 2734 1008 2807 primum
1028 2739 1179 2809 parentem

137 2826 266 2878 nostrum
287 2817 323 2876 de
344 2818 538 2890 inobedientia
558 2819 703 2892 iudicans,
729 2825 866 2894 tuamque
889 2822 1077 2878 constantiam
1098 2818 1178 2894 apud

137 2923 184 2966 mc
200 2904 411 2980 commendans,
433 2912 461 2964 te
478 2897 572 2981 ipsum
596 2905 798 2964 condemnasti.
826 2903 941 2964 Recede
956 2922 1024 2981 ergo
1039 2924 1058 2965 a
1071 2923 1126 2981 me,
1147 2911 1178 2965 91

136 2993 239 3054 faciem
260 3009 355 3050 meam
369 2993 405 3052 de
427 2999 522 3053 cetero
544 3009 601 3050 non
622 2992 731 3051 videas.
774 2991 856 3052 Haec
878 2991 947 3051 mihi
968 2993 1064 3050 retulit
1085 3009 1177 3052 cano-

136 3083 216 3142 nicus
246 3077 363 3154 quidam
395 3081 486 3140 sancti
514 3079 642 3139 Severini
669 3081 699 3136 in
722 3078 854 3153 Colonia,
882 3081 926 3138 vir
956 3095 1045 3138 senex
1065 3085 1176 3156 aetate,

136 3185 225 3229 verax
245 3170 275 3225 in
295 3168 406 3243 verbis,
439 3173 468 3228 et
495 3169 556 3227 vita
577 3166 734 3244 religiosus.
777 3165 875 3226 Simile
896 3172 1034 3242 exparte
1056 3168 1176 3244 contigit

136 3258 165 3316 iu
186 3254 320 3318 saxonia

154 3683 234 3754 1)Βο
252 3701 357 3738 sermo
375 3685 462 3748 inter
480 3700 536 3738 eos
554 3695 644 3740 esset
661 3684 693 3738 de
711 3683 940 3739 inobedientia
953 3683 1039 3738 Adae
1057 3685 1089 3738 in
1107 3701 1172 3738 esu.

204 3755 287 3878 aaz)
306 3753 530 3880 gaulosrpmitto.
556 3787 585 3798 -
612 3757 644 3826 3)
666 3756 730 3810 ADP
752 3758 883 3826 gratiae
904 3771 999 3808 1119119.
1019 3785 1050 3796 -
1075 3755 1108 3826 4)
1132 3755 1173 3809 ΒΡ
