2580 4316
122 269 212 333 224
364 301 365 304 κ
493 269 720 332 nnrmcmo
742 229 906 332 rrum

169 396 199 451 in
222 409 328 468 equum
349 387 442 467 suum,
464 407 551 468 quam
566 399 664 452 sancto
678 400 866 469 praesentans
881 389 898 474 ¹)
920 392 1119 454 benedictione
1139 411 1205 469 per-

102 481 106 488 '
172 485 257 556 cepta
279 476 449 559 deposuit).
494 480 574 557 Quae
596 497 668 540 sana
689 481 765 540 saeta
787 483 872 555 stetit,
895 488 924 540 et
943 483 1064 557 propriis
1085 480 1206 556 pedibus

170 567 299 644 gaudens
321 567 360 625 ad
381 569 496 642 propria
517 571 663 642 remeavit.
712 567 778 626 Hoc
811 569 849 626 ab
872 584 922 626 ore
951 566 1058 626 domini
1081 567 1207 627 Govardi

170 652 295 712 Abbatis
307 650 328 732 ³)
350 653 456 712 audivi.
498 652 559 712 Iste
582 661 625 714 est
641 654 793 729 Hernicus,
816 657 864 731 qui
879 661 1007 730 tempore
1022 654 1148 732 quodam
1169 653 1205 712 ab

171 740 274 801 eodem
295 747 394 800 sancto
416 745 497 815 patre
519 743 547 798 in
569 748 674 818 partes»
687 744 852 801 remotiores
882 744 1002 816 missus,
1033 740 1126 818 glacie
1153 741 1206 800 sub

169 827 292 902 pedibus
314 830 374 892 eius
395 827 494 902 fracta,
515 826 628 904 longius
641 829 704 888 sub
727 827 805 886 unda
827 835 947 903 tractus,
979 827 1144 887 mirabiliter
1165 832 1207 886 est

168 913 246 972 illius
255 914 453 974 benedictione
463 913 597 974 reduetus
604 912 636 995 ⁴).
678 914 756 974 Eece
768 917 823 974 iste
837 932 968 974 sermone
979 932 1134 974 conversus
1156 919 1206 973 est

170 1000 228 1060 Sed
251 1001 320 1076 quid
341 1019 446 1077 quaero
469 1002 600 1078 exempla
623 1001 657 1060 de
679 1009 797 1077 remoto,
820 1019 886 1062 eum
907 1003 963 1062 hoc
985 1003 1063 1080 quod
1086 1001 1121 1061 de
1146 1000 1206 1060 aliis

170 1090 267 1163 recito,
287 1088 437 1165 impletum
457 1088 600 1166 gaudeam
621 1091 651 1146 in
671 1106 718 1148 me
740 1088 823 1165 ipso?

510 1313 742 1396 oarrruuuu
767 1297 899 1416 xum

336 1455 396 1534 ,Dc
417 1457 605 1514 conversione
627 1458 757 1514 auctoris
778 1456 867 1514 dotus
890 1441 1032 1530 opusculi.

207 1683 208 1687 Ἰ
234 1612 278 1671 Eo
296 1618 428 1688 ¹tempore
451 1629 507 1687 quo
529 1613 593 1671 Rex
614 1611 764 1687 Philippus
785 1613 876 1688 primo
898 1612 1027 1671 vastavit
1046 1610 1208 1670 Diocaesim

171 1698 385 1775 Coloniensem,
415 1701 532 1776 contigit
559 1715 606 1757 me
636 1717 702 1758 cnm
731 1698 845 1757 domino
870 1697 1005 1758 Gevardo
1028 1696 1152 1757 Abbate.
1172 1694 1208 1754 de

170 1785 271 1846 Monte
293 1793 409 1845 sanctae
431 1785 598 1862 Walburgis
619 1788 660 1843 ire
683 1785 840 1845 Coloniam.
890 1785 929 1843 Et
954 1803 1019 1846 eum
1042 1801 1089 1844 me
1110 1786 1139 1841 in
1160 1784 1207 1841 via
1276 1829 1277 1834 ,

61 1902 64 1912 ¹
141 1913 146 1920 ,.
171 1889 237 1934 eum
258 1873 349 1932 mulia
368 1875 503 1931 instantia
524 1873 684 1931 hortaretur
696 1871 744 1931 -ad
766 1874 989 1946 conversionem,
1010 1889 1066 1931 nee
1084 1868 1207 1948 profice·

170 1965 222 2034 ret,
243 1960 339 2018 retulit
358 1960 429 2018 mihi
448 1962 588 2018 visionem
608 1959 687 2019 illam
709 1959 864 2036 gloriosam
878 1959 1079 2033 Claraevallis‚
1100 1959 1130 2016 in
1152 1973 1208 2032 qua

161 2047 282 2124 legitur,
304 2047 382 2122 quod
397 2047 660 2122 quodamtempore
682 2049 792 2120 messis,
814 2063 879 2105 cum
902 2052 1061 2106 conventus
1082 2047 1112 2105 in
1133 2043 1207 2103 velle

171 2139 298 2209 meteret,
317 2135 406 2193 beata
426 2134 483 2192 Dei
504 2135 626 2210 genitrix
646 2135 727 2208 virgo
749 2132 843 2193 Maria
864 2139 894 2191 et
914 2139 1015 2192 saneta
1036 2131 1123 2191 Anna
1143 2147 1206 2188 ma—

171 2227 215 2279 ter
251 2223 311 2281 eius
338 2237 372 2280 ac
401 2226 502 2280 sancta
522 2219 622 2278 ,Maria
649 2218 834 2300 Magdalena
853 2218 889 2278 de
914 2226 1016 2278 monte
1044 2221 1206 2289 venientes,

172 2305 298 2384 quodam
318 2310 380 2366 viro
394 2303 414 2386 ⁵)
435 2313 551 2380 sancto,
574 2307 623 2381 qui
644 2307 740 2364 stabat
761 2324 797 2365 ex
819 2306 956 2381 adverso,
977 2308 1147 2383 aspiciente,
1179 2305 1207 2360 in

171 2393 276 2453 vallem
306 2393 427 2453 eandem
454 2396 485 2451 in
512 2410 619 2472 magna
641 2392 769 2452 claritate
797 2393 1020 2468 descenderunt,
1050 2390 1207 2452 monacho·
1276 2383 1277 2432 ἕ

171 2499 235 2540 rum
256 2480 387 2540 sudores¹
403 2482 550 2555 terserunt,
579 2476 727 2559 dabello⁶)
749 2483 926 2540 manicarum
954 2495 1071 2538 suarum
1091 2484 1207 2538 ventrrm
1276 2523 1277 2534 ,

171 2567 375 2642 admoverunt,
407 2567 566 2641 etreliqua
587 2584 662 2641 quae
683 2565 792 2626 ibidem
818 2569 912 2642 posita
941 2573 1017 2626 sunt.
1058 2565 1207 2648 ¹Sermone

171 2655 256 2713 buius
277 2656 394 2714 visionis
414 2656 445 2712 in
473 2659 584 2712 tantum
610 2659 712 2712 motus
733 2654 789 2728 fui,
817 2660 850 2713 ut
870 2651 981 2713 Abbati
1006 2655 1208 2728 promitterem,
1276 2669 1277 2736 ἐ

171 2757 297 2801 menon
319 2747 473 2800 venturum
493 2736 608 2800 nisi‘ad
622 2743 682 2800 eius
705 2739 823 2800 domum
844 2743 937 2818 gratie
959 2741 1163 2813 conversionis,
1185 2737 1208 2795 si
1276 2771 1277 2782 κ

171 2825 268 2888 tamen
288 2827 370 2887 Deus
392 2827 461 2886 mihi
481 2829 631 2902 inspiraret
651 2827 838 2887 voluntatem.
881 2827 1025 2887 Astrietus'
1053 2833 1123 2886 tunc
1144 2825 1208 2884 lue·
1276 2827 1277 2832 ’

169 2929 233 2978 ram
260 2923 328 2974 voto
357 2917 589 2992 peregrinationis
618 2915 656 2974 ad
677 2922 807 2975 sanctam
827 2915 950 2974 Mariam
970 2913 1063 2988 Rupis
1085 2911 1208 2972 Amato-
1276 2905 1277 2948 ἕ

170 3005 209 3061 ris
223 2999 251 3083 ⁷),
274 3018 348 3078 quae
369 3005 493 3061 maxime
514 3019 561 3060 me
583 3004 706 3062 retinuit.
761 3002 825 3078 Qua
853 3005 924 3077 post·
941 3017 1054 3061 menses
1076 3008 1135 3060 tres
1151 3004 1208 3058 ex·
1276 3005 1277 3078 j

154 3084 274 3166 'pletas
291 3088 369 3148 nullo
398 3091 555 3148 amicorum
583 3105 713 3147 meomm
741 3083 865 3163 sciente,
886 3086 948 3146 sola
969 3087 1026 3147 Dei
1046 3088 1208 3146 misericor·
1276 3097 1277 3120 ³

171 3176 219 3236 dia
239 3192 286 3236 mc
314 3178 516 3251 praeveniente
546 3181 574 3252 et
594 3182 797 3251 promovente,
824 3175 862 3234 ad
883 3174 999 3234 Vallem
1019 3176 1112 3234 saneti
1132 3173 1209 3232 Petn'
1276 3197 1277 3242 ς

191 3362 222 3430 ¹³
240 3361 571 3497 lictlliiiilllli
584 3358 1218 3504 iliibituititiilllilili

240 3531 272 3542 -
292 3502 324 3569 3)
342 3499 480 3552 Abbatis
498 3515 538 3550 cnr
556 3498 606 3551 ΒΡ.
617 3529 648 3538 -
668 3499 700 3566 4)
718 3499 755 3549 de·
768 3499 816 3550 hoc
834 3499 942 3550 lienrico
961 3498 1019 3552 vide
1037 3499 1113 3549 etiam
1123 3495 1207 3548 vias.
1276 3517 1277 3532 ¹

239 3570 360 3623 Bernurd.
379 3569 431 3632 vll,
449 3569 491 3620 19.
509 3569 540 3632 V,
559 3569 667 3636 1.-5)
685 3571 757 3620 viro
776 3585 816 3620 orn
834 3565 882 3636 BC.
895 3599 925 3607 -
942 3569 973 3635 6)
992 3567 1032 3620 lll'
1049 3565 1207 3618 flabellis.
1276 3563 1277 3600 l

167 3681 170 3686 .
240 3641 272 3708 7)
290 3639 329 3692 ΟΡ
351 3638 558 3702 salvatoris,
582 3638 602 3689 B
626 3637 810 3690 antcdoris.
847 3634 1208 3704 superiumentarium·
1276 3639 1277 3688 ὲ

239 3708 372 3762 madour
389 3710 414 3760 in
432 3710 538 3776 regione
556 3707 733 3771 Cadurcorum,
751 3709 798 3760 luit
814 3707 908 3760 ordinis
922 3708 947 3760 S.
965 3707 1096 3762 Benedicti
1113 3719 1208 3756 coeno·
1276 3729 1277 3764 i

239 3779 324 3841 bium,
349 3778 455 3830 Nostrae
473 3776 594 3830 Dominae
612 3777 761 3831 dedicatum.
788 3779 859 3833 conl.
878 3778 942 3830 inira
960 3777 1019 3842 vll,
1042 3777 1085 3829 24.
1111 3775 1162 3827 vn.
1181 3774 1205 3826 S.
1276 3777 1277 3832 i

239 3847 346 3918 Engelb.
364 3847 384 3913 1,
403 3848 428 3900 9.
447 3863 472 3916 p.
490 3847 550 3900 304.
