2642 4330
462 287 517 348 Du
539 285 829 350 SIMPLIOITATE.
1100 290 1160 348 341

115 409 249 486 simplex
258 407 341 469 fuerit
348 409 475 484 intentio,
489 411 529 469 ibi
539 426 657 470 neccsse
664 414 708 482 est
714 415 747 467 ot
756 407 852 468 lueida
859 411 994 484 sequatur
1000 409 1092 484 aetio;
1105 411 1163 469 sica

118 505 153 556 ut
164 497 337 570 econtrario,
352 495 451 556 oculus
461 514 595 572 nequam,
615 496 710 570 idest,
730 498 848 555 intentio
861 495 938 553 mala
948 500 1035 569 atque
1045 511 1164 570 perver-

117 601 162 658 sa,
177 590 273 643 toturn
289 600 400 658 corpus,
421 583 513 657 idest,
536 601 617 658 opus,
630 582 717 644 efficit
736 584 928 641 tenebrosum.
950 581 1034 640 Unde
1047 583 1163 644 beneio

118 678 207 730 sexta
240 670 419 729 distinctione
451 670 632 730 tractandum
663 670 777 728 videtur
805 669 841 728 da
872 668 1066 744 simplicitate,
1096 671 1164 746 quia

117 760 200 818 sicut
231 760 361 816 senarius
390 775 524 816 numems
559 755 726 816 naturaliter
761 762 804 815 est
831 755 991 831 perlectus,
1019 758 1060 814 ita
1091 757 1163 816 baec

118 847 222 919 virtus,
245 843 473 902 secundumiam
491 845 598 903 dictam
618 845 790 902 sententiam
808 843 973 917 Salvatoris,
993 849 1087 902 totum
1108 843 1164 902 ho·
1239 855 1242 860 '

118 935 228 990 minem
251 931 425 989 luminosum
445 931 514 989 iacit
524 927 540 1010 ¹)
570 936 657 1006 atque
678 931 845 1005 perlectum.
886 928 981 988 Jacob
1005 928 1125 1004 simplex
1145 949 1165 990 a

117 1025 202 1095 patre
225 1015 419 1092 benedicitur;
449 1017 524 1076 filius
554 1019 615 1075 cius
643 1016 756 1092 Joseph
777 1011 925 1094 simplex²)
955 1019 1008 1074 toti
1028 1015 1184 1092 Aegypto*

117 1123 137 1165 a
159 1105 315 1164 Pharaone
327 1105 505 1180 praeficitur,
527 1102 586 1164 Job
609 1105 731 1178 simplex
752 1121 770 1162 a
791 1102 917 1162 Domino
941 1102 1164 1162 commendatur.
1238 1133 1244 1140 ·

117 1193 220 1252 Virtus
249 1191 438 1266 simplicitatis
466 1209 486 1250 a
514 1189 627 1249 Christo
650 1189 795 1265 discipulis
830 1189 1023 1265 praedicatur:
1053 1190 1163 1264 Estote,

116 1279 391 1354 inquit,pradmtea
404 1282 479 1337 sicit
494 1285 648 1352 serpentes,
671 1285 699 1336 ct
712 1279 853 1354 simplices
874 1281 950 1335 sicin
971 1274 1164 1354 columbam).

115 1365 302 1440 simplicitati
326 1366 472 1440 coniungit
497 1364 692 1440 prudentiam,
723 1371 840 1439 propter
867 1364 1039 1422 vecordiam.
1089 1364 1163 1423 Item

117 1452 204 1512 dicit:
226 1453 294 1511 Nisi
316 1456 448 1510 converet
467 1450 600 1527 fueritis,
632 1457 660 1510 ct
682 1450 850 1527 efficiamini
870 1454 946 1510 sieut
962 1445 1100 1526 peccel),
1132 1450 1162 1508 id

116 1546 173 1614 est,
195 1538 319 1597 humiles
330 1544 360 1597 et
381 1538 532 1614 simplices,
553 1555 615 1596 raon
630 1537 779 1596 intrabitis
790 1540 823 1596 in
837 1555 963 1612 reputem
974 1537 1122 1598 coelorum
1131 1535 1163 1608 ⁸).

116 1625 294 1701 Simplicitas
316 1627 365 1684 via
386 1631 430 1683 est
450 1625 489 1683 ad
509 1624 621 1698 Deum,
650 1629 733 1702 grata
753 1624 875 1700 angelis,
897 1623 1059 1683 hominibus
1081 1623 1163 1685 delc-

116 1713 240 1772 ctabilis.
274 1711 359 1772 Unde
374 1714 474 1771 ceteris
495 1711 649 1770 virtutibus
671 1713 791 1785 omissis,
814 1717 939 1786 quantae
960 1713 998 1770 sit
1018 1711 1162 1772 efficaciae
1248 1709 1251 1714 “

116 1805 222 1860 saneta
244 1798 422 1874 simplicitas,
443 1801 544 1873 paucis
567 1797 716 1873 explicabo
739 1797 884 1872 exemplis.

435 1935 436 1946 1
496 1987 729 2049 CAPITULUM
748 1989 787 2047 H.

170 2113 218 2172 De
240 2113 371 2204 scopite,
384 2112 538 2184 onocoetae,
562 2114 614 2187 poi
635 2129 739 2170 cernes
759 2115 792 2170 ia
813 2117 910 2169 castro
932 2111 1117 2183 comedendo,
1177 2156 1185 2178 s

374 2216 487 2274 pecora
508 2201 680 2257 mortectcrti
701 2201 749 2258 aut
768 2197 896 2257 reducit.

181 2319 326 2379 Dominus
361 2318 448 2379 Wido
485 2319 588 2378 Abbas
617 2318 826 2392 (isterciensis,
853 2325 955 2393 postea
989 2317 1160 2392 Cardinalis,
1186 2387 1188 2392 ¹

110 2424 184 2468 ,cnm
212 2409 318 2465 missus
346 2405 446 2466 fuisset
475 2405 623 2466 Coloniam
654 2405 693 2464 ad
725 2401 894 2465 electionem
923 2404 1160 2480 confirmandam,

115 2511 192 2570 quae
212 2493 291 2552 iacta
311 2480 413 2560 fuerat,
425 2499 525 2552 contra
542 2492 707 2568 Philippum
727 2496 758 2551 in
773 2491 917 2566 Ottonem,
939 2492 1035 2550 retulit
1054 2492 1173 2553 ibidem'
1221 2558 1224 2563 ,
1251 2509 1253 2516 ’
1312 2555 1313 2584 ³

114 2580 264 2656 quandam
286 2587 404 2640 sanctae
426 2580 614 2656 simplicitatis
636 2580 792 2654 historiam,
814 2583 882 2639 satis
898 2579 1160 2638 iocundamsatis-

115 2685 173 2743 quc
195 2667 363 2726 mirabilem.
405 2667 533 2727 Dicebat
561 2667 678 2725 domum
707 2666 853 2742 quandam
882 2665 987 2724 ordinis
1014 2669 1104 2726 nostri
1131 2668 1160 2724 in

115 2762 192 2814 terra
215 2753 366 2814 cuiusdam
377 2754 480 2814 nobilis
496 2756 555 2812 oiri
576 2761 663 2827 atque
683 2756 807 2830 potentis
820 2754 907 2812 fuisse
930 2756 1022 2812 sitam.
1066 2754 1161 2829 Quam

113 2841 192 2902 idem
213 2848 368 2918 tyrannus,
396 2857 431 2900 co
454 2840 532 2917 quod
553 2841 649 2900 Deum
670 2859 729 2900 nou
749 2843 874 2915 timeret,
900 2857 995 2914 neque
1016 2840 1160 2900 hominem
1237 2859 1239 2866 ·

114 2933 302 3003 revereretur,
323 2927 420 2986 multis
442 2927 535 2986 modis
557 2945 644 3002 saepe
665 2928 838 2986 molestavit.
880 2926 927 2986 De
949 2944 1071 3002 annona,
1092 2929 1159 2986 vino

116 3023 146 3074 et
166 3016 336 3091 pecoribus,
367 3017 498 3089 quotiens
521 3020 551 3074 et
572 3020 710 3089 quantum
731 3013 830 3088 voluit,
851 3013 923 3088 tulit,
944 3018 1083 3088 quantum
1104 3030 1160 3074 vo-

115 3102 169 3161 luit
188 3103 323 3161 iratribus
346 3101 458 3160 dimisit
481 3100 610 3175 Cumque
632 3101 688 3160 hoc
706 3119 741 3160 ex
755 3101 959 3160 consuetudine
973 3107 1003 3159 et
1014 3103 1095 3176 quasi
1107 3117 1159 3176 pro
1224 3131 1227 3135 ·

7 3245 9 3256 ,
114 3187 180 3266 lege
193 3189 304 3248 habens
319 3191 458 3263 actitaret,
480 3195 509 3248 et
523 3195 690 3263 conventus,
713 3190 894 3263 querimoniis
915 3188 1012 3246 multis
1026 3187 1160 3247 inutiliter

116 3276 233 3351 delatis,
262 3292 381 3351 gemens
402 3281 511 3334 taceret
522 3273 558 3356 ⁶),
588 3275 781 3350 diequadam
802 3278 957 3334 maximam
977 3281 1088 3349 partem
1110 3293 1160 3334 ra-

115 3365 179 3439 puit
200 3365 330 3436 armenti,
351 3363 528 3437 praecipiens
550 3361 628 3420 illam
650 3362 688 3420 ad
707 3368 831 3421 castrum
846 3379 930 3420 suum
950 3363 1060 3426 minari.
1094 3361 1159 3437 Quo

116 3452 247 3526 cognito,
276 3447 379 3508 Abbas
401 3455 431 3508 et
451 3448 552 3508 fratres
574 3452 643 3508 satis
665 3449 868 3523 turbabantur,
894 3451 923 3506 in
946 3465 1067 3523 quorum
1088 3439 1162 3508 con-'

116 3536 179 3596 silio
201 3535 279 3612 qnid⁴
298 3535 374 3595 lacto
398 3551 470 3610 opus
493 3541 575 3611 esset,
604 3538 673 3595 satis
694 3537 879 3594 tractabatur.
927 3535 1031 3594 Visum
1053 3541 1098 3593 est
1119 3537 1159 3594 eis

135 3651 516 3721 oblectamentum.
536 3681 566 3692 -
587 3653 618 3720 2)
637 3652 774 3718 simplex
792 3652 840 3703 add
857 3651 948 3704 Bo·
969 3653 1001 3721 3)
1011 3651 1097 3704 March.
1118 3653 1159 3715 10,

188 3724 228 3776 16.
247 3753 278 3762 -
300 3721 371 3788 4)0
393 3721 533 3790 parvuli.
553 3727 584 3761 4-
610 3722 641 3790 5)
668 3721 820 3786 ustiure,
845 3722 870 3774 3.
891 3751 921 3762 -
949 3723 981 3790 6)
999 3723 1159 3774 consentiunt

186 3806 272 3844 omncs
292 3790 348 3843 libri
365 3793 391 3842 in
409 3790 458 3844 hac
475 3791 566 3842 vitiosa
588 3791 710 3843 lectione:
738 3800 770 3843 ct
792 3799 975 3843 conventus
999 3793 1158 3859 querimo-

186 3863 249 3914 niis
267 3861 380 3914 multis
397 3858 565 3915 inutiliter
583 3860 739 3926 taediali,
757 3868 930 3934 gementes
948 3869 1105 3914 tacerent.

1152 4039 1161 4076 Ι

1312 3707 1313 3722 r

1312 3723 1313 3748 l

1312 3761 1313 3776 r

1311 3977 1313 3998 l

1312 4025 1313 4036 l
