2654 4308
189 289 229 346 vt
494 283 722 346 uisuntcmo
744 283 919 347 SEPTIMA

187 408 299 482 barbis,
328 405 379 468 sed
408 413 502 468 mente
534 424 633 468 canus.
675 405 733 468 Hic
755 423 821 468 cunr
843 414 909 468 ante
931 405 1032 468 horam
1054 407 1147 469 exitus
1169 409 1229 482 sui,

187 497 262 554 sicut
282 494 319 554 ab
343 495 404 554 eius
425 491 542 554 Abbate
564 491 665 569 didici,
687 493 843 555 daemonas
865 497 941 555 cirea
962 510 994 554 se
1014 492 1140 570 videret,
1160 493 1228 556 illo·

187 597 251 640 rum
285 583 498 657 importunitate
527 578 612 641 valde
643 580 795 656 turbatos,
823 580 948 642 ciamare
977 583 1086 657 eoepit:
1118 580 1229 642 Sancta

186 666 295 742 Maria,
323 667 413 728 libera
441 684 488 728 me
516 669 553 728 ab
583 669 644 727 istis
673 668 830 742 vilissimis,
859 669 985 730 crebrius
1006 667 1064 728 boc
1083 673 1228 745 repetens

187 753 345 816 Audientes
365 753 528 815 huiusmodi
549 753 719 830 clamorem,
742 753 773 813 hi
794 757 844 832 qui
866 757 942 816 circa
964 771 1031 816 eum
1053 761 1135 816 erant
1155 757 1228 816 saba

186 842 372 917 mirabantur,
393 844 515 902 scientes
537 859 603 902 eum
625 858 688 902 esse
709 843 895 918 taciturnum,
924 847 953 902 et
972 844 1022 902 vix
1042 840 1082 902 ad
1102 843 1227 903 interro-

186 934 255 1004 gata
289 927 471 1004 respondere.
513 928 703 990 Postmodum
715 924 732 1008 ¹)
763 931 906 1005 respirans
935 935 964 989 at
991 927 1142 1006 inclinans,
1169 931 1227 990 ait:

186 1015 362 1102 Bpneveniat
397 1017 544 1077 carissima
570 1014 697 1076 Domina
729 1031 810 1090 mea,
856 1013 1038 1076 beneveniat.
1096 1014 1229 1093 Moxque

186 1119 304 1161 manum
325 1108 424 1164 contra
446 1101 600 1162 mamonae
621 1100 735 1176 levans,
768 1107 798 1162 ct
818 1104 859 1162 eis
879 1102 1037 1178 insultans,
1062 1103 1227 1164 subiunxit:

185 1187 276 1249 Modo
297 1191 388 1250 iacete
410 1206 463 1250 vos
484 1190 533 1264 ibi,
555 1187 642 1248 modo
664 1191 758 1248 iacote
778 1206 832 1249 vos
853 1190 902 1248 ibt
944 1189 1051 1265 Sisque
1071 1195 1138 1266 post
1158 1207 1228 1251 mo-

186 1275 282 1336 dicum
290 1272 329 1355 ²),
349 1274 463 1353 placido
484 1275 567 1335 vultu
589 1277 756 1351 exspiravit,
778 1276 888 1352 angelis
908 1274 1046 1353 gaudium
1066 1276 1175 1336 iaciens
1195 1279 1227 1336 in

186 1363 286 1437 coelo,
317 1361 369 1422 sed
392 1380 451 1422 non
479 1363 624 1424 modicum
657 1361 785 1422 dolorem
817 1362 950 1424 fratribus
980 1365 1011 1422 in
1042 1365 1227 1424 monasterio.

184 1450 292 1510 Fuerat
313 1452 389 1510 enim
410 1448 577 1510 adolescens
598 1449 692 1508 bonus
714 1456 743 1509 et
764 1449 974 1526 disciplinatus,
1001 1451 1082 1526 virgo
1105 1467 1227 1528 corpore

186 1544 214 1596 ct
244 1543 348 1597 mente.
390 1536 451 1596 Nea
480 1535 669 1596 dubitandum
698 1542 756 1611 est,
786 1538 854 1612 quin
882 1538 912 1596 in
940 1534 1067 1598 adventu
1093 1539 1227 1614 Reginae

185 1623 272 1699 coeli,
300 1625 392 1683 omnis
420 1622 470 1684 illa
497 1623 583 1683 turba
611 1625 761 1699 spirituum
782 1623 971 1700 malignorum
992 1623 1115 1700 impulsa
1136 1627 1175 1684 sit
1195 1631 1228 1686 et

185 1710 305 1785 deiecta,
327 1711 400 1770 sicut
414 1712 444 1769 in
466 1715 530 1770 ortu
552 1709 619 1770 eolis
641 1709 748 1770 nebula
769 1709 939 1788 dispcrgitru
960 1712 1109 1772 matutina.
1151 1710 1226 1772 NO-

184 1795 333 1857 VIOIUS:
354 1795 386 1857 Si
406 1795 533 1857 Domina
553 1803 652 1857 nostra
673 1795 901 1872 clementissima,
921 1798 951 1856 in
971 1803 1063 1857 morte
1085 1805 1225 1874 peccato-
1267 1863 1270 1870 ,

184 1885 237 1958 ris,
264 1886 340 1944 siout
354 1901 455 1960 supra
482 1883 590 1944 dictum
618 1889 662 1943 est
683 1882 807 1960 capitulo
828 1899 921 1959 nono,
952 1883 1015 1944 sola
1036 1901 1090 1944 sua
1110 1887 1226 1946 miseri-

185 1969 281 2031 cordia
300 1971 471 2031 daemonum
494 1970 647 2030 cachinnos
670 1972 853 2046 compescuit,
874 1987 932 2031 non
953 1971 1039 2030 miror
1060 1973 1135 2030 siin
1158 1973 1225 2032 obi-

183 2064 216 2116 tu
245 2057 330 2118 huius
359 2059 425 2116 iusti
453 2062 575 2118 terrores
602 2055 715 2116 illorum
743 2056 884 2117 indebitos
905 2059 1047 2133 repressit.
1088 2056 1225 2118 MONA-

185 2143 302 2205 OHUS:
324 2143 404 2204 Bene
427 2146 525 2204 sentis.
567 2143 696 2221 Dignum
717 2148 786 2219 erat,
807 2150 845 2203 ut.
861 2151 953 2204 meter
973 2145 1061 2204 totius
1083 2147 1225 2210 eastitatis

185 2233 270 2292 etiarn
284 2237 350 2291 ante
367 2237 489 2291 mortem
509 2233 538 2290 in
560 2247 613 2291 sno
635 2229 742 2290 famulo
764 2237 824 2290 tam
845 2230 970 2291 iocunda
990 2233 1153 2293 visitatione
1174 2249 1226 2293 re-
1305 2301 1306 2312 ,

183 2323 346 2377 muneraret
372 2321 508 2378 virtatem
536 2319 714 2395 virginitatis.
755 2317 818 2378 Nec
848 2315 905 2378 hoo
930 2320 1016 2378 miror
1038 2317 1074 2378 de
1095 2319 1226 2396 perfeeto

183 2404 341 2488 monacho,
370 2421 436 2467 oum
465 2405 502 2465 ob
531 2405 652 2465 candem
673 2405 808 2466 virtutem
828 2405 957 2465 noverim
979 2421 1062 2464 suem
1083 2421 1226 2484 praesen-

183 2493 253 2552 tiam
282 2491 396 2552 ouidam
424 2491 564 2553 saeculari
587 2491 690 2553 elerico
712 2493 844 2552 morienti
865 2491 922 2553 Dei
942 2489 1117 2554 (ianitrieem
1138 2493 1225 2554 exhi-

183 2579 289 2639 baisse.

539 2733 773 2797 GAPITULUM
793 2735 857 2796 LV.

217 2947 220 2954 Ι
255 2856 332 2917 Item
354 2855 390 2916 da
412 2859 554 2918 canonico
576 2853 749 2933 Oolonicvai,
771 2860 819 2917 coi
840 2859 872 2916 ia
891 2855 949 2934 pina
969 2875 999 2917 aa
1022 2855 1156 2918 oatmda't.

249 2995 376 3073 Quidam
404 2998 558 3056 canonieus
586 2998 702 3057 maioris
731 2995 870 3058 ecclesiae
890 2998 920 3058 in
942 2996 1076 3074 Colonia,
1104 3014 1173 3059 anm
1194 3001 1226 3060 in

183 3085 316 3144 extremis
338 3088 449 3160 ageret,
471 3083 588 3143 beatam
608 3081 732 3143 Mariam
752 3091 932 3161 praesentem
953 3085 1026 3145 vidit
1045 3092 1075 3146 et
1095 3089 1226 3164 agnovit
1303 3109 1304 3175 i

183 3170 280 3247 Quam
299 3171 440 3230 visionem
461 3187 526 3229 cum
549 3171 798 3230 circumstantibus
819 3173 974 3247 recitasset,
996 3171 1131 3250 alapham
1153 3191 1225 3234 sen-

182 3256 295 3317 sibilem
306 3256 484 3316 invisibiliter
493 3259 610 3332 recepit
651 3253 856 3318 NOVICIUS:
882 3258 965 3334 Quae
981 3259 1034 3319 fuit
1052 3260 1092 3319 ibi
1113 3259 1224 3336 culpa?

181 3340 417 3404 MONACHUS:
439 3344 515 3404 Puto
527 3346 595 3419 quia
605 3345 696 3404 inanis
705 3340 726 3424 ³)
748 3345 853 3422 gloria,
873 3346 1225 3422 quaamoxperoandem

183 3429 318 3507 alapham
340 3435 384 3490 est
406 3436 515 3492 sanata
537 3430 706 3492 Vocabatur
720 3433 797 3491 enim
806 3431 953 3506 Aibertus,
974 3439 1003 3492 et
1023 3432 1224 3510 licetcorpore

181 3515 266 3578 fuerit
288 3522 393 3592 castus,
415 3519 484 3576 satie
499 3523 595 3580 minen
609 3519 717 3577 exstitit
737 3518 891 3580 saecularis
913 3526 942 3580 et
964 3517 1112 3596 delicatus,
1133 3527 1224 3598 atque

72 3803 79 3816 ,
201 3770 231 3838 1)
250 3769 365 3854 3⁹⁰⁸?
389 3771 558 3826 modicum.
578 3803 610 3816 -υ
627 3774 661 3843 2)
678 3774 699 3828 B
717 3784 792 3844 post
814 3775 989 3844 paululum.
1009 3805 1039 3816 -
1065 3776 1098 3844 3)
1115 3775 1137 3829 B
1155 3778 1224 3831 ina·

251 3855 300 3892 nis
317 3840 448 3896 fuisset.
