2538 4314
418 239 472 300 nn
496 237 771 306 consessione.
970 198 973 203 ’
1053 237 1113 343 res

415 395 645 458 CAPITULUM
665 385 776 458 XLVI.

94 501 136 560 De
153 501 277 560 anatim
300 503 334 560 in
355 501 532 577 confusione
553 519 583 561 se
602 503 784 578 testificante,
813 501 862 559 cui
877 498 1010 576 prudens
1031 515 1103 558 con·

193 588 297 664 fossor
319 589 442 647 ostendit
457 590 554 664 pluro
573 590 715 648 mortalia
731 593 856 664 peccata
877 585 991 646 habete.

137 707 379 770 MONAOHUS:
413 709 762 780 HermannusDecanus
787 709 963 783 Bonnensis,
999 704 1115 783 quando

83 793 212 871 plebanus
233 797 292 854 suit
313 795 392 872 apud
402 793 419 876 ¹)
441 802 573 856 sanctum
594 795 750 856 Martinum
770 799 800 854 in
822 795 956 870 Colonia,
977 795 1056 854 venit
1077 789 1116 852 ad

82 899 139 941 eum
157 883 264 942 mulier
275 882 419 958 quaedam
431 889 559 959 tempore
573 883 811 959 quadragesimali
824 888 946 958 peccata
967 898 1021 941 sua
1042 895 1114 939 con·-

81 965 152 1028 fiteri.
193 969 335 1030 Flecteus
350 987 448 1028 coram
470 987 505 1028 eo
524 986 626 1046 genua,
649 970 784 1046 quicquid
805 986 837 1028 se
858 970 929 1028 boul
948 968 1117 1028 meminerat

81 1058 266 1131 commisisse,
296 1059 393 1131 coepit
420 1073 599 1131 enumcrare,
627 1063 655 1116 et
683 1073 749 1117 cum
769 1056 927 1117 Pharisaeo
949 1052 1115 1130 evangelico

79 1143 224 1203 iustificare
247 1161 297 1219 sc,
326 1143 438 1202 dicens:
460 1142 593 1217 Domine,
614 1147 657 1202 tot
679 1145 767 1202 sextis
788 1143 864 1201 scriis
886 1141 964 1202 soleo
986 1157 1038 1217 per
1060 1157 1115 1198 an·

79 1246 138 1288 num
150 1233 180 1292 in
201 1247 283 1305 pane
306 1236 336 1288 et
353 1247 431 1305 aqua
450 1231 585 1304 ieiunare,
607 1223 803 1306 eleemosynas
825 1246 905 1288 meas
923 1227 1000 1301 dare,
1022 1224 1117 1286 eccle·

79 1317 143 1374 snm
150 1312 170 1396 ²)
193 1317 397 1392 frequentare,
422 1322 450 1375 et
470 1315 563 1375 mrdta
582 1318 612 1373 in
632 1316 709 1375 hunc
731 1314 857 1375 modum.
902 1314 955 1374 Oui
975 1313 1117 1389 plebanus

79 1401 155 1460 dixit:
175 1401 229 1462 Ad
251 1402 333 1478 quid,
355 1402 480 1476 domina,
500 1400 640 1461 venistis?
661 1401 809 1477 Numquid
826 1418 879 1478 pro
899 1404 962 1462 istis
983 1401 1118 1476 operibus

78 1489 155 1548 udtis
188 1492 342 1566 suscipere
376 1484 633 1568 poenitentiam⁸)i
663 1487 758 1565 Quare
789 1505 848 1548 non
875 1488 966 1548 dicitis
997 1492 1119 1565 peccata

78 1575 189 1636 sesua?
211 1575 423 1651 Respondente
442 1575 508 1634 illa:
529 1574 607 1634 Nihil
626 1575 696 1634 mihi
718 1578 833 1635 conscia
854 1593 931 1652 sum3
953 1577 994 1635 ait
1013 1573 1117 1650 pleba-

78 1679 139 1721 nus:
168 1663 263 1722 Cuius
286 1665 356 1722 estis
388 1661 494 1721 officii?
523 1662 683 1738 Respondit
708 1663 823 1722 mulier:
851 1662 972 1722 Ferrum
992 1660 1117 1722 vendere

77 1748 156 1810 soleo.
178 1748 232 1809 Ad
245 1748 401 1825 quodille:
422 1743 555 1827 Soletis⁴)
567 1747 720 1824 aliquando
741 1751 865 1809 minores
878 1749 944 1808 seni
962 1746 1119 1826 particulas

78 1839 102 1892 in
120 1835 255 1913 ligaturis
280 1837 440 1895 ‘maioribus
460 1837 662 1910 intermiscere,
684 1842 718 1895 nt
731 1838 773 1894 sic
787 1842 880 1894 totum
901 1835 986 1895 simul
1006 1833 1119 1895 venda·
1187 1845 1194 1870 t

79 1921 127 1980 ts?
164 1923 298 1982 Dicente
320 1923 379 1996 illa,
399 1921 493 1998 sole0;
515 1923 674 1997 respondit:
695 1922 773 1981 Ecce
794 1922 850 1982 hoc
872 1921 991 1982 mortale
1012 1936 1120 1997 pccca-

78 2015 194 2085 tumest,
218 2008 395 2085 quiadolus.
417 2008 456 2067 nt
474 2008 590 2068 adiecit:
612 2008 716 2069 Soletis
729 2009 883 2084 aliquando
901 2010 1020 2084 mentiri,
1040 2009 1120 2067 iura-

78 2111 112 2170 re,
129 2099 297 2172 periurare,
321 2095 440 2155 aemulis
460 2097 563 2155 vestris
584 2095 770 2171 maledicere,
799 2095 861 2154 aliis
882 2094 947 2172 plus
969 2092 1121 2155 vendenti-

78 2182 126 2241 bus
145 2181 306 2243 invidcre?
341 2181 502 2257 Respondit
521 2181 570 2240 illa
578 2178 607 2262 ⁵),
629 2186 697 2258 quia
716 2184 747 2240 in
767 2182 873 2241 talibus
894 2199 981 2259 saepe
1003 2178 1121 2240 excedo.

78 2267 220 2328 Plebanus
246 2269 335 2328 dixit:
363 2269 402 2326 Et
421 2271 477 2328 ista
503 2271 599 2328 omnia
621 2275 743 2344 peccata
764 2275 830 2328 sunt
851 2269 995 2343 mortalia,
1018 2273 1047 2327 et
1067 2267 1121 2326 nisi

78 2357 285 2431 poeniteutiam
315 2357 427 2432 egeritis
456 2356 642 2432 condignam,
676 2358 756 2415 ocius
781 2357 859 2415 ibitis
889 2358 919 2413 in
951 2355 1120 2432 gehennam.

79 2441 184 2503 Territa
205 2443 261 2502 illa
281 2445 314 2500 in
334 2443 429 2501 verbis
442 2439 463 2521 ⁶)
487 2444 563 2517 eius,
584 2459 721 2519 peccasse
743 2460 775 2502 se
795 2444 974 2518 recognovit,
1002 2448 1032 2501 et
1053 2440 1121 2516 quid

80 2527 112 2588 de
139 2536 242 2589 cetero
267 2528 396 2588 confiteri
418 2528 550 2603 deberet,
579 2529 677 2589 didicit
685 2527 714 2611 ⁷).
756 2529 836 2588 Bene
857 2531 925 2604 iste,
957 2534 1058 2604 utpote
1079 2529 1123 2586 vir

80 2616 202 2690 prudens
228 2622 260 2676 ct
276 2615 414 2690 literatus,
436 2617 518 2675 novit
537 2615 634 2675 fodere
655 2619 802 2691 parietem,
824 2622 853 2675 et
874 2615 1024 2675 ostendere
1044 2614 1123 2674 idola

81 2702 216 2762 incorde
240 2701 368 2760 mulieris
390 2701 513 2777 depicta.
554 2700 758 2763 NOVICIUS:
789 2701 864 2779 Quid
885 2709 928 2762 est
948 2702 1045 2761 fodere
1066 2717 1123 2777 pa·

81 2787 201 2848 riemm‘?
224 2787 466 2848 MONACHUS:
487 2788 534 2848 Dc
547 2793 673 2864 peccatis
696 2786 882 2869 eorumquel)
904 2789 1123 2848 circumstantiis

81 2875 257 2952 interrogare
287 2873 479 2934 confitentem.
521 2875 620 2935 Verba
644 2882 712 2934 sunt
731 2874 904 2951 Ezechielis,
933 2883 962 2935 et
983 2873 1122 2935 assueto

83 2949 234 3038 Gregorio‘
256 2961 341 3038 plene
374 2968 404 3021 et
435 2960 605 3022 excellenter
637 2959 805 3042 exposita⁹).
849 2960 958 3022 Cavete
975 2958 1004 3042 ¹⁰)
1037 2961 1124 3022 debet

84 3049 238 3124 consessor,
260 3065 298 3107 ue
312 3049 481 3108 sicincaute
501 3051 648 3124 parietem,
673 3048 770 3123 idest,
792 3048 950 3127 confitentis
973 3051 1123 3116 conscien-

84 3135 149 3194 tiam
169 3153 226 3211 per
248 3136 499 3212 interrogationem
519 3135 617 3211 fodiat,
638 3141 671 3194 ut
692 3151 900 3213 compeccare
922 3135 1033 3198 doceat.

103 3319 131 3388 1)
147 3320 192 3374 ΑΡ
212 3318 260 3372 ad.
275 3347 308 3359 -
326 3319 358 3389 2)
375 3317 415 3373 GP
432 3320 610 3385 ccclesias,
627 3319 650 3372 l)
667 3327 699 3372 et
716 3321 939 3372 ecclesiam-
959 3321 991 3389 3)
1008 3321 1030 3373 D
1048 3336 1125 3391 poe-

150 3392 329 3444 nitentiam
356 3391 530 3457 suscipere.
551 3421 582 3431 -
608 3391 680 3459 t)c
706 3390 872 3443 soletisne.
898 3419 931 3434 -
957 3391 989 3459 5)
1012 3389 1053 3444 ΒΟ
1076 3407 1125 3444 re-

152 3458 346 3527 spondente
363 3458 512 3529 illa-6)
529 3461 571 3523 Vl,
589 3461 619 3512 2:
638 3463 668 3511 in
687 3460 907 3529 simplicitate
923 3460 997 3512 cius
1014 3469 1124 3515 motus.

153 3559 188 3569 -
207 3530 241 3597 7)
259 3527 280 3581 G
298 3528 345 3580 ibi
368 3527 532 3581 didicit-
552 3530 584 3598 8]
602 3529 728 3602 ABGPKR
745 3530 783 3582 dc
801 3530 961 3599 peccatis,
979 3531 1126 3598 eiusque,

152 3598 175 3650 l)
194 3597 235 3650 dc
252 3607 392 3667 peccato
410 3600 552 3668 eiusque.
588 3599 750 3652 Peccatorum
768 3602 969 3665 circumstantiae
987 3607 1046 3652 sunt
1059 3608 1126 3651 tem-

154 3683 214 3734 pus,
230 3667 355 3733 peccandi
370 3667 469 3736 modus,
485 3677 511 3721 ct
528 3669 584 3722 loca
602 3687 658 3722 cum
676 3671 806 3736 personis:
821 3669 911 3720 llomil.
929 3668 970 3720 lV.
988 3686 1013 3736 p.
1031 3669 1073 3721 22.
1093 3695 1123 3707 -

155 3737 189 3804 9)
207 3736 302 3789 Erech.
319 3737 347 3802 8,
364 3738 391 3790 8.
416 3737 518 3809 Gregor.
535 3739 626 3810 Regni.
644 3739 741 3793 Pastor.
750 3741 781 3807 11,
799 3740 841 3792 10.
852 3767 883 3779 -
904 3737 954 3807 10),
970 3738 990 3792 D
1009 3751 1126 3791 carcre

156 3813 271 3859 tamen.
