<?xml version="1.0" encoding="UTF-8"?>
<!DOCTYPE html PUBLIC "-//W3C//DTD XHTML 1.0 Transitional//EN"
    "http://www.w3.org/TR/xhtml1/DTD/xhtml1-transitional.dtd">
<html xmlns="http://www.w3.org/1999/xhtml" xml:lang="en" lang="en">
 <head>
  <title>
</title>
<meta http-equiv="Content-Type" content="text/html;charset=utf-8" />
  <meta name='ocr-system' content='tesseract 3.04.00' />
  <meta name='ocr-capabilities' content='ocr_page ocr_carea ocr_par ocr_line ocrx_word'/>
</head>
<body>
  <div class='ocr_page' id='page_1' title='image "./caesariiheister05stragoog/caesariiheister05stragoog_0495.png"; bbox 0 0 2654 4308; ppageno 0'>
   <div class='ocr_carea' id='block_1_1' title="bbox 187 279 914 342">
    <p class='ocr_par' dir='ltr' id='par_1_1' title="bbox 187 279 914 342">
     <span class='ocr_line' id='line_1_1' title="bbox 187 279 914 342; baseline 0.004 -2"><span class='ocrx_word' id='word_1_1' title='bbox 187 282 226 340; x_wconf 88' lang='grc'>68</span> <span class='ocrx_word' id='word_1_2' title='bbox 490 279 718 342; x_wconf 68' lang='lat' dir='ltr'>Dramatic</span> <span class='ocrx_word' id='word_1_3' title='bbox 739 279 914 342; x_wconf 79' lang='lat' dir='ltr'>SEPTIMA</span> 
     </span>
    </p>
   </div>
   <div class='ocr_carea' id='block_1_2' title="bbox 185 399 1286 694">
    <p class='ocr_par' dir='ltr' id='par_1_2' title="bbox 185 399 1286 694">
     <span class='ocr_line' id='line_1_2' title="bbox 186 399 1221 483; baseline 0.002 -24"><span class='ocrx_word' id='word_1_4' title='bbox 186 407 214 459; x_wconf 77' lang='lat' dir='ltr'>et</span> <span class='ocrx_word' id='word_1_5' title='bbox 228 399 395 460; x_wconf 66' lang='lat' dir='ltr'>bohemum</span> <span class='ocrx_word' id='word_1_6' title='bbox 409 405 612 462; x_wconf 62' lang='lat' dir='ltr'>momentana</span> <span class='ocrx_word' id='word_1_7' title='bbox 633 403 754 462; x_wconf 76' lang='lat' dir='ltr'>odaren</span> <span class='ocrx_word' id='word_1_8' title='bbox 775 403 850 476; x_wconf 82' lang='lat' dir='ltr'>dedi,</span> <span class='ocrx_word' id='word_1_9' title='bbox 871 409 906 462; x_wconf 88' lang='lat' dir='ltr'>et·</span> <span class='ocrx_word' id='word_1_10' title='bbox 921 408 1017 464; x_wconf 87' lang='lat' dir='ltr'>cetera</span> <span class='ocrx_word' id='word_1_11' title='bbox 1029 399 1055 483; x_wconf 89' lang='lat'>¹).</span> <span class='ocrx_word' id='word_1_12' title='bbox 1091 401 1221 478; x_wconf 87' lang='lat' dir='ltr'>Quantae</span> 
     </span>
     <span class='ocr_line' id='line_1_3' title="bbox 185 487 1285 594; baseline 0.001 -49"><span class='ocrx_word' id='word_1_13' title='bbox 185 489 297 546; x_wconf 87' lang='lat' dir='ltr'>virtutis</span> <span class='ocrx_word' id='word_1_14' title='bbox 329 493 358 548; x_wconf 89' lang='lat' dir='ltr'>et</span> <span class='ocrx_word' id='word_1_15' title='bbox 388 490 497 565; x_wconf 86' lang='lat' dir='ltr'>gratiae</span> <span class='ocrx_word' id='word_1_16' title='bbox 525 487 626 548; x_wconf 86' lang='lat' dir='ltr'>eadem</span> <span class='ocrx_word' id='word_1_17' title='bbox 655 490 712 548; x_wconf 87' lang='lat' dir='ltr'>siut</span> <span class='ocrx_word' id='word_1_18' title='bbox 739 496 882 566; x_wconf 83' lang='lat' dir='ltr'>ungenta,</span> <span class='ocrx_word' id='word_1_19' title='bbox 913 506 1038 566; x_wconf 88' lang='lat' dir='ltr'>sequens</span> <span class='ocrx_word' id='word_1_20' title='bbox 1067 489 1222 550; x_wconf 75' lang='lat' dir='ltr'><strong>declarabit</strong></span> <span class='ocrx_word' id='word_1_21' title='bbox 1283 522 1285 594; x_wconf 40' lang='grc' dir='ltr'><em>Α</em></span> 
     </span>
     <span class='ocr_line' id='line_1_4' title="bbox 185 573 1286 694; baseline 0.002 -62"><span class='ocrx_word' id='word_1_22' title='bbox 185 573 356 650; x_wconf 81' lang='lat' dir='ltr'>exemplum</span> <span class='ocrx_word' id='word_1_23' title='bbox 1285 616 1286 694; x_wconf 47' lang='lat'>,</span> 
     </span>
    </p>
   </div>
   <div class='ocr_carea' id='block_1_3' title="bbox 486 763 919 847">
    <p class='ocr_par' dir='ltr' id='par_1_3' title="bbox 486 763 919 847">
     <span class='ocr_line' id='line_1_5' title="bbox 486 763 919 847; baseline 0 -21"><span class='ocrx_word' id='word_1_24' title='bbox 486 764 719 827; x_wconf 76' lang='lat' dir='ltr'>caenosum</span> <span class='ocrx_word' id='word_1_25' title='bbox 739 763 919 847; x_wconf 55' lang='lat' dir='ltr'>xnvmst</span> 
     </span>
    </p>
   </div>
   <div class='ocr_carea' id='block_1_4' title="bbox 148 887 1167 1050">
    <p class='ocr_par' dir='ltr' id='par_1_4' title="bbox 148 887 1167 1050">
     <span class='ocr_line' id='line_1_6' title="bbox 148 887 1167 966; baseline 0.003 -20"><span class='ocrx_word' id='word_1_26' title='bbox 148 899 154 908; x_wconf 86' lang='lat'><em>&#39;</em></span> <span class='ocrx_word' id='word_1_27' title='bbox 241 887 290 946; x_wconf 87' lang='lat' dir='ltr'>De</span> <span class='ocrx_word' id='word_1_28' title='bbox 310 889 542 961; x_wconf 75' lang='lat' dir='ltr'>ewwtimoniali,</span> <span class='ocrx_word' id='word_1_29' title='bbox 563 891 647 948; x_wconf 81' lang='lat' dir='ltr'>enine</span> <span class='ocrx_word' id='word_1_30' title='bbox 669 887 781 966; x_wconf 80' lang='lat' dir='ltr'>lybiam</span> <span class='ocrx_word' id='word_1_31' title='bbox 803 889 915 946; x_wconf 84' lang='lat' dir='ltr'>laesam</span> <span class='ocrx_word' id='word_1_32' title='bbox 935 893 1041 948; x_wconf 72' lang='lat' dir='ltr'>amicta</span> <span class='ocrx_word' id='word_1_33' title='bbox 1062 887 1167 948; x_wconf 83' lang='lat' dir='ltr'>Morio</span> 
     </span>
     <span class='ocr_line' id='line_1_7' title="bbox 439 977 965 1050; baseline 0.004 -16"><span class='ocrx_word' id='word_1_34' title='bbox 439 977 473 1034; x_wconf 83' lang='lat' dir='ltr'>in</span> <span class='ocrx_word' id='word_1_35' title='bbox 492 978 603 1034; x_wconf 70' lang='grc' dir='ltr'>υὲεἰοπο</span> <span class='ocrx_word' id='word_1_36' title='bbox 624 979 767 1050; x_wconf 77' lang='lat' dir='ltr'>perunxit</span> <span class='ocrx_word' id='word_1_37' title='bbox 788 978 965 1036; x_wconf 72' lang='lat' dir='ltr'>einamma</span> 
     </span>
    </p>
   </div>
   <div class='ocr_carea' id='block_1_5' title="bbox 162 1094 1299 3535">
    <p class='ocr_par' dir='ltr' id='par_1_5' title="bbox 182 1094 1299 2144">
     <span class='ocr_line' id='line_1_8' title="bbox 250 1094 1291 1190; baseline -0.001 -19"><span class='ocrx_word' id='word_1_38' title='bbox 250 1109 374 1190; x_wconf 81' lang='lat' dir='ltr'>Contigit</span> <span class='ocrx_word' id='word_1_39' title='bbox 402 1119 469 1172; x_wconf 90' lang='lat' dir='ltr'>ante</span> <span class='ocrx_word' id='word_1_40' title='bbox 497 1130 588 1173; x_wconf 88' lang='lat' dir='ltr'>annos</span> <span class='ocrx_word' id='word_1_41' title='bbox 614 1130 724 1190; x_wconf 90' lang='lat' dir='ltr'>pancos</span> <span class='ocrx_word' id='word_1_42' title='bbox 751 1115 782 1172; x_wconf 94' lang='lat' dir='ltr'>in</span> <span class='ocrx_word' id='word_1_43' title='bbox 803 1112 930 1188; x_wconf 88' lang='lat' dir='ltr'>quodam</span> <span class='ocrx_word' id='word_1_44' title='bbox 952 1114 1092 1174; x_wconf 89' lang='lat' dir='ltr'>coenobio</span> <span class='ocrx_word' id='word_1_45' title='bbox 1114 1114 1222 1171; x_wconf 90' lang='lat' dir='ltr'>sancti-</span> <span class='ocrx_word' id='word_1_46' title='bbox 1290 1094 1291 1170; x_wconf 80' lang='lat' dir='ltr'>l</span> 
     </span>
     <span class='ocr_line' id='line_1_9' title="bbox 183 1188 1292 1276; baseline 0.001 -19"><span class='ocrx_word' id='word_1_47' title='bbox 183 1199 349 1258; x_wconf 87' lang='lat' dir='ltr'>monialium</span> <span class='ocrx_word' id='word_1_48' title='bbox 362 1199 467 1259; x_wconf 82' lang='lat' dir='ltr'>ordinis</span> <span class='ocrx_word' id='word_1_49' title='bbox 489 1203 577 1259; x_wconf 82' lang='lat' dir='ltr'>nostri</span> <span class='ocrx_word' id='word_1_50' title='bbox 597 1202 667 1260; x_wconf 88' lang='lat' dir='ltr'>satis</span> <span class='ocrx_word' id='word_1_51' title='bbox 688 1200 757 1259; x_wconf 91' lang='lat' dir='ltr'>mihi</span> <span class='ocrx_word' id='word_1_52' title='bbox 771 1206 849 1276; x_wconf 87' lang='lat' dir='ltr'>noto,</span> <span class='ocrx_word' id='word_1_53' title='bbox 870 1219 916 1261; x_wconf 91' lang='lat' dir='ltr'>res</span> <span class='ocrx_word' id='word_1_54' title='bbox 937 1199 1023 1260; x_wconf 87' lang='lat' dir='ltr'>valde</span> <span class='ocrx_word' id='word_1_55' title='bbox 1037 1198 1221 1259; x_wconf 85' lang='lat' dir='ltr'>delectabilis.</span> <span class='ocrx_word' id='word_1_56' title='bbox 1291 1188 1292 1248; x_wconf 79' lang='lat' dir='ltr'>l</span> 
     </span>
     <span class='ocr_line' id='line_1_10' title="bbox 183 1283 1293 1364; baseline 0 -22"><span class='ocrx_word' id='word_1_57' title='bbox 183 1283 237 1344; x_wconf 81' lang='lat' dir='ltr'>Est</span> <span class='ocrx_word' id='word_1_58' title='bbox 262 1285 303 1346; x_wconf 90' lang='lat' dir='ltr'>ibi</span> <span class='ocrx_word' id='word_1_59' title='bbox 329 1286 472 1363; x_wconf 85' lang='lat' dir='ltr'><strong>quaedam</strong></span> <span class='ocrx_word' id='word_1_60' title='bbox 493 1304 588 1363; x_wconf 85' lang='lat' dir='ltr'>soror,</span> <span class='ocrx_word' id='word_1_61' title='bbox 617 1289 730 1364; x_wconf 88' lang='lat' dir='ltr'>etipsa</span> <span class='ocrx_word' id='word_1_62' title='bbox 750 1287 821 1345; x_wconf 91' lang='lat' dir='ltr'>mihi</span> <span class='ocrx_word' id='word_1_63' title='bbox 841 1294 924 1362; x_wconf 84' lang='lat' dir='ltr'>nota,</span> <span class='ocrx_word' id='word_1_64' title='bbox 951 1289 1030 1347; x_wconf 85' lang='lat' dir='ltr'>vitae</span> <span class='ocrx_word' id='word_1_65' title='bbox 1050 1285 1221 1363; x_wconf 89' lang='lat' dir='ltr'>probabilis,</span> <span class='ocrx_word' id='word_1_66' title='bbox 1292 1284 1293 1342; x_wconf 83' lang='lat' dir='ltr'>l</span> 
     </span>
     <span class='ocr_line' id='line_1_11' title="bbox 184 1371 1294 1452; baseline -0.004 -22"><span class='ocrx_word' id='word_1_67' title='bbox 184 1371 362 1448; x_wconf 90' lang='lat' dir='ltr'>multumque</span> <span class='ocrx_word' id='word_1_68' title='bbox 387 1373 499 1433; x_wconf 85' lang='lat' dir='ltr'>fervens</span> <span class='ocrx_word' id='word_1_69' title='bbox 528 1375 557 1432; x_wconf 89' lang='lat' dir='ltr'>in</span> <span class='ocrx_word' id='word_1_70' title='bbox 586 1372 726 1449; x_wconf 89' lang='lat' dir='ltr'>obsequio</span> <span class='ocrx_word' id='word_1_71' title='bbox 747 1374 852 1433; x_wconf 85' lang='lat' dir='ltr'>beatae</span> <span class='ocrx_word' id='word_1_72' title='bbox 873 1375 1008 1452; x_wconf 81' lang='lat' dir='ltr'>Virginis.</span> <span class='ocrx_word' id='word_1_73' title='bbox 1050 1373 1134 1433; x_wconf 88' lang='lat' dir='ltr'>Haec</span> <span class='ocrx_word' id='word_1_74' title='bbox 1156 1389 1222 1432; x_wconf 87' lang='lat' dir='ltr'>cum</span> <span class='ocrx_word' id='word_1_75' title='bbox 1293 1378 1294 1426; x_wconf 78' lang='lat' dir='ltr'>i</span> 
     </span>
     <span class='ocr_line' id='line_1_12' title="bbox 183 1459 1295 1537; baseline 0.001 -20"><span class='ocrx_word' id='word_1_76' title='bbox 183 1459 214 1516; x_wconf 88' lang='lat' dir='ltr'>in</span> <span class='ocrx_word' id='word_1_77' title='bbox 235 1459 449 1537; x_wconf 81' lang='lat' dir='ltr'>genuflexione,</span> <span class='ocrx_word' id='word_1_78' title='bbox 474 1461 561 1519; x_wconf 90' lang='lat' dir='ltr'>nimio</span> <span class='ocrx_word' id='word_1_79' title='bbox 588 1459 751 1536; x_wconf 87' lang='lat' dir='ltr'>impellente</span> <span class='ocrx_word' id='word_1_80' title='bbox 778 1460 907 1536; x_wconf 84' lang='lat' dir='ltr'>fervore,</span> <span class='ocrx_word' id='word_1_81' title='bbox 939 1468 1069 1536; x_wconf 90' lang='lat' dir='ltr'>tempore</span> <span class='ocrx_word' id='word_1_82' title='bbox 1095 1459 1222 1535; x_wconf 86' lang='lat' dir='ltr'>quodam</span> <span class='ocrx_word' id='word_1_83' title='bbox 1294 1474 1295 1500; x_wconf 60' lang='lat' dir='ltr'>i</span> 
     </span>
     <span class='ocr_line' id='line_1_13' title="bbox 183 1545 1296 1634; baseline -0.001 -29"><span class='ocrx_word' id='word_1_84' title='bbox 183 1562 261 1622; x_wconf 85' lang='lat' dir='ltr'>genn</span> <span class='ocrx_word' id='word_1_85' title='bbox 273 1546 321 1605; x_wconf 90' lang='lat' dir='ltr'>vel</span> <span class='ocrx_word' id='word_1_86' title='bbox 334 1548 444 1624; x_wconf 88' lang='lat' dir='ltr'>tybiam</span> <span class='ocrx_word' id='word_1_87' title='bbox 459 1545 645 1621; x_wconf 88' lang='lat' dir='ltr'>vulnerasset,</span> <span class='ocrx_word' id='word_1_88' title='bbox 666 1553 754 1624; x_wconf 89' lang='lat' dir='ltr'>atque</span> <span class='ocrx_word' id='word_1_89' title='bbox 774 1547 892 1634; x_wconf 70' lang='lat' dir='ltr'>meridip</span> <span class='ocrx_word' id='word_1_90' title='bbox 906 1549 935 1605; x_wconf 90' lang='lat' dir='ltr'>in</span> <span class='ocrx_word' id='word_1_91' title='bbox 955 1545 1130 1606; x_wconf 90' lang='lat' dir='ltr'>infirmitorio</span> <span class='ocrx_word' id='word_1_92' title='bbox 1153 1545 1220 1605; x_wconf 92' lang='lat' dir='ltr'>dor·</span> <span class='ocrx_word' id='word_1_93' title='bbox 1295 1570 1296 1576; x_wconf 45' lang='lat'>¹</span> 
     </span>
     <span class='ocr_line' id='line_1_14' title="bbox 183 1629 1297 1714; baseline 0 -24"><span class='ocrx_word' id='word_1_94' title='bbox 183 1634 275 1707; x_wconf 77' lang='lat' dir='ltr'>muel,</span> <span class='ocrx_word' id='word_1_95' title='bbox 295 1635 358 1692; x_wconf 88' lang='lat' dir='ltr'>visa</span> <span class='ocrx_word' id='word_1_96' title='bbox 380 1635 473 1692; x_wconf 91' lang='lat' dir='ltr'>estin</span> <span class='ocrx_word' id='word_1_97' title='bbox 495 1635 601 1692; x_wconf 88' lang='lat' dir='ltr'>somnis</span> <span class='ocrx_word' id='word_1_98' title='bbox 624 1629 676 1714; x_wconf 90' lang='lat' dir='ltr'>ei²)</span> <span class='ocrx_word' id='word_1_99' title='bbox 699 1641 793 1693; x_wconf 88' lang='lat' dir='ltr'>astare</span> <span class='ocrx_word' id='word_1_100' title='bbox 810 1635 898 1693; x_wconf 89' lang='lat' dir='ltr'>beata</span> <span class='ocrx_word' id='word_1_101' title='bbox 911 1633 1002 1710; x_wconf 78' lang='lat' dir='ltr'>Vngo</span> <span class='ocrx_word' id='word_1_102' title='bbox 1023 1633 1125 1708; x_wconf 87' lang='lat' dir='ltr'>Maria,</span> <span class='ocrx_word' id='word_1_103' title='bbox 1146 1631 1221 1710; x_wconf 87' lang='lat' dir='ltr'>pixi-</span> <span class='ocrx_word' id='word_1_104' title='bbox 1296 1664 1297 1670; x_wconf 23' lang='grc' dir='ltr'><strong>κ</strong></span> 
     </span>
     <span class='ocr_line' id='line_1_15' title="bbox 184 1717 1298 1798; baseline 0 -21"><span class='ocrx_word' id='word_1_105' title='bbox 184 1717 251 1778; x_wconf 90' lang='lat' dir='ltr'>dem</span> <span class='ocrx_word' id='word_1_106' title='bbox 271 1722 388 1797; x_wconf 83' lang='lat' dir='ltr'>ungenti</span> <span class='ocrx_word' id='word_1_107' title='bbox 409 1727 527 1796; x_wconf 86' lang='lat' dir='ltr'>portans</span> <span class='ocrx_word' id='word_1_108' title='bbox 554 1723 583 1780; x_wconf 91' lang='lat' dir='ltr'>in</span> <span class='ocrx_word' id='word_1_109' title='bbox 610 1738 699 1779; x_wconf 88' lang='lat' dir='ltr'>manu</span> <span class='ocrx_word' id='word_1_110' title='bbox 720 1739 783 1781; x_wconf 90' lang='lat' dir='ltr'>sna.</span> <span class='ocrx_word' id='word_1_111' title='bbox 825 1721 1022 1796; x_wconf 90' lang='lat' dir='ltr'>Immissisque</span> <span class='ocrx_word' id='word_1_112' title='bbox 1045 1719 1157 1798; x_wconf 91' lang='lat' dir='ltr'>digitis,</span> <span class='ocrx_word' id='word_1_113' title='bbox 1186 1717 1221 1778; x_wconf 91' lang='lat' dir='ltr'>de</span> <span class='ocrx_word' id='word_1_114' title='bbox 1297 1760 1298 1768; x_wconf 55' lang='lat'>.</span> 
     </span>
     <span class='ocr_line' id='line_1_16' title="bbox 184 1805 1299 1884; baseline 0 -18"><span class='ocrx_word' id='word_1_115' title='bbox 184 1805 286 1866; x_wconf 85' lang='lat' dir='ltr'>eodem</span> <span class='ocrx_word' id='word_1_116' title='bbox 314 1813 440 1884; x_wconf 86' lang='lat' dir='ltr'>ungento</span> <span class='ocrx_word' id='word_1_117' title='bbox 467 1809 600 1883; x_wconf 87' lang='lat' dir='ltr'>perunxit</span> <span class='ocrx_word' id='word_1_118' title='bbox 619 1807 798 1867; x_wconf 82' lang='lat' dir='ltr'>vulneratam</span> <span class='ocrx_word' id='word_1_119' title='bbox 818 1808 929 1884; x_wconf 87' lang='lat' dir='ltr'>tybiam</span> <span class='ocrx_word' id='word_1_120' title='bbox 950 1808 1075 1884; x_wconf 88' lang='lat' dir='ltr'>virginis.</span> <span class='ocrx_word' id='word_1_121' title='bbox 1118 1806 1221 1866; x_wconf 82' lang='lat' dir='ltr'>Statim</span> <span class='ocrx_word' id='word_1_122' title='bbox 1298 1863 1299 1866; x_wconf 74' lang='grc'>,</span> 
     </span>
     <span class='ocr_line' id='line_1_17' title="bbox 183 1891 1299 1970; baseline 0 -18"><span class='ocrx_word' id='word_1_123' title='bbox 183 1899 264 1953; x_wconf 88' lang='lat' dir='ltr'>tanta</span> <span class='ocrx_word' id='word_1_124' title='bbox 276 1891 426 1970; x_wconf 85' lang='lat' dir='ltr'>flagrantia</span> <span class='ocrx_word' id='word_1_125' title='bbox 446 1893 535 1969; x_wconf 85' lang='lat' dir='ltr'>affirit,</span> <span class='ocrx_word' id='word_1_126' title='bbox 555 1901 589 1952; x_wconf 92' lang='lat' dir='ltr'>ut</span> <span class='ocrx_word' id='word_1_127' title='bbox 609 1910 721 1954; x_wconf 87' lang='lat' dir='ltr'>sorores</span> <span class='ocrx_word' id='word_1_128' title='bbox 742 1896 772 1954; x_wconf 93' lang='lat' dir='ltr'>in</span> <span class='ocrx_word' id='word_1_129' title='bbox 785 1895 914 1970; x_wconf 90' lang='lat' dir='ltr'>proximo</span> <span class='ocrx_word' id='word_1_130' title='bbox 931 1892 1112 1969; x_wconf 83' lang='lat' dir='ltr'>dormientes,</span> <span class='ocrx_word' id='word_1_131' title='bbox 1134 1891 1221 1954; x_wconf 89' lang='lat' dir='ltr'>odore</span> <span class='ocrx_word' id='word_1_132' title='bbox 1298 1911 1299 1926; x_wconf 65' lang='lat'>.</span> 
     </span>
     <span class='ocr_line' id='line_1_18' title="bbox 182 1979 1221 2058; baseline 0.001 -20"><span class='ocrx_word' id='word_1_133' title='bbox 182 1979 258 2039; x_wconf 88' lang='lat' dir='ltr'>illius</span> <span class='ocrx_word' id='word_1_134' title='bbox 287 1983 426 2040; x_wconf 80' lang='lat' dir='ltr'>excitatae</span> <span class='ocrx_word' id='word_1_135' title='bbox 453 1987 617 2058; x_wconf 81' lang='lat' dir='ltr'>surgerent,</span> <span class='ocrx_word' id='word_1_136' title='bbox 645 1986 674 2040; x_wconf 89' lang='lat' dir='ltr'>et</span> <span class='ocrx_word' id='word_1_137' title='bbox 702 1980 740 2042; x_wconf 92' lang='lat' dir='ltr'>ad</span> <span class='ocrx_word' id='word_1_138' title='bbox 769 1980 875 2040; x_wconf 89' lang='lat' dir='ltr'>lectum</span> <span class='ocrx_word' id='word_1_139' title='bbox 902 1983 963 2041; x_wconf 86' lang='lat' dir='ltr'>eins</span> <span class='ocrx_word' id='word_1_140' title='bbox 990 1982 1154 2056; x_wconf 89' lang='lat' dir='ltr'>venientes,</span> <span class='ocrx_word' id='word_1_141' title='bbox 1186 1996 1221 2040; x_wconf 91' lang='lat' dir='ltr'>eo</span> 
     </span>
     <span class='ocr_line' id='line_1_19' title="bbox 184 2066 1222 2144; baseline 0 -19"><span class='ocrx_word' id='word_1_142' title='bbox 184 2066 262 2142; x_wconf 89' lang='lat' dir='ltr'>qnod</span> <span class='ocrx_word' id='word_1_143' title='bbox 282 2070 375 2128; x_wconf 83' lang='lat' dir='ltr'>maior</span> <span class='ocrx_word' id='word_1_144' title='bbox 393 2066 434 2127; x_wconf 90' lang='lat' dir='ltr'>ibi</span> <span class='ocrx_word' id='word_1_145' title='bbox 450 2070 601 2128; x_wconf 87' lang='lat' dir='ltr'>sentiretur</span> <span class='ocrx_word' id='word_1_146' title='bbox 620 2069 710 2128; x_wconf 90' lang='lat' dir='ltr'>virtus</span> <span class='ocrx_word' id='word_1_147' title='bbox 724 2067 827 2144; x_wconf 89' lang='lat' dir='ltr'>odoris,</span> <span class='ocrx_word' id='word_1_148' title='bbox 848 2067 1036 2126; x_wconf 89' lang='lat' dir='ltr'>dormientem</span> <span class='ocrx_word' id='word_1_149' title='bbox 1057 2069 1222 2127; x_wconf 83' lang='lat' dir='ltr'>excitarent.</span> 
     </span>
    </p>

    <p class='ocr_par' dir='ltr' id='par_1_6' title="bbox 162 2151 1226 3535">
     <span class='ocr_line' id='line_1_20' title="bbox 162 2151 1224 2232; baseline 0.002 -20"><span class='ocrx_word' id='word_1_150' title='bbox 162 2152 239 2223; x_wconf 58' lang='lat' dir='ltr'>,Cui</span> <span class='ocrx_word' id='word_1_151' title='bbox 268 2170 333 2214; x_wconf 92' lang='lat' dir='ltr'>cnm</span> <span class='ocrx_word' id='word_1_152' title='bbox 361 2156 538 2232; x_wconf 84' lang='lat' dir='ltr'>signassent,</span> <span class='ocrx_word' id='word_1_153' title='bbox 566 2156 630 2230; x_wconf 88' lang='lat' dir='ltr'>quis</span> <span class='ocrx_word' id='word_1_154' title='bbox 659 2153 706 2214; x_wconf 90' lang='lat' dir='ltr'>vel</span> <span class='ocrx_word' id='word_1_155' title='bbox 734 2153 812 2214; x_wconf 89' lang='lat' dir='ltr'>unde</span> <span class='ocrx_word' id='word_1_156' title='bbox 841 2160 918 2214; x_wconf 88' lang='lat' dir='ltr'>esset</span> <span class='ocrx_word' id='word_1_157' title='bbox 938 2152 1009 2214; x_wconf 89' lang='lat' dir='ltr'>odor</span> <span class='ocrx_word' id='word_1_158' title='bbox 1029 2159 1142 2228; x_wconf 79' lang='lat' dir='ltr'>tantm,</span> <span class='ocrx_word' id='word_1_159' title='bbox 1174 2151 1224 2214; x_wconf 85' lang='lat' dir='ltr'>illa</span> 
     </span>
     <span class='ocr_line' id='line_1_21' title="bbox 185 2240 1224 2318; baseline -0.003 -16"><span class='ocrx_word' id='word_1_160' title='bbox 185 2255 291 2302; x_wconf 72' lang='lat' dir='ltr'>musae</span> <span class='ocrx_word' id='word_1_161' title='bbox 311 2257 369 2301; x_wconf 90' lang='lat' dir='ltr'>non</span> <span class='ocrx_word' id='word_1_162' title='bbox 391 2244 500 2318; x_wconf 89' lang='lat' dir='ltr'>ignara,</span> <span class='ocrx_word' id='word_1_163' title='bbox 520 2241 578 2301; x_wconf 93' lang='lat' dir='ltr'>imo</span> <span class='ocrx_word' id='word_1_164' title='bbox 601 2258 653 2317; x_wconf 88' lang='lat' dir='ltr'>per</span> <span class='ocrx_word' id='word_1_165' title='bbox 673 2240 775 2301; x_wconf 90' lang='lat' dir='ltr'>eadem</span> <span class='ocrx_word' id='word_1_166' title='bbox 796 2243 878 2318; x_wconf 87' lang='lat' dir='ltr'>signa</span> <span class='ocrx_word' id='word_1_167' title='bbox 898 2243 957 2300; x_wconf 90' lang='lat' dir='ltr'>iam</span> <span class='ocrx_word' id='word_1_168' title='bbox 978 2240 1015 2301; x_wconf 93' lang='lat' dir='ltr'>de</span> <span class='ocrx_word' id='word_1_169' title='bbox 1035 2243 1156 2300; x_wconf 88' lang='lat' dir='ltr'>veritate</span> <span class='ocrx_word' id='word_1_170' title='bbox 1178 2242 1224 2300; x_wconf 93' lang='lat' dir='ltr'>vi·</span> 
     </span>
     <span class='ocr_line' id='line_1_22' title="bbox 183 2324 1224 2408; baseline 0.002 -22"><span class='ocrx_word' id='word_1_171' title='bbox 183 2330 270 2387; x_wconf 86' lang='lat' dir='ltr'>sionis</span> <span class='ocrx_word' id='word_1_172' title='bbox 285 2329 387 2388; x_wconf 82' lang='lat' dir='ltr'>certior</span> <span class='ocrx_word' id='word_1_173' title='bbox 399 2328 509 2404; x_wconf 83' lang='lat' dir='ltr'>effecta,</span> <span class='ocrx_word' id='word_1_174' title='bbox 528 2327 599 2386; x_wconf 91' lang='lat' dir='ltr'>nihil</span> <span class='ocrx_word' id='word_1_175' title='bbox 610 2327 666 2387; x_wconf 88' lang='lat' dir='ltr'>illis</span> <span class='ocrx_word' id='word_1_176' title='bbox 679 2327 773 2388; x_wconf 89' lang='lat' dir='ltr'>dicere</span> <span class='ocrx_word' id='word_1_177' title='bbox 785 2329 834 2389; x_wconf 89' lang='lat' dir='ltr'>vel</span> <span class='ocrx_word' id='word_1_178' title='bbox 846 2330 991 2405; x_wconf 85' lang='lat' dir='ltr'>resignare</span> <span class='ocrx_word' id='word_1_179' title='bbox 1006 2324 1135 2408; x_wconf 83' lang='lat' dir='ltr'>volnit³),</span> <span class='ocrx_word' id='word_1_180' title='bbox 1155 2334 1224 2388; x_wconf 87' lang='lat' dir='ltr'>tan-</span> 
     </span>
     <span class='ocr_line' id='line_1_23' title="bbox 184 2412 1225 2490; baseline -0.001 -17"><span class='ocrx_word' id='word_1_181' title='bbox 184 2420 246 2473; x_wconf 91' lang='lat' dir='ltr'>tum</span> <span class='ocrx_word' id='word_1_182' title='bbox 267 2416 402 2489; x_wconf 90' lang='lat' dir='ltr'>innuens,</span> <span class='ocrx_word' id='word_1_183' title='bbox 433 2421 467 2473; x_wconf 93' lang='lat' dir='ltr'>nt</span> <span class='ocrx_word' id='word_1_184' title='bbox 485 2416 560 2475; x_wconf 92' lang='lat' dir='ltr'>irent</span> <span class='ocrx_word' id='word_1_185' title='bbox 580 2413 741 2474; x_wconf 88' lang='lat' dir='ltr'>dormitum.</span> <span class='ocrx_word' id='word_1_186' title='bbox 784 2414 866 2490; x_wconf 87' lang='lat' dir='ltr'>Quae</span> <span class='ocrx_word' id='word_1_187' title='bbox 887 2431 954 2474; x_wconf 92' lang='lat' dir='ltr'>cum</span> <span class='ocrx_word' id='word_1_188' title='bbox 973 2431 1086 2474; x_wconf 87' lang='lat' dir='ltr'>mrsum</span> <span class='ocrx_word' id='word_1_189' title='bbox 1114 2412 1225 2474; x_wconf 90' lang='lat' dir='ltr'>obdor-</span> 
     </span>
     <span class='ocr_line' id='line_1_24' title="bbox 184 2496 1224 2581; baseline 0 -21"><span class='ocrx_word' id='word_1_190' title='bbox 184 2496 351 2581; x_wconf 75' lang='lat' dir='ltr'>mivisset⁴),</span> <span class='ocrx_word' id='word_1_191' title='bbox 371 2503 476 2560; x_wconf 91' lang='lat' dir='ltr'>iterum</span> <span class='ocrx_word' id='word_1_192' title='bbox 496 2501 577 2561; x_wconf 84' lang='lat' dir='ltr'>affuit</span> <span class='ocrx_word' id='word_1_193' title='bbox 593 2507 684 2561; x_wconf 90' lang='lat' dir='ltr'>mater</span> <span class='ocrx_word' id='word_1_194' title='bbox 696 2501 822 2577; x_wconf 90' lang='lat' dir='ltr'>Domini,</span> <span class='ocrx_word' id='word_1_195' title='bbox 843 2518 942 2561; x_wconf 92' lang='lat' dir='ltr'>secum</span> <span class='ocrx_word' id='word_1_196' title='bbox 962 2500 1041 2560; x_wconf 88' lang='lat' dir='ltr'>illam</span> <span class='ocrx_word' id='word_1_197' title='bbox 1062 2517 1114 2576; x_wconf 88' lang='lat' dir='ltr'>per</span> <span class='ocrx_word' id='word_1_198' title='bbox 1133 2501 1224 2560; x_wconf 86' lang='lat' dir='ltr'>visio·</span> 
     </span>
     <span class='ocr_line' id='line_1_25' title="bbox 183 2580 1226 2664; baseline 0 -18"><span class='ocrx_word' id='word_1_199' title='bbox 183 2603 251 2648; x_wconf 91' lang='lat' dir='ltr'>nem</span> <span class='ocrx_word' id='word_1_200' title='bbox 272 2587 379 2647; x_wconf 85' lang='lat' dir='ltr'>ducens</span> <span class='ocrx_word' id='word_1_201' title='bbox 400 2589 429 2646; x_wconf 92' lang='lat' dir='ltr'>in</span> <span class='ocrx_word' id='word_1_202' title='bbox 450 2589 617 2663; x_wconf 90' lang='lat' dir='ltr'>pomerium.</span> <span class='ocrx_word' id='word_1_203' title='bbox 660 2580 714 2647; x_wconf 77' lang='lat' dir='ltr'>Cui</span> <span class='ocrx_word' id='word_1_204' title='bbox 741 2606 860 2648; x_wconf 89' lang='lat' dir='ltr'>manum</span> <span class='ocrx_word' id='word_1_205' title='bbox 888 2588 941 2647; x_wconf 90' lang='lat' dir='ltr'>sub</span> <span class='ocrx_word' id='word_1_206' title='bbox 972 2593 1069 2647; x_wconf 90' lang='lat' dir='ltr'>mento</span> <span class='ocrx_word' id='word_1_207' title='bbox 1097 2603 1226 2664; x_wconf 86' lang='lat' dir='ltr'>ponens,</span> 
     </span>
     <span class='ocr_line' id='line_1_26' title="bbox 185 2670 1224 2755; baseline 0 -21"><span class='ocrx_word' id='word_1_208' title='bbox 185 2670 301 2754; x_wconf 76' lang='lat' dir='ltr'>dixit⁵):</span> <span class='ocrx_word' id='word_1_209' title='bbox 330 2673 420 2734; x_wconf 93' lang='lat' dir='ltr'>Modo</span> <span class='ocrx_word' id='word_1_210' title='bbox 442 2670 592 2755; x_wconf 87' lang='lat' dir='ltr'>demitte⁶)</span> <span class='ocrx_word' id='word_1_211' title='bbox 620 2681 650 2734; x_wconf 87' lang='lat' dir='ltr'>te</span> <span class='ocrx_word' id='word_1_212' title='bbox 675 2692 762 2751; x_wconf 86' lang='lat' dir='ltr'>super</span> <span class='ocrx_word' id='word_1_213' title='bbox 782 2691 877 2753; x_wconf 87' lang='lat' dir='ltr'>genua</span> <span class='ocrx_word' id='word_1_214' title='bbox 899 2681 957 2734; x_wconf 87' lang='lat' dir='ltr'>tua</span> <span class='ocrx_word' id='word_1_215' title='bbox 998 2673 1084 2750; x_wconf 85' lang='lat' dir='ltr'>Quod</span> <span class='ocrx_word' id='word_1_216' title='bbox 1099 2691 1166 2734; x_wconf 88' lang='lat' dir='ltr'>cum</span> <span class='ocrx_word' id='word_1_217' title='bbox 1179 2673 1224 2734; x_wconf 83' lang='lat' dir='ltr'>fe·</span> 
     </span>
     <span class='ocr_line' id='line_1_27' title="bbox 185 2759 1226 2837; baseline -0.001 -16"><span class='ocrx_word' id='word_1_218' title='bbox 185 2762 286 2837; x_wconf 67' lang='lat' dir='ltr'>auset,</span> <span class='ocrx_word' id='word_1_219' title='bbox 313 2761 441 2821; x_wconf 84' lang='lat' dir='ltr'>Domina</span> <span class='ocrx_word' id='word_1_220' title='bbox 466 2768 565 2821; x_wconf 89' lang='lat' dir='ltr'>nostra</span> <span class='ocrx_word' id='word_1_221' title='bbox 591 2762 752 2821; x_wconf 84' lang='lat' dir='ltr'>subiunxit:</span> <span class='ocrx_word' id='word_1_222' title='bbox 781 2762 828 2822; x_wconf 90' lang='lat' dir='ltr'>De</span> <span class='ocrx_word' id='word_1_223' title='bbox 857 2767 952 2822; x_wconf 84' lang='lat' dir='ltr'>cetero</span> <span class='ocrx_word' id='word_1_224' title='bbox 981 2763 1023 2821; x_wconf 87' lang='lat' dir='ltr'>sic</span> <span class='ocrx_word' id='word_1_225' title='bbox 1043 2759 1174 2820; x_wconf 89' lang='lat' dir='ltr'>modeste</span> <span class='ocrx_word' id='word_1_226' title='bbox 1195 2767 1226 2820; x_wconf 90' lang='lat' dir='ltr'>et</span> 
     </span>
     <span class='ocr_line' id='line_1_28' title="bbox 184 2847 1224 2928; baseline -0.002 -20"><span class='ocrx_word' id='word_1_227' title='bbox 184 2847 361 2923; x_wconf 80' lang='lat' dir='ltr'>disciplinate</span> <span class='ocrx_word' id='word_1_228' title='bbox 383 2847 471 2908; x_wconf 85' lang='lat' dir='ltr'>debes</span> <span class='ocrx_word' id='word_1_229' title='bbox 491 2854 588 2925; x_wconf 87' lang='lat' dir='ltr'>petere</span> <span class='ocrx_word' id='word_1_230' title='bbox 605 2851 731 2928; x_wconf 83' lang='lat' dir='ltr'>veniam,</span> <span class='ocrx_word' id='word_1_231' title='bbox 751 2850 895 2908; x_wconf 91' lang='lat' dir='ltr'>instruens</span> <span class='ocrx_word' id='word_1_232' title='bbox 914 2847 1002 2908; x_wconf 87' lang='lat' dir='ltr'>illam.</span> <span class='ocrx_word' id='word_1_233' title='bbox 1043 2847 1084 2906; x_wconf 86' lang='lat' dir='ltr'>Et</span> <span class='ocrx_word' id='word_1_234' title='bbox 1103 2847 1224 2907; x_wconf 84' lang='lat' dir='ltr'>adiecit:</span> 
     </span>
     <span class='ocr_line' id='line_1_29' title="bbox 184 2929 1225 3016; baseline -0.002 -20"><span class='ocrx_word' id='word_1_235' title='bbox 184 2932 309 3013; x_wconf 85' lang='lat' dir='ltr'>Singulis</span> <span class='ocrx_word' id='word_1_236' title='bbox 331 2934 431 2994; x_wconf 89' lang='lat' dir='ltr'>diebus</span> <span class='ocrx_word' id='word_1_237' title='bbox 452 2938 646 3011; x_wconf 89' lang='lat' dir='ltr'>sequentiam,</span> <span class='ocrx_word' id='word_1_238' title='bbox 666 2938 731 2995; x_wconf 82' lang='lat' dir='ltr'>Aac</span> <span class='ocrx_word' id='word_1_239' title='bbox 751 2937 810 2995; x_wconf 86' lang='lat' dir='ltr'>Dei</span> <span class='ocrx_word' id='word_1_240' title='bbox 832 2933 982 3008; x_wconf 64' lang='lat' dir='ltr'>(lentitia,</span> <span class='ocrx_word' id='word_1_241' title='bbox 1004 2929 1107 3016; x_wconf 74' lang='lat' dir='ltr'>mihi&#39;J</span> <span class='ocrx_word' id='word_1_242' title='bbox 1130 2933 1225 2994; x_wconf 89' lang='lat' dir='ltr'>dicere</span> 
     </span>
     <span class='ocr_line' id='line_1_30' title="bbox 168 3017 1224 3102; baseline -0.002 -20"><span class='ocrx_word' id='word_1_243' title='bbox 168 3017 281 3099; x_wconf 88' lang='lat' dir='ltr'>debes,</span> <span class='ocrx_word' id='word_1_244' title='bbox 304 3028 333 3082; x_wconf 90' lang='lat' dir='ltr'>et</span> <span class='ocrx_word' id='word_1_245' title='bbox 353 3021 391 3083; x_wconf 90' lang='lat' dir='ltr'>ad</span> <span class='ocrx_word' id='word_1_246' title='bbox 412 3021 540 3100; x_wconf 86' lang='lat' dir='ltr'>singulos</span> <span class='ocrx_word' id='word_1_247' title='bbox 559 3039 660 3082; x_wconf 88' lang='lat' dir='ltr'>versus</span> <span class='ocrx_word' id='word_1_248' title='bbox 681 3023 797 3082; x_wconf 86' lang='lat' dir='ltr'>veniam</span> <span class='ocrx_word' id='word_1_249' title='bbox 816 3027 924 3098; x_wconf 87' lang='lat' dir='ltr'>petere.</span> <span class='ocrx_word' id='word_1_250' title='bbox 966 3020 1092 3080; x_wconf 90' lang='lat' dir='ltr'>Multum</span> <span class='ocrx_word' id='word_1_251' title='bbox 1114 3017 1224 3102; x_wconf 80' lang='lat' dir='ltr'>enim’)</span> 
     </span>
     <span class='ocr_line' id='line_1_31' title="bbox 183 3107 1226 3185; baseline 0 -17"><span class='ocrx_word' id='word_1_252' title='bbox 183 3109 213 3168; x_wconf 91' lang='lat' dir='ltr'>in</span> <span class='ocrx_word' id='word_1_253' title='bbox 234 3126 270 3169; x_wconf 89' lang='lat' dir='ltr'>ea</span> <span class='ocrx_word' id='word_1_254' title='bbox 291 3107 424 3169; x_wconf 89' lang='lat' dir='ltr'>delector.</span> <span class='ocrx_word' id='word_1_255' title='bbox 466 3107 697 3170; x_wconf 73' lang='lat' dir='ltr'>sanctimonialis</span> <span class='ocrx_word' id='word_1_256' title='bbox 718 3125 787 3170; x_wconf 88' lang='lat' dir='ltr'>vero</span> <span class='ocrx_word' id='word_1_257' title='bbox 810 3107 964 3185; x_wconf 80' lang='lat' dir='ltr'>evigilans,</span> <span class='ocrx_word' id='word_1_258' title='bbox 994 3113 1029 3166; x_wconf 90' lang='lat' dir='ltr'>ut</span> <span class='ocrx_word' id='word_1_259' title='bbox 1049 3109 1226 3185; x_wconf 81' lang='lat' dir='ltr'>experiretur</span> 
     </span>
     <span class='ocr_line' id='line_1_32' title="bbox 174 3195 1225 3274; baseline -0.001 -19"><span class='ocrx_word' id='word_1_260' title='bbox 174 3197 208 3255; x_wconf 82' lang='lat' dir='ltr'>si</span> <span class='ocrx_word' id='word_1_261' title='bbox 231 3201 307 3256; x_wconf 87' lang='lat' dir='ltr'>esset</span> <span class='ocrx_word' id='word_1_262' title='bbox 332 3195 434 3272; x_wconf 88' lang='lat' dir='ltr'>aliquis</span> <span class='ocrx_word' id='word_1_263' title='bbox 461 3196 491 3254; x_wconf 92' lang='lat' dir='ltr'>in</span> <span class='ocrx_word' id='word_1_264' title='bbox 518 3197 627 3256; x_wconf 89' lang='lat' dir='ltr'>visione</span> <span class='ocrx_word' id='word_1_265' title='bbox 649 3195 783 3271; x_wconf 82' lang='lat' dir='ltr'>effectus,</span> <span class='ocrx_word' id='word_1_266' title='bbox 811 3196 922 3274; x_wconf 86' lang='lat' dir='ltr'>tybiam</span> <span class='ocrx_word' id='word_1_267' title='bbox 944 3197 1106 3271; x_wconf 82' lang='lat' dir='ltr'>conspexit,</span> <span class='ocrx_word' id='word_1_268' title='bbox 1135 3212 1225 3270; x_wconf 87' lang='lat' dir='ltr'>quam</span> 
     </span>
     <span class='ocr_line' id='line_1_33' title="bbox 183 3279 1224 3344; baseline -0.003 -1"><span class='ocrx_word' id='word_1_269' title='bbox 183 3300 242 3344; x_wconf 91' lang='lat' dir='ltr'>non</span> <span class='ocrx_word' id='word_1_270' title='bbox 269 3285 330 3342; x_wconf 90' lang='lat' dir='ltr'>sine</span> <span class='ocrx_word' id='word_1_271' title='bbox 358 3282 448 3342; x_wconf 87' lang='lat' dir='ltr'>multa</span> <span class='ocrx_word' id='word_1_272' title='bbox 480 3281 666 3343; x_wconf 88' lang='lat' dir='ltr'>admiratione</span> <span class='ocrx_word' id='word_1_273' title='bbox 694 3289 826 3342; x_wconf 84' lang='lat' dir='ltr'>sanatam</span> <span class='ocrx_word' id='word_1_274' title='bbox 854 3284 971 3342; x_wconf 89' lang='lat' dir='ltr'>invenit.</span> <span class='ocrx_word' id='word_1_275' title='bbox 1019 3279 1224 3342; x_wconf 84' lang='lat' dir='ltr'><strong>NOVICIUS:</strong></span> 
     </span>
     <span class='ocr_line' id='line_1_34' title="bbox 185 3368 1225 3448; baseline -0.002 -19"><span class='ocrx_word' id='word_1_276' title='bbox 185 3369 331 3448; x_wconf 83' lang='lat' dir='ltr'>Quantum</span> <span class='ocrx_word' id='word_1_277' title='bbox 354 3386 390 3429; x_wconf 82' lang='lat' dir='ltr'>ex</span> <span class='ocrx_word' id='word_1_278' title='bbox 410 3369 465 3430; x_wconf 90' lang='lat' dir='ltr'>hac</span> <span class='ocrx_word' id='word_1_279' title='bbox 487 3371 595 3430; x_wconf 91' lang='lat' dir='ltr'>visione</span> <span class='ocrx_word' id='word_1_280' title='bbox 618 3371 746 3444; x_wconf 85' lang='lat' dir='ltr'>coniieio,</span> <span class='ocrx_word' id='word_1_281' title='bbox 767 3371 860 3429; x_wconf 77' lang='lat' dir='ltr'>mistus</span> <span class='ocrx_word' id='word_1_282' title='bbox 881 3368 976 3446; x_wconf 87' lang='lat' dir='ltr'>placet</span> <span class='ocrx_word' id='word_1_283' title='bbox 996 3368 1099 3428; x_wconf 88' lang='lat' dir='ltr'>beatae</span> <span class='ocrx_word' id='word_1_284' title='bbox 1111 3368 1225 3446; x_wconf 89' lang='lat' dir='ltr'>Virgini</span> 
     </span>
     <span class='ocr_line' id='line_1_35' title="bbox 183 3455 1226 3535; baseline -0.003 -18"><span class='ocrx_word' id='word_1_285' title='bbox 183 3458 213 3517; x_wconf 91' lang='lat' dir='ltr'>in</span> <span class='ocrx_word' id='word_1_286' title='bbox 234 3456 410 3517; x_wconf 88' lang='lat' dir='ltr'>orationibus</span> <span class='ocrx_word' id='word_1_287' title='bbox 430 3457 525 3518; x_wconf 81' lang='lat' dir='ltr'>fervor</span> <span class='ocrx_word' id='word_1_288' title='bbox 538 3456 728 3533; x_wconf 83' lang='lat' dir='ltr'>indiscretus,</span> <span class='ocrx_word' id='word_1_289' title='bbox 757 3462 786 3517; x_wconf 89' lang='lat' dir='ltr'>et</span> <span class='ocrx_word' id='word_1_290' title='bbox 810 3457 840 3515; x_wconf 91' lang='lat' dir='ltr'>in</span> <span class='ocrx_word' id='word_1_291' title='bbox 861 3455 1107 3535; x_wconf 85' lang='lat' dir='ltr'>genuflexionibus</span> <span class='ocrx_word' id='word_1_292' title='bbox 1127 3461 1226 3516; x_wconf 88' lang='lat' dir='ltr'>motus</span> 
     </span>
    </p>
   </div>
   <div class='ocr_carea' id='block_1_6' title="bbox 203 3641 1226 3920">
    <p class='ocr_par' dir='ltr' id='par_1_7' title="bbox 203 3641 1226 3920">
     <span class='ocr_line' id='line_1_36' title="bbox 203 3641 1225 3714; baseline -0.003 -18"><span class='ocrx_word' id='word_1_293' title='bbox 203 3645 234 3714; x_wconf 88' lang='lat' dir='ltr'>i)</span> <span class='ocrx_word' id='word_1_294' title='bbox 251 3643 329 3698; x_wconf 88' lang='lat' dir='ltr'>Eccli.</span> <span class='ocrx_word' id='word_1_295' title='bbox 347 3643 391 3706; x_wconf 82' lang='lat' dir='ltr'>at,</span> <span class='ocrx_word' id='word_1_296' title='bbox 407 3642 450 3695; x_wconf 80' lang='lat'>20.</span> <span class='ocrx_word' id='word_1_297' title='bbox 469 3673 502 3683; x_wconf 90' lang='lat'>-</span> <span class='ocrx_word' id='word_1_298' title='bbox 519 3643 552 3712; x_wconf 74' lang='lat' dir='ltr'>*J</span> <span class='ocrx_word' id='word_1_299' title='bbox 569 3642 659 3695; x_wconf 83' lang='lat' dir='ltr'>Hamil.</span> <span class='ocrx_word' id='word_1_300' title='bbox 677 3642 696 3695; x_wconf 91' lang='lat' dir='ltr'>l.</span> <span class='ocrx_word' id='word_1_301' title='bbox 714 3659 739 3710; x_wconf 94' lang='lat' dir='ltr'>p.</span> <span class='ocrx_word' id='word_1_302' title='bbox 758 3643 800 3694; x_wconf 82' lang='lat' dir='ltr'>at.</span> <span class='ocrx_word' id='word_1_303' title='bbox 820 3672 851 3683; x_wconf 94' lang='lat'><em>-</em></span> <span class='ocrx_word' id='word_1_304' title='bbox 870 3642 903 3711; x_wconf 82' lang='lat'>2)</span> <span class='ocrx_word' id='word_1_305' title='bbox 916 3641 981 3695; x_wconf 79' lang='lat' dir='ltr'>Boi)</span> <span class='ocrx_word' id='word_1_306' title='bbox 998 3643 1028 3693; x_wconf 89' lang='lat' dir='ltr'>ei</span> <span class='ocrx_word' id='word_1_307' title='bbox 1046 3643 1078 3694; x_wconf 89' lang='lat' dir='ltr'>in</span> <span class='ocrx_word' id='word_1_308' title='bbox 1096 3643 1225 3694; x_wconf 84' lang='lat' dir='ltr'>somnis.</span> 
     </span>
     <span class='ocr_line' id='line_1_37' title="bbox 255 3709 1226 3781; baseline -0.002 -15"><span class='ocrx_word' id='word_1_309' title='bbox 255 3742 287 3754; x_wconf 93' lang='lat'>-</span> <span class='ocrx_word' id='word_1_310' title='bbox 306 3712 338 3781; x_wconf 87' lang='grc'>3)</span> <span class='ocrx_word' id='word_1_311' title='bbox 356 3711 377 3764; x_wconf 82' lang='lat' dir='ltr'>l)</span> <span class='ocrx_word' id='word_1_312' title='bbox 395 3711 508 3764; x_wconf 87' lang='lat' dir='ltr'>dicere</span> <span class='ocrx_word' id='word_1_313' title='bbox 530 3712 641 3766; x_wconf 87' lang='lat' dir='ltr'>voluit</span> <span class='ocrx_word' id='word_1_314' title='bbox 664 3713 717 3764; x_wconf 87' lang='lat' dir='ltr'>vel</span> <span class='ocrx_word' id='word_1_315' title='bbox 736 3714 763 3763; x_wconf 87' lang='lat' dir='ltr'>si</span> <span class='ocrx_word' id='word_1_316' title='bbox 792 3727 879 3765; x_wconf 88' lang='lat' dir='ltr'>nare.</span> <span class='ocrx_word' id='word_1_317' title='bbox 898 3741 930 3752; x_wconf 87' lang='lat'><em>-</em></span> <span class='ocrx_word' id='word_1_318' title='bbox 948 3712 981 3781; x_wconf 81' lang='lat'>4)</span> <span class='ocrx_word' id='word_1_319' title='bbox 998 3711 1043 3764; x_wconf 86' lang='lat' dir='ltr'>BD</span> <span class='ocrx_word' id='word_1_320' title='bbox 1061 3709 1226 3764; x_wconf 86' lang='lat' dir='ltr'>obdormi-</span> 
     </span>
     <span class='ocr_line' id='line_1_38' title="bbox 253 3729 1225 3850; baseline -0.002 -14"><span class='ocrx_word' id='word_1_321' title='bbox 253 3784 390 3836; x_wconf 79' lang='lat' dir='ltr'>vincul.</span> <span class='ocrx_word' id='word_1_322' title='bbox 410 3811 442 3822; x_wconf 91' lang='lat'><em>-</em></span> <span class='ocrx_word' id='word_1_323' title='bbox 461 3782 493 3850; x_wconf 86' lang='lat'>5)</span> <span class='ocrx_word' id='word_1_324' title='bbox 511 3781 533 3834; x_wconf 89' lang='grc' dir='ltr'>Β</span> <span class='ocrx_word' id='word_1_325' title='bbox 551 3783 605 3835; x_wconf 86' lang='lat' dir='ltr'>ait.</span> <span class='ocrx_word' id='word_1_326' title='bbox 624 3811 656 3822; x_wconf 94' lang='lat'><em>-</em></span> <span class='ocrx_word' id='word_1_327' title='bbox 676 3782 708 3850; x_wconf 88' lang='grc'>6)</span> <span class='ocrx_word' id='word_1_328' title='bbox 724 3729 790 3834; x_wconf 44' lang='lat' dir='ltr'>BD}</span> <span class='ocrx_word' id='word_1_329' title='bbox 807 3781 942 3834; x_wconf 86' lang='lat' dir='ltr'>dimitte.</span> <span class='ocrx_word' id='word_1_330' title='bbox 962 3811 993 3822; x_wconf 93' lang='lat'>-</span> <span class='ocrx_word' id='word_1_331' title='bbox 1012 3781 1045 3850; x_wconf 79' lang='lat'>⁷)</span> <span class='ocrx_word' id='word_1_332' title='bbox 1062 3779 1128 3834; x_wconf 80' lang='lat' dir='ltr'>ADP</span> <span class='ocrx_word' id='word_1_333' title='bbox 1145 3782 1225 3834; x_wconf 83' lang='lat' dir='ltr'>milri</span> 
     </span>
     <span class='ocr_line' id='line_1_39' title="bbox 254 3849 1149 3920; baseline -0.002 -16"><span class='ocrx_word' id='word_1_334' title='bbox 254 3851 290 3904; x_wconf 89' lang='lat' dir='ltr'>ad</span> <span class='ocrx_word' id='word_1_335' title='bbox 311 3850 520 3918; x_wconf 83' lang='lat' dir='ltr'>honorem,‘B</span> <span class='ocrx_word' id='word_1_336' title='bbox 537 3851 614 3904; x_wconf 86' lang='lat' dir='ltr'>milri</span> <span class='ocrx_word' id='word_1_337' title='bbox 630 3849 667 3903; x_wconf 89' lang='lat' dir='ltr'>ad</span> <span class='ocrx_word' id='word_1_338' title='bbox 685 3850 817 3904; x_wconf 84' lang='lat' dir='ltr'>landem.</span> <span class='ocrx_word' id='word_1_339' title='bbox 837 3881 868 3894; x_wconf 91' lang='lat'><em>-</em></span> <span class='ocrx_word' id='word_1_340' title='bbox 886 3851 919 3920; x_wconf 85' lang='lat'>8)</span> <span class='ocrx_word' id='word_1_341' title='bbox 937 3852 1019 3903; x_wconf 88' lang='lat' dir='ltr'>enim</span> <span class='ocrx_word' id='word_1_342' title='bbox 1037 3865 1079 3903; x_wconf 82' lang='lat' dir='ltr'>orn</span> <span class='ocrx_word' id='word_1_343' title='bbox 1096 3849 1149 3904; x_wconf 82' lang='lat' dir='ltr'>Bo.</span> 
     </span>
    </p>
   </div>
   <div class='ocr_carea' id='block_1_7' title="bbox 0 0 1333 4308">
    <p class='ocr_par' dir='ltr' id='par_1_8' title="bbox 0 0 1333 4308">
     <span class='ocr_line' id='line_1_40' title="bbox 0 0 1333 4308; baseline 0 0"><span class='ocrx_word' id='word_1_344' title='bbox 0 0 1333 4308; x_wconf 95' lang='lat' dir='ltr'> </span> 
     </span>
    </p>
   </div>
  </div>
 </body>
</html>
