2580 4316
389 217 407 246 '¹
456 221 521 282 DE
543 219 819 284 CONTRJ'HONE.
1112 229 1152 288 63

82 335 124 398 Cui
147 339 211 402 illc:
253 343 360 404 hirlril
413 343 505 404 aliud
546 343 615 408 mihi
651 345 733 419 iecit,
771 342 823 404 sed
863 343 1044 407 solummodo
1084 347 1154 409 dixit

87 423 179 510 nihil:
205 431 310 491 Vade
348 431 409 492 dic
445 431 568 490 domiuo
596 438 645 490 tuo
673 431 765 491 verba
794 431 874 492 haec
923 431 973 492 Ad
1002 441 1062 494 tam
1090 439 1153 498 esi-

95 514 146 576 dcns
160 519 355 579 miraculum
381 517 534 578 sacerdos
555 525 756 593 compunctus,
777 518 941 580 festinanter
961 520 1000 580 ad
1021 529 1153 584 sanctum

98 606 170 664 rhum
195 609 321 682 veuit,
337 621 447 682 seque
479 623 547 664 cunr
574 604 696 664 lacrimis
719 604 756 663 ad
778 606 866 680 pedes
894 606 969 666 illius
990 615 1153 683 prostravit.

102 691 206 752 Domine
226 701 342 769 pater,
376 694 497 768 inquit,
526 691 681 750 monachus
702 698 799 750 vester
819 692 884 752 talis
906 711 941 753 ac
962 695 1026 754 talis
1048 697 1102 772 lui,
1123 705 1153 759 et

108 779 146 838 isli
162 787 294 857 tempore
320 797 342 838 a
366 781 553 838 monasterio
574 781 685 838 recessi.
728 779 813 854 Rogo
841 781 925 856 igitur
953 787 1153 856 paternitatem

109 873 226 942 rutum,
246 875 284 926 nt
304 865 406 926 liceat
428 865 503 924 mihi
524 863 612 925 redire
626 867 778 924 vobiscum
791 865 830 926 ad
850 871 1064 945 monasterium,
1086 874 1154 946 quia

112 953 178 1013 Deus
205 957 238 1012 in
266 954 408 1013 adventu
437 958 537 1011 vestro
565 955 691 1012 visitavit
720 969 769 1011 cor
797 970 902 1012 meum.
947 953 1000 1013 Cui
1021 965 1154 1018 sauctus:

112 1041 244 1116 Exspecta
272 1059 326 1100 me
360 1040 429 1113 hic,
464 1045 494 1098 et
523 1055 576 1115 ego
607 1045 725 1115 peracto
757 1043 872 1116 negotio
901 1044 981 1100 ocius
1009 1052 1155 1104 revertens

113 1127 206 1186 ducam
233 1135 265 1187 te
295 1144 428 1186 mecum.
485 1125 601 1185 Timens
630 1125 677 1184 ille
705 1132 841 1201 mortem,
874 1132 1069 1204 quamprius
1096 1148 1155 1191 non

112 1215 238 1289 timebat,
268 1212 441 1288 respondit:
471 1211 611 1288 Domine,
639 1216 727 1271 timeo
757 1216 868 1272 interim
890 1217 970 1274 mori.
1013 1216 1062 1275 Ad
1082 1218 1155 1279 haec

112 1301 167 1360 ille:
188 1301 273 1374 Hoc,
302 1302 416 1375 iuquit,
444 1315 499 1374 pro
521 1305 598 1358 certo
620 1302 710 1374 scias,
733 1303 799 1374 quia
821 1302 845 1360 si
865 1303 895 1358 in
917 1301 966 1360 teli
987 1307 1156 1366 contritione

110 1405 143 1447 ac
161 1391 314 1463 proposito
339 1393 472 1446 mortuus
495 1386 587 1461 lucris,
610 1403 707 1446 coram
728 1385 792 1445 Deo
815 1388 974 1448 monachus
995 1392 1156 1453 invenieris.

110 1475 255 1550 Recessit,
296 1462 395 1546 rediit,
432 1472 571 1546 illumque
608 1481 738 1532 recenter
769 1481 912 1533 mortuum
944 1493 979 1535 ae
1011 1479 1155 1554 sepultum

109 1562 254 1638 audiens,
290 1559 479 1636 sepulchrum
507 1562 609 1634 aperiri
619 1557 640 1640 ²)
681 1563 835 1635 praecepit.
895 1561 1065 1624 Dicentibus
1106 1568 1155 1644 qui

109 1647 246 1722 aderaut,
269 1647 341 1723 quid
361 1647 458 1706 iacere
480 1645 587 1706 vellet?
608 1647 769 1722 respondit:
791 1647 867 1706 Volo
889 1648 986 1710 videre
1007 1659 1102 1712 utrum
1124 1657 1154 1712 in

110 1735 264 1811 sepulchro
286 1737 382 1793 iaceat
402 1733 578 1808 monachus,
599 1752 637 1792 an
660 1733 788 1793 clericus.
832 1733 987 1812 Clerioum,
1008 1740 1156 1815 inquiunt,

110 1823 138 1880 in
158 1823 265 1882 habitu
286 1820 429 1880 saeculari
441 1817 462 1899 ³)
486 1820 675 1895 sepelivimus.
707 1820 827 1880 Reiecta
847 1827 930 1897 terra,
950 1841 1009 1883 non
1029 1829 1058 1884 in
1073 1833 1154 1887 veste

108 1926 167 1984 qua
190 1908 324 1984 sepultus
343 1907 413 1982 fuit,
443 1906 497 1965 sed
524 1909 553 1966 iu
580 1914 699 1966 tonsura
720 1914 749 1966 et
770 1907 871 1967 habitu
892 1911 1025 1970 monachi
1047 1916 1156 1974 cuncus

107 1998 253 2072 apparuit
297 1995 337 2053 Et
357 1993 558 2070 magnificatus
580 2001 624 2054 est
644 1995 682 2053 ab
704 1995 837 2054 omnibus
858 1995 953 2070 Deus,
981 2002 1030 2072 qui
1050 2000 1155 2060 voluu-

106 2088 201 2142 tatem
228 2099 282 2158 pro
312 2082 389 2141 lacto
419 2086 534 2156 reputat
544 2077 575 2160 ⁴).
628 2081 705 2140 Ecce
734 2084 763 2140 in
791 2084 846 2141 isto
878 2084 1025 2144 manifeste
1047 2086 1155 2164 habes,

108 2169 191 2244 quod
211 2185 284 2228 vera
306 2170 441 2228 contritio
465 2184 560 2226 coram
574 2168 639 2227 Deo
660 2171 792 2228 restituat
805 2170 941 2245 quicquid
962 2172 1035 2231 tollit
1055 2176 1156 2234 vitium

108 2259 286 2332 apostasiae.
329 2255 397 2314 Hoc
419 2261 518 2312 tamen
537 2248 621 2329 boias,
644 2253 722 2330 quod
743 2261 856 2330 tempus
878 2263 1040 2333 apostasiae
1061 2267 1155 2321 totum

106 2343 320 2403 monstrosum
343 2344 382 2400 sit
392 2337 423 2420 ⁵).
467 2339 671 2402 NOVICIUS:
693 2341 773 2401 Bene
796 2359 831 2400 ex
852 2342 983 2420 hisquae
997 2350 1056 2406 iam
1079 2348 1156 2408 dicta

109 2437 183 2489 sunt
208 2445 386 2506 recognosco
415 2430 550 2486 virtutem
579 2430 768 2503 contritionis3
802 2429 853 2488 sed
882 2433 1004 2507 amplius
1032 2435 1156 2495 admiror

110 2517 289 2576 ineffabilem
310 2513 534 2574 miscricordiam
561 2517 651 2574 nostri
672 2515 839 2574 salvatoris.
881 2517 978 2578 Homo
1006 2523 1059 2580 iste
1080 2539 1155 2598 apo-

112 2608 193 2662 stata
213 2604 279 2677 fuit,
308 2603 464 2660 fornicator
485 2601 549 2676 fuit,
571 2608 599 2660 et
621 2601 699 2676 quod
720 2603 843 2677 amphus
863 2605 1007 2681 pondero,
1029 2609 1155 2683 quotidie

114 2695 301 2748 sacrosancta
330 2687 435 2748 Christi
466 2690 601 2764 mysteria
632 2694 755 2747 mactare
786 2689 903 2764 pollutis
934 2696 1066 2754 manibus
1097 2713 1156 2755 non

115 2778 268 2850 pertimuit.
312 2770 548 2834 MONACHUS:
570 2774 655 2834 Juste
677 2778 808 2835 moveris.
850 2777 907 2837 Ubi
930 2786 1090 2842 contemtus
1103 2789 1156 2842 ,est

116 2865 216 2937 maior,
237 2864 278 2921 ibi
300 2868 329 2921 et
351 2860 437 2937 culpa
461 2864 582 2938 gravior.
617 2861 668 2920 Ait
688 2865 763 2920 enim
785 2862 957 2938 Apostolus:
982 2869 1156 2945 Quicunque

119 2950 282 3008 mctrducot
297 2967 410 3024 penem
434 2955 462 3007 et
484 2948 555 3008 bibit
575 2950 696 3008 coliem
715 2951 840 3010 Dormiat
861 2953 988 3028 indtpne,
1010 2973 1079 3015 reto
1101 2961 1157 3017 erit

122 3039 250 3110 corporis
279 3043 308 3095 et
334 3037 488 3110 eonpubsis
514 3033 682 3104 Dotnboi⁶).
705 3099 718 3112 ,
731 3035 824 3111 Super
852 3055 938 3113 quem
964 3040 1060 3100 locum
1089 3043 1158 3103 dicit

123 3119 230 3196 dossa:
250 3122 353 3182 Morh‘s
377 3120 482 3180 Christi
501 3139 611 3197 poenas
632 3119 724 3198 dabit,
747 3141 782 3182 ac
803 3127 827 3182 si
850 3125 993 3186 Christum
1015 3129 1157 3206 occiderit,

126 3211 259 3282 puniero.
302 3209 333 3270 Si
356 3208 462 3267 Christi
483 3208 695 3268 crucifixoribus
722 3212 750 3269 in
771 3228 866 3286 poena
887 3215 986 3272 similis
1008 3217 1075 3289 erit,
1108 3219 1157 3294 qui

126 3293 248 3372 indigue,
275 3295 332 3356 hoc
364 3301 424 3370 est,
451 3297 480 3354 in
509 3295 623 3356 mortali
651 3296 778 3371 quohbet
807 3301 961 3374 exsistens,
989 3307 1157 3380 accesserit,

130 3381 193 3455 quid
211 3382 245 3442 de
264 3383 312 3444 illo
334 3382 516 3443 sentiendum
538 3389 590 3458 est,
612 3382 661 3458 quii
681 3385 711 3442 iu
731 3383 828 3444 multis
851 3393 880 3446 et
900 3387 1023 3448 assiduis
1045 3395 1155 3452 morta·

148 3582 174 3652 1]
190 3585 208 3640 G
223 3587 295 3640 mihi
318 3585 412 3640 dixit.
437 3615 467 3626 -
486 3587 518 3654 2)
537 3586 577 3638 lll'
601 3589 738 3654 aperire.
758 3617 789 3628 —
815 3590 847 3657 3)
864 3590 921 3642 libri
944 3591 1100 3644 clericali.
1124 3594 1158 3648 At

191 3657 244 3709 vide
259 3674 337 3727 supra
356 3674 383 3725 p.
402 3655 446 3708 61.
465 3686 495 3695 -
514 3655 552 3724 4)
570 3655 702 3709 Caesarius
719 3667 806 3710 noster
824 3659 888 3711 hanc
906 3661 1035 3712 historiam
1059 3663 1160 3726 didicit,

185 3743 233 3782 nou
249 3729 387 3788 relatione,
406 3724 452 3778 sed
470 3725 590 3789 lectione3
617 3726 676 3778 vide
694 3728 743 3794 Vit,
762 3729 787 3781 S.
806 3727 925 3782 Bernord.
944 3731 996 3796 Vll,
1014 3732 1056 3782 21.
1075 3762 1107 3770 -
1126 3733 1158 3800 5)

184 3799 291 3854 Dicit.
312 3829 346 3840 -
369 3795 403 3863 6)
423 3794 479 3848 Cor.
497 3795 517 3862 l,
536 3795 578 3860 ll,
596 3797 639 3848 27.
692 3844 695 3854 Α
