2642 4330
159 241 221 300 aar
471 237 699 302 parmomo
721 237 872 318 comm

158 363 217 421 rius
238 361 392 420 invitatorii
407 357 425 441 ¹)
446 362 633 439 antiphonam
651 363 795 439 inciperet,
817 367 847 422 et
867 361 1027 422 monachus
1048 363 1075 422 ei
1094 352 1199 437 prexi-

158 465 224 508 mus
244 463 317 509 voce
338 447 474 510 mediocri
494 449 643 510 Psalmum
663 452 817 525 intonaret,
837 448 1003 524 Herwicus,
1024 455 1093 509 tunc
1114 447 1198 508 Sub-

157 531 274 615 pri0a2),
296 551 361 595 cum
383 538 485 596 ceteris
505 537 665 596 senioribus
685 536 787 597 eadem
799 553 873 598 voce
894 553 952 612 qua
971 536 1020 596 ille
1039 538 1199 611 inceperat,

157 621 281 699 psallere
303 625 406 699 coepit
448 622 552 683 Stabat
578 624 689 682 iuvenis
711 624 828 699 quidam
847 623 942 682 minus
962 625 1076 699 sapiens
1095 624 1126 680 in
1146 623 1197 680 in-

158 709 252 769 feriori
272 725 346 785 pene
367 715 449 786 parte
471 709 558 784 chori,
580 712 629 785 qni
642 709 758 787 indigne
770 711 863 770 ferens
876 709 1025 770 Psalmum
1037 715 1099 769 tam
1120 708 1197 768 sub-

158 797 244 856 misse
265 798 419 873 inceptum,
439 796 497 856 sere
512 798 637 873 quinque
659 800 733 857 tonis
753 797 834 858 illum
852 797 995 857 exaltavit
1038 795 1197 871 Subpriere

159 884 185 942 ei
206 885 368 958 resistente,
399 883 447 944 ille
476 882 576 944 cedere
598 887 761 960 contemsit,
790 890 907 944 etcum
926 883 1018 942 multa
1038 883 1197 960 pertinacia

48 977 50 988 “
158 970 307 1030 victoriam
328 970 459 1032 obtinuit
501 969 590 1030 Cuius
617 977 713 1047 partes
739 974 770 1030 in
797 973 928 1048 proxime
957 970 1098 1030 versiculo
1127 969 1197 1044 qui-

159 1055 227 1116 dam
255 1074 290 1117 ex
318 1059 449 1133 opposito
472 1057 559 1117 choro
580 1057 759 1118 adiuverunt.
811 1057 934 1134 Propter
965 1056 1132 1116 scandalum
1164 1063 1197 1115 et

158 1142 352 1204 dissonantiae
363 1145 465 1204 vitium
477 1145 564 1204 ceteri
575 1151 730 1204 cessemnt.
772 1143 843 1204 Mox
863 1147 896 1219 is,
918 1145 967 1220 qui
980 1139 1109 1222 supra’),
1122 1140 1198 1201 vidit

158 1229 329 1290 daemmmm
350 1231 385 1290 de
406 1230 549 1290 monacho
570 1232 612 1290 sic
628 1231 820 1307 triumphante
842 1233 924 1307 quasi
944 1231 1070 1290 candens
1089 1229 1196 1289 serrum

157 1316 360 1394 prosilientem,
382 1323 411 1376 et
431 1319 461 1376 in
476 1319 638 1394 oppositum
659 1318 778 1378 chorum
799 1320 829 1376 in
850 1333 909 1394 eos,
931 1319 981 1394 qui
1001 1319 1063 1377 eius
1082 1321 1196 1393 partem

157 1404 363 1464 roboraverant
371 1398 410 1484 ⁴),
439 1420 471 1463 se
498 1404 721 1465 transferentem.
770 1405 815 1463 Ex
843 1421 901 1480 quo
930 1403 1084 1481 colligitur,
1116 1401 1197 1478 quod

159 1491 250 1567 magis
260 1490 325 1550 Deo
346 1487 489 1571 placeat⁵)
511 1490 626 1551 humilis
636 1498 737 1552 cauum
752 1509 817 1551 cum
831 1490 924 1552 cordis
933 1491 1093 1566 devotione,
1107 1505 1196 1566 quam

158 1593 246 1638 voees
261 1579 347 1638 etiarn
358 1574 380 1658 ⁶)
401 1579 431 1636 in
444 1577 556 1638 coelum
569 1572 736 1655 arroganter
747 1578 896 1638 exaltatae.
916 1576 985 1637 Alia
997 1576 1122 1656 quadam
1138 1591 1196 1635 no·

160 1670 214 1738 cte,
231 1681 297 1723 cum
310 1665 506 1741 praevenisset
518 1661 538 1744 τ)
560 1653 713 1725 fratres‘ad
726 1665 848 1742 vigilias,
870 1671 899 1724 et
911 1671 991 1725 stans
1010 1667 1040 1723 in
1053 1664 1118 1723 loco
1140 1679 1196 1722 suo

158 1757 275 1827 propter
301 1753 375 1811 aeris
403 1751 560 1812 claritatem
593 1751 839 1812 considerandam
856 1751 955 1811 caulos
982 1750 1131 1812 direxisset
1156 1749 1197 1809 ad

158 1837 327 1914 fenestram,
349 1856 423 1915 quae
446 1841 539 1898 estin
560 1839 651 1899 fronte
673 1839 830 1913 ecelesiae,
852 1838 958 1899 obiecit
985 1855 1016 1898 se
1037 1839 1112 1898 visui
1133 1837 1198 1897 elus

160 1924 283 1984 daemon
294 1925 411 2001 quidam
431 1925 633 2004 inAethyopis
654 1925 755 2002 effigie,
776 1919 898 2002 magnus
919 1931 948 1985 et
963 1926 1139 2002 nigerrimus,
1159 1939 1198 1984 ac
1308 1971 1309 1980 ,

159 2013 185 2071 si
210 2011 282 2072 bora
310 2011 412 2072 eadem
439 2013 477 2072 ab
506 2015 572 2090 igne
600 2012 728 2072 infernali
748 2011 849 2072 fuisset
876 2018 1028 2072 extractus.
1072 2010 1128 2087 Qui
1156 2009 1197 2070 ad
1259 2035 1275 2060 x
1308 2081 1309 2090 ἵ

160 2115 226 2159 eum
247 2115 299 2175 per
319 2098 438 2158 ebonem
463 2101 637 2176 superiorem
665 2101 798 2173 veniens,
818 2100 969 2174 ipsumque
989 2099 1197 2174 pertransiens,

161 2201 292 2264 egressus
314 2192 366 2245 est
407 2184 474 2244 Alio
496 2185 595 2246 itidem
607 2192 745 2262 tempore,
768 2202 834 2244 cum
848 2185 993 2250 modicum
1014 2201 1046 2244 se
1060 2185 1199 2244 movisset

160 2292 180 2333 a
200 2272 284 2336 stallo
313 2289 366 2332 suo
395 2270 432 2332 ad
455 2272 694 2332 commonendum
714 2272 829 2347 iratres,
859 2274 1007 2348 conspexit
1027 2271 1198 2331 daemonem

159 2363 232 2420 inter
252 2357 367 2420 stallum
387 2358 513 2418 Abbatis
534 2365 621 2435 atque
638 2359 748 2418 =Prioris
767 2361 872 2418 inuare
894 2375 961 2418 cum
981 2361 1105 2435 impetu,
1132 2359 1198 2434 ipso

159 2451 280 2523 aspectu
300 2445 464 2504 horribilem
485 2447 577 2504 nimis.
620 2444 676 2523 Qui
698 2463 763 2505 oum
783 2448 813 2504 in
835 2445 953 2506 chorum
966 2445 1072 2504 Prioris
1093 2444 1198 2519 nequi·

159 2541 204 2593 ter
224 2533 410 2608 respexisset,
439 2538 469 2592 et
489 2532 608 2591 vidisset
627 2534 682 2593 sibi
702 2535 864 2610 ingressum
883 2549 942 2591 non
962 2537 1061 2608 patere
1081 2536 1199 2607 propter

159 2623 263 2697 ipsum,
285 2636 320 2679 eo
342 2618 420 2695 quod
439 2621 518 2680 dam
540 2625 723 2695 occupasset,
744 2621 848 2696 raptim
868 2635 901 2678 se
920 2621 950 2677 in
972 2617 1090 2678 chorum
1111 2603 1220 2677 novi-⁴

38 2767 41 2774 ,
161 2708 269 2768 ciorum
291 2705 436 2784 deposuit,
464 2711 493 2766 et
514 2705 626 2765 cuidam
647 2705 790 2766 monacho
818 2707 922 2766 seriori
948 2705 1006 2765 illic
1034 2703 1144 2765 sedenti
1163 2719 1199 2765 se

161 2795 315 2854 coriunxit.
356 2791 415 2852 Iste
437 2791 599 2869 supradicto
621 2792 778 2868 monacho,
804 2794 854 2869 qni
875 2791 1044 2852 daemonem
1064 2792 1144 2850 iuxta
1164 2807 1199 2852 se

161 2882 291 2956 leverat,
309 2878 465 2939 'dissimilis
485 2881 515 2937 in
529 2879 656 2938 moribus
676 2896 734 2940 non
756 2886 825 2954 erat,
846 2878 962 2938 bibulus
982 2877 1098 2953 scilicet,
1118 2878 1200 2937 ceci-

161 2969 258 3029 diosus
281 2973 310 3027 et
330 2966 451 3026 libenter
470 2982 658 3025 murmurans.
701 2965 778 3027 Ecce
804 2968 860 3026 ista
888 2965 995 3026 debent
1015 2981 1078 3026 esse
1098 2967 1200 3024 terrori

160 3053 308 3115 monachis
336 3052 494 3113 accidicsis.
542 3050 746 3113 NOVIGIUS:
765 3051 843 3112 'l'am
863 3054 919 3112 ista
937 3069 1024 3127 quam
1043 3051 1101 3127 illa,
1121 3067 1200 3128 quae

161 3149 191 3202 te
218 3143 248 3200 in
276 3141 455 3200 distinctione
485 3141 623 3216 superiori
650 3139 687 3198 de
708 3142 778 3200 vitio
804 3139 930 3200 accidiae
958 3138 1062 3199 dixisse
1088 3138 1199 3212 recolo,

162 3230 322 3304 omnesqui
337 3229 365 3286 in
388 3226 474 3286 chere
496 3226 616 3286 libenter
630 3225 772 3285 dormiunt
793 3232 823 3286 et
842 3229 923 3286 inviti
943 3226 1076 3301 psallunt,
1096 3227 1199 3285 merito
1271 3289 1274 3294 ,

161 3323 267 3376 terrere
289 3314 402 3374 debent
437 3312 670 3374 MONACHUS:
691 3313 814 3390 Saepius
831 3311 985 3375 daemones
1005 3329 1058 3389 per
1078 3312 1198 3373 chorum

180 3469 213 3536 1)
229 3467 398 3536 invitatorium
416 3464 557 3533 appellatur
572 3464 683 3517 Psalmus
701 3465 877 3534 nonagesimus
895 3472 1007 3533 quartus
1019 3463 1101 3532 --2)
1117 3462 1198 3516 libro·

231 3553 286 3588 rum
304 3543 447 3587 nostrorum
464 3533 607 3598 lectionem,
625 3534 723 3602 Prior,
741 3534 871 3586 emendavi
889 3534 1044 3586 exllcmilia.
1078 3533 1115 3586 De
1132 3533 1198 3586 ller-

230 3607 298 3658 wico
316 3613 375 3657 tunc
393 3604 538 3671 Subpriore,
555 3612 644 3672 postea
659 3602 753 3668 Priore,
771 3603 830 3656 vide
846 3604 911 3656 infra
928 3604 971 3668 lll,
990 3604 1031 3656 10.
1047 3633 1079 3644 -
1097 3603 1129 3672 ³)
1146 3605 1197 3656 eci-

231 3675 289 3726 licet
306 3674 512 3727 llermanuus.-
531 3675 549 3725 4
582 3673 687 3726 libriin
705 3688 774 3725 euru
791 3703 822 3713 -
837 3673 1070 3738 roboraverat3
1087 3686 1146 3725 mex
1163 3688 1196 3726 se

232 3760 272 3797 om
291 3743 425 3798 aebe-
445 3745 476 3812 5)
494 3673 687 3811 ADPJplacet
705 3742 776 3795 Deo.
789 3771 819 3782 -
839 3743 871 3810 6)
889 3744 987 3796 etiam
1004 3742 1055 3796 add
1072 3741 1195 3811 c;pau10

232 3823 291 3884 post
308 3813 348 3868 BP
366 3813 521 3902 exultare.
542 3843 571 3855 -·
592 3813 624 3881 7)
641 3811 682 3866 Bc
699 3814 943 3884 pervenissent.
