2654 4308
378 312 434 376 ΒΕ
455 313 639 378 DIVERSIS
661 313 895 378 VISIONIBUS.
1104 315 1165 375 143

126 442 188 512 tur,
214 431 330 498 soboles
356 435 557 512 frequentavit.
601 435 731 512 Cumque
754 437 784 495 in
805 436 942 496 dimiterio
955 434 1045 498 »multi
1063 434 1168 497 lateres

126 527 224 584 essent
243 524 361 600 repositi
382 522 421 583 od
441 524 579 583 fabricam
601 525 729 599 oratorii,
750 525 813 599 ipse
834 525 909 583 sieut
927 539 1000 598 puer
1020 540 1110 582 unum
1132 538 1168 583 ex

126 610 170 670 eis
189 607 270 685 tulit,
303 615 332 668 et
351 611 381 668 in
403 627 440 670 eo
460 609 591 686 sculpere
613 612 714 686 eoepit
758 608 844 685 Quod
865 627 931 669 oum
951 611 1088 686 magister
1107 611 1169 670 eius

126 695 262 770 vidissm,
289 698 390 756 terruit
417 713 484 756 eum
513 696 624 756 diosus:
653 695 775 772 Depone
796 695 933 770 laterem,
961 698 1030 772 quia
1050 712 1168 756 exeom-

126 785 290 843 municatns
322 799 362 842 os.
411 781 460 842 Ad
489 782 567 861 quod
595 784 716 842 verbnm
736 800 807 858 puer
828 785 957 858 territus,
985 799 1053 842 mox
1074 785 1170 858 eoepit
1241 780 1245 794 '

126 869 272 928 infirmari.
315 869 445 945 Cumque
457 869 649 929 invalescente
666 869 767 928 morbo
789 869 828 928 ad
849 875 976 929 extrema
997 868 1168 944 devenisset,

128 962 158 1016 et
185 951 297 1036 quasi1)
325 958 383 1015 iom
406 959 544 1016 morituro
566 955 634 1016 dota
654 957 754 1016 fuisset
775 955 895 1016 eandela
915 957 945 1013 in
967 974 1069 1030 manu,
1096 955 1170 1016 duos

127 1041 298 1117 Pontifices,
324 1040 444 1102 beatum
465 1042 573 1102 seilicet
593 1043 789 1119 Nyoholaum‚
817 1049 846 1102 et
866 1049 998 1102 sanetum
1018 1042 1170 1102 Paternia-

127 1147 199 1188 num
227 1128 373 1205 praefatae
403 1129 540 1190 ecelesiae
568 1134 720 1205 patronum
728 1127 741 1204 ,'
765 1147 861 1188 eoram
889 1145 921 1188 se
952 1134 1028 1190 stare
1049 1128 1120 1187 vidit
1142 1135 1171 1188 ot

129 1218 257 1294 agnovit.
299 1210 423 1275 Stabant
443 1223 541 1276 nutem
572 1217 602 1273 in
622 1215 725 1276 habitu
745 1215 920 1292 pontificali,
942 1221 971 1274 ot
991 1217 1020 1274 in
1042 1215 1170 1274 claritate

128 1319 244 1379 magne.
265 1345 267 1352 ,
286 1300 423 1376 Dixitque
445 1302 483 1362 ad
504 1308 636 1362 sanctum
647 1302 851 1362 Patemienum
871 1303 975 1362 beatus
989 1301 1170 1378 Nyeholausz

128 1389 183 1450 Vis
197 1393 230 1448 ut
243 1387 377 1448 tollamus
389 1407 511 1464 puerum
526 1390 612 1448 istum
633 1389 810 1449 nobiseum?
832 1387 991 1464 Respondit
1011 1389 1074 1448 ille:
1095 1388 1171 1463 Non,

17 1525 23 1536 .
130 1478 200 1551 quia
224 1477 254 1532 in
281 1475 338 1535 alio
367 1475 469 1535 ordine*
493 1478 637 1534 morietur.
680 1475 785 1551 Sisque
807 1475 1018 1551 disparuerunt.
1059 1475 1172 1535 Eadem

129 1561 285 1636 horepuor
299 1561 503 1622 convalescens
524 1565 653 1636 surrexit,
674 1569 704 1622 et
724 1564 860 1638 magistro
883 1565 944 1623 eius
966 1565 1015 1638 qui
1036 1579 1172 1637 praesens

129 1649 224 1708 fuerat
251 1654 319 1707 tuno
348 1651 485 1724 temporis
512 1649 681 1708 mirandum
710 1649 890 1726 divulgante,
921 1651 951 1708 in
980 1649 1099 1709 eeclesia
1128 1654 1173 1709 est

100 1740 106 1756 ”
132 1733 350 1810 compulsatum,
372 1741 401 1794 et
421 1735 460 1794 ad
480 1736 619 1795 honorem
639 1741 784 1795 tantorum
804 1735 985 1810 Pontificum,
1012 1736 1052 1794 Te
1071 1737 1173 1794 Deum

68 1836 72 1842 ’
133 1821 293 1880 laudemus
322 1821 514 1882 decantatum.
561 1821 644 1883 Haeo
672 1821 742 1882 milri
768 1823 805 1883 ob
836 1821 939 1882 eodem
964 1821 1061 1882 Adam
1080 1837 1173 1898 nuper

34 1965 39 1970 .
132 1907 225 1996 relata
243 1913 320 1968 sunt

454 2098 689 2161 emmunim
722 2063 880 2163 nunus

226 2221 275 2282 Do
290 2239 388 2298 puero
410 2223 537 2304 upilione
558 2225 606 2282 coi
627 2230 746 2282 sanetus
768 2223 939 2301 Npoholoue
959 2227 1084 2282 montom

521 2327 609 2368 mam
629 2309 787 2385 praedixit.

198 2427 234 2487 In
254 2426 323 2488 ville
345 2446 419 2504 quae
440 2429 589 2508 Leiglingo
610 2437 731 2492 vooatur
753 2438 782 2491 et
803 2433 879 2491 eires
900 2429 957 2490 duo
979 2421 1109 2489 milliolia
1130 2427 1175 2488 di-

134 2519 193 2574 stat
220 2532 238 2574 a
261 2514 395 2592 Colonia,
423 2523 489 2576 onte
515 2516 571 2577 hoo
601 2521 781 2595 septennium
811 2519 929 2594 contigit
950 2516 1028 2593 quod
1050 2516 1176 2576 dicturus

134 2618 207 2660 sum.
256 2601 334 2661 Puer
361 2603 478 2679 quidam
505 2605 625 2681 simplex
654 2604 802 2666 cuiusdam
823 2611 972 2664 matronae
992 2603 1051 2663 illio
1071 2619 1177 2679 peoora

133 2689 224 2765 pavit.
266 2687 322 2748 Hio
335 2690 452 2749 beamm
465 2691 646 2768 Nyeholaum
659 2695 688 2750 in
705 2699 817 2751 tanturm
839 2691 984 2767 diligebat,
1005 2696 1038 2749 nt
1058 2689 1177 2766 singulis

135 2772 237 2834 diebus
263 2775 446 2836 medietatem
473 2779 556 2852 penis
577 2781 622 2838 sui
642 2783 670 2838 in
692 2778 801 2839 ho‘nore
821 2779 895 2838 illius
916 2771 1089 2854 pauperibus
1111 2791 1177 2836 oro·

134 2867 225 2938 garet.
270 2859 454 2923 Orationibus
487 2866 573 2923 etiam
600 2865 721 2925 assiduus
748 2865 971 2926 misericordium
999 2867 1061 2923 eius
1087 2865 1177 2922 inter-

135 2945 273 3022 pellabat.
316 2946 405 3008 Cuius
437 2949 548 3010 devotis
569 2952 713 3027 obsequiis
734 2953 837 3012 beatus
859 2951 990 3012 Pontifex
1012 2949 1178 3024 delectatus,

137 3032 183 3092 die
213 3031 338 3108 quadem
366 3037 392 3094 ei
417 3038 447 3095 in
475 3052 544 3112 agro
568 3055 723 3114 apperens,
751 3041 781 3096 in
801 3039 894 3122 torma
916 3044 945 3098 et
965 3038 1066 3098 habitu
1086 3053 1178 3096 vene·

136 3117 324 3195 remiseris,
345 3123 398 3181 eit:
419 3123 497 3182 Puer
518 3124 609 3198 bone,
630 3127 708 3183 mina
728 3143 845 3201 gregem
867 3125 993 3185 domum.
1037 3123 1179 3183 (inicum
1252 3186 1253 3189 ,
1317 3147 1319 3151 ·

136 3205 185 3270 ille
206 3205 406 3280 responderet:
427 3208 552 3270 Domine
574 3210 669 3270 adhue
690 3213 774 3270 nimis
796 3219 839 3270 est
859 3229 952 3287 mane,
977 3213 1001 3270 si
1021 3211 1078 3270 hoe
1098 3209 1179 3270 laee-

137 3310 207 3368 rem,
229 3291 346 3352 domino
359 3312 425 3354 mea
437 3298 597 3373 increparet
617 3315 678 3374 me;
701 3298 847 3356 subiunxit
866 3305 997 3358 sanetus:
1018 3297 1079 3356 Fue
1101 3293 1179 3373 quod

138 3379 212 3456 dixi,
241 3382 310 3455 quia
337 3379 423 3442 hodie
452 3383 608 3444 antesolis
631 3387 794 3450 ooenbitnm
802 3381 823 3464 ²)
852 3387 988 3446 morieris
1030 3383 1079 3443 Ad
1101 3380 1179 3460 quod

137 3464 290 3547 verbum³)
318 3485 390 3543 puer
418 3471 546 3546 territus,
576 3489 641 3532 oum
662 3474 848 3548 interrogaret
869 3489 950 3546 eum,
980 3471 1094 3530 domine
1116 3471 1179 3546 quio

139 3551 190 3614 es?
226 3555 372 3630 respondit
410 3553 473 3617 ille:
505 3557 567 3635 Ego
605 3577 669 3618 sum
697 3558 867 3636 Nyoholaus-
880 3558 1065 3634 ,Episeopun
1094 3573 1181 3633 quem

1 3629 29 3670 '¹
138 3655 252 3716 semper
288 3659 405 3719 exoras,
441 3649 471 3704 et
505 3648 553 3704 eui
582 3645 733 3722 prandiola
760 3650 811 3705 tua
838 3645 963 3705 dividere
992 3644 1180 3716 consuevisti3

139 3726 225 3789 modo
253 3729 321 3788 veni
348 3747 530 3791 remunerare
558 3738 596 3792 te.
638 3732 723 3793 Vade
752 3748 820 3809 ergo
849 3732 886 3792 ad
914 3732 1070 3807 hospitium
1091 3737 1181 3802 tuum,
1231 3801 1232 3804 Ἴ

158 3878 190 3946 1)
208 3881 301 3950 qnasi
320 3879 369 3933 odd
387 3881 418 3936 Β.
438 3913 469 3924 -
488 3883 520 3952 2)
537 3883 559 3938 B
578 3899 734 3940 eoeneum.
753 3911 786 3923 -
804 3847 983 3954 alverium
1001 3881 1051 3934 odd
1067 3880 1099 3934 B.
