2538 4314
172 271 233 330 reo
430 227 435 248 ⁸
491 263 720 330 nrsrmorro
741 264 890 328 omnm

532 423 765 485 CAPITULUM
785 423 852 482 XL.

171 546 218 605 De
239 545 389 606 sacerdote
410 563 525 620 avaro,
547 550 600 623 poi
621 545 736 606 duobos
757 545 811 604 sihi
832 541 1053 620 ommatius,
1073 545 1195 619 uatpro

235 636 455 707 imoodaeatr'a,
478 635 564 693 atari
580 651 640 710 pro
663 635 850 706 continentia,
873 630 996 690 modam
1016 632 1143 689 micam

293 732 298 740 ·
581 723 801 797 poeaitentiam.

971 767 981 804 l

235 835 327 901 Juxta
354 839 518 917 Susaciam,
547 858 621 917 quae
651 848 694 901 est
721 842 821 900 civitas
852 839 1003 899 Dloecesis
1024 819 1199 920 coloniensis,

170 926 303 987 sacerdos
326 928 443 1002 quidam
463 929 630 1005 parochiam
650 931 731 1006 regit,
751 925 972 1004 Hegennairdus
993 928 1115 999 nomine,
1136 926 1199 983 satis

170 1014 285 1089 quidem
312 1016 343 1073 in
373 1014 520 1075 literatura
548 1018 734 1090 exercitatus,
763 1013 814 1074 sed
835 1013 987 1072 modicum
1014 1015 1160 1072 timoratus
1175 1006 1198 1090 Ι).

168 1099 219 1160 Ad
238 1101 315 1161 hune
338 1101 453 1177 quidam
475 1119 510 1162 ex
531 1103 711 1178 parochianis
733 1103 792 1168 suis
813 1103 893 1160 venit
921 1106 1049 1174 tempore
1071 1097 1198 1175 Quadra·

169 1189 310 1264 gesimae,
339 1191 411 1248 inter
443 1196 538 1248 cetera
570 1189 708 1249 confitens
731 1187 808 1263 quod
829 1204 881 1263 per
901 1186 964 1247 illos
976 1183 997 1268 ²)
1020 1202 1117 1246 sacros
1144 1183 1199 1245 dies

96 1337 98 1344 ,
168 1275 248 1334 irena
268 1275 395 1334 laxasset
422 1277 650 1342 incontinentiae.
694 1274 787 1350 Quem
816 1291 882 1333 eum
912 1273 982 1332 dure
1014 1275 1085 1332 satis
1117 1273 1199 1332 corri-

170 1364 280 1437 puisset
301 1361 443 1436 sacerdos,
465 1362 571 1436 dicens,
592 1379 706 1422 sacrum
726 1359 796 1420 illud
817 1355 931 1436 tempus
953 1358 1122 1437 deputatum
1143 1375 1199 1418 esse
1248 1385 1249 1400 ¹

170 1449 353 1522 orationibus,
373 1450 492 1522 ieiuniis,
514 1451 703 1518 continentiae
716 1445 737 1528 3)
760 1450 918 1523 ceterisque
940 1448 1073 1522 operibus
1094 1447 1200 1507 miseri·
1248 1469 1249 1480 ¹

170 1534 293 1608 cordiae,
314 1534 429 1594 adiecit:
451 1535 573 1611 Iniungo
595 1536 647 1594 tibi
668 1550 719 1611 pro
733 1534 926 1594 satisfactione
938 1533 1024 1593 huius
1034 1535 1153 1609 peccati,
1172 1538 1202 1591 ut

172 1619 223 1680 des
244 1622 313 1680 mihi
335 1620 435 1698 decem
457 1628 486 1681 et
507 1629 572 1681 octo
595 1622 726 1681 denarios
755 1621 793 1680 ad
820 1620 939 1680 totidem
967 1621 1070 1680 missas
1100 1619 1201 1680 decan·

170 1707 272 1767 tandas
294 1706 332 1767 ad
353 1707 518 1768 diluendum
527 1704 550 1788 ι)
573 1708 688 1784 culpam
708 1709 928 1768 incontinentiae
950 1714 1026 1767 tuse.
1069 1706 1122 1768 Ille
1137 1723 1201 1766 vero

54 1855 57 1866 ,
171 1793 239 1854 dare
268 1795 421 1872 spopondit
433 1792 463 1875 ⁵).
507 1795 571 1872 Quo
600 1783 766 1870 recedente,
800 1800 829 1853 et
861 1793 917 1854 aio
939 1792 978 1854 ad
999 1793 1202 1854 consessionem

170 1880 334 1957 accedente,
356 1882 424 1941 dum
446 1899 513 1942 eum
534 1882 569 1942 de
592 1888 669 1941 statu
691 1899 744 1943 suo
765 1883 977 1957 interrogasset,
999 1878 1057 1961 et⁶)
1080 1883 1202 1957 quiaper

170 1975 261 2028 totam
272 1969 527 2048 Quadragesimam
548 1971 696 2052 continens
707 1974 783 2027 esset
791 1966 976 2050 intellexisset
985 1961 1014 2046 τ),
1036 1971 1091 2027 ait:
1114 1965 1201 2028 Valde
1248 2041 1249 2044 Ἴ

170 2055 367 2131 malefecisti,
388 2063 517 2131 tempore
538 2061 618 2115 tanto
640 2057 678 2116 ab
700 2071 789 2114 uxore
811 2061 861 2122 tua
882 2060 911 2114 te
934 2054 1104 2115 cohibendo.
1133 2054 1201 2113 Pro-

170 2141 227 2202 lem
247 2142 296 2202 illa
316 2141 456 2223 poteratl)
479 2143 515 2203 de
536 2149 565 2202 te
587 2144 760 2218 concepisse,
783 2159 871 2217 quam
891 2159 944 2217 per
963 2147 1044 2200 tuam
1056 2142 1201 2201 contineu-

170 2230 239 2288 tiam
262 2229 413 2290 exclusisti.
456 2228 584 2289 Territus
615 2229 718 2304 homo,
750 2231 832 2290 sicut.
851 2245 915 2287 mos
944 2234 988 2288 est
1015 2228 1202 2304 simplicibus,

171 2331 237 2375 cum
258 2316 295 2377 ab
319 2333 353 2376 eo
376 2315 525 2376 consihum
547 2323 696 2392 quaereret
716 2333 768 2392 pro
780 2313 952 2390 tahdelicto,
973 2313 1123 2391 respondit
1137 2331 1202 2374 con·
1248 2305 1249 2312 '

169 2401 274 2462 sessor:
296 2402 342 2461 Tu
363 2403 433 2462 mihi
455 2402 536 2462 dabis
559 2401 658 2463 decem
680 2409 709 2463 et
730 2408 795 2462 octo
818 2401 957 2475 denarios,
979 2407 1008 2460 et
1022 2401 1203 2479 egototidem

170 2490 265 2549 missis
284 2489 382 2549 Deum
402 2506 454 2565 pro
477 2496 505 2550 te
527 2488 658 2566 placabo.
700 2489 739 2548 Et
759 2484 848 2568 ipse⁹)
870 2489 1007 2564 promisit,
1029 2487 1108 2564 quod
1131 2493 1201 2548 certo

170 2582 298 2651 tempore
321 2575 402 2636 daret
423 2577 450 2635 ei
464 2575 502 2657 10),
522 2578 683 2652 pecuniam.
724 2576 798 2634 Post
824 2591 933 2651 paucos
965 2574 1025 2634 dies
1056 2582 1131 2634 nutu
1151 2573 1220 2632 Dei¹
1248 2579 1249 2634 3

170 2665 303 2739 contigit,
336 2669 368 2722 ut
394 2661 435 2720 illi
463 2662 519 2723 duo
541 2663 671 2722 homines
693 2661 778 2721 simul
799 2679 865 2721 cum
886 2663 978 2722 saccis
1000 2661 1119 2738 singulis
1140 2677 1202 2739 per·
1248 2673 1249 2680 ¹

169 2756 270 2826 gerent
290 2748 329 2810 ad
349 2749 457 2824 iorum,
492 2756 521 2810 et
549 2766 652 2809 saccus
681 2751 747 2824 equi
775 2751 859 2807 unius
881 2749 918 2809 ob
942 2748 1121 2824 dispendium
1141 2749 1202 2808 viae

124 2864 131 2874 ·
170 2835 285 2896 caderet
312 2839 341 2895 in
368 2835 469 2895 lutum.
511 2835 689 2896 Accurrente
717 2834 806 2895 altero
825 2831 852 2915 ¹¹)
879 2841 912 2893 ut
940 2837 1050 2895 socium
1080 2838 1203 2907 iuvaret,

168 2923 257 2982 iratus
278 2922 326 2982 ills
348 2922 497 2983 clamavit:
518 2923 660 2983 Diabolus
682 2928 842 2982 remuneret
862 2928 992 2981 nostrum
1013 2922 1202 2993 sacerdotem,
1248 2929 1249 3022 )

67 3035 69 3039 v
170 3011 237 3085 quia
265 3015 381 3087 propter
414 3012 508 3086 ipsum
537 3004 614 3069 hunc
646 3008 736 3069 tolero
772 3008 908 3068 laborem.
957 3009 1126 3069 Sciscitanto
1157 3007 1202 3066 illo

144 3117 147 3126 ⁴
170 3111 302 3171 causam,
329 3096 490 3173 respondit:
521 3096 584 3173 Ego
607 3097 634 3155 ei
656 3096 801 3155 confessus
823 3112 888 3155 sum
909 3112 1005 3154 meam
1024 3097 1202 3156 incontinen-

133 3234 135 3238 .
168 3184 251 3258 tiam,
280 3189 309 3242 ct
340 3186 403 3259 ipse
431 3183 500 3242 mihi
528 3183 691 3242 huiusmodi
712 3184 832 3241 iniunxit
851 3184 1054 3259 poenitentiam
1071 3179 1108 3262 ¹²),
1130 3180 1203 3241 unde

168 3287 245 3330 nunc
266 3275 333 3330 ante
355 3277 469 3347 tempus
491 3269 645 3345 compellor
667 3287 810 3353 annonam
831 3286 926 3328 meam
947 3268 1081 3344 vendere,
1103 3275 1132 3328 et
1151 3284 1202 3344 pe·

187 3421 218 3488 1)
236 3419 256 3474 0
273 3421 307 3473 ln
324 3419 527 3488 Episcopatu
546 3419 752 3486 Coloniensi,
771 3421 857 3473 siout
883 3435 921 3472 ex
938 3418 1105 3472 cuiusdam
1124 3419 1202 3472 rela-

237 3493 328 3542 tione
355 3489 470 3556 didici,
505 3489 663 3543 sacerdos
690 3490 817 3559 quidam
844 3489 994 3542 manebat
1020 3489 1202 3557 parochiam

237 3575 372 3629 regens,
397 3562 447 3614 vir
473 3562 555 3612 setis
582 3559 747 3613 literatus.
768 3589 799 3600 -
827 3560 859 3628 2)
877 3557 899 3612 Β
916 3561 1005 3612 inter
1030 3559 1096 3612 hos.
1118 3588 1148 3599 -
1172 3557 1203 3624 3)

237 3631 467 3682 continentiae
494 3645 535 3682 om
559 3629 586 3683 G.
604 3651 637 3669 ’-
664 3630 735 3699 QG
757 3628 954 3681 diluendam.
980 3658 1011 3669 -
1039 3628 1108 3697 5)G
1132 3641 1201 3694 spo·

237 3696 354 3765 pendit
378 3698 462 3752 dare,
482 3731 513 3740 -
533 3701 565 3768 6)
583 3708 615 3751 et
632 3715 673 3752 om
691 3700 720 3751 B.
743 3729 771 3738 -
795 3699 828 3766 7)
845 3698 866 3751 G
883 3699 1101 3768 cognovisset.
1121 3727 1152 3738 -
1171 3695 1202 3762 8)

237 3767 407 3834 Opoterat
432 3767 488 3822 illa
514 3770 644 3838 prolem.
665 3799 695 3808 -
724 3770 756 3837 9)
782 3769 853 3836 ipse
878 3784 920 3822 om
946 3769 976 3820 B.
996 3798 1027 3809 —
1058 3769 1103 3836 10)
1128 3766 1148 3821 G
1173 3765 1199 3816 ei

237 3835 338 3890 daret.
358 3868 388 3878 -
409 3839 457 3908 11)
475 3838 496 3893 C
512 3841 578 3892 illo.
598 3865 629 3880 -
650 3839 697 3908 12]
716 3839 736 3904 Q
752 3839 991 3907 poenitentiam
1008 3839 1160 3892 iniunxit.
