2628 4310
190 301 270 362 an
491 296 719 363 curmono
739 289 950 363 mnenon
976 373 981 384 .

207 423 287 483 tibua
304 429 336 484 et
355 411 640 484 melenchentrbce
662 430 809 501 comperta
829 429 904 484 cunt.
955 415 1004 484 Dc
1031 422 1077 482 hie
1101 437 1168 483 rero
1188 421 1229 497 qni

207 511 284 571 bene
301 509 475 570 videbantur
493 513 615 586 oham,
645 524 699 571 nec
728 518 827 570 umen
846 511 926 570 bene
951 509 1140 570 consummati
1159 515 1230 582 eunt,

207 613 299 657 munt
318 598 374 658 tibi
390 597 512 658 rctcnm
534 597 702 674 exemplum·
720 597 799 674 qnod
819 612 912 674 nuper
932 597 1038 657 audivi.

559 783 794 849 OAPYTULUM
816 783 898 848 cxi.

292 909 340 970 Dc
361 909 556 986 hocpitolorio
578 913 633 986 poi
650 927 681 970 ae
702 912 801 986 ipsum
821 913 854 970 in
883 913 969 986 opole
991 910 1158 986 muravit

189 1106 192 1114 1
271 1029 338 1090 Hoc
360 1047 435 1090 anno
458 1045 524 1090 cum
544 1027 652 1090 Abbae
667 1036 764 1090 noctu
784 1031 837 1093 iret
859 1031 898 1089 cel
915 1029 1078 1116 Capihrlunr
1100 1027 1234 1106 generale,
1285 1028 1286 1072 l

206 1118 287 1176 iuxta
299 1116 454 1177 Fitriacum
465 1113 483 1198 ¹)
505 1135 523 1177 a
544 1117 672 1194 quodam¹
683 1115 872 1193 hospitalario
882 1125 942 1176 tam
958 1119 1020 1193 ipse
1038 1133 1127 1192 qnam
1142 1115 1233 1175 Abbcc

118 1221 121 1236 ·
208 1202 245 1264 de
273 1201 408 1264 Selmena
443 1207 590 1264 cantabvc
624 1205 696 1263 satia
729 1207 855 1279 suseepti
893 1211 966 1263 eunt
1022 1203 1234 1263 Comedcntibua

208 1293 259 1366 eia,
278 1290 356 1365 idern
376 1290 588 1366 hospitalarius,
609 1293 767 1352 eratenim
788 1291 937 1366 hospitalia
958 1293 1102 1367 magister,
1126 1289 1235 1350 cedebat

207 1376 247 1438 ad
266 1376 343 1438 latua
363 1375 480 1438 Hemici
503 1377 639 1437 cellerarii
659 1379 757 1436 nostri.
812 1377 868 1453 Qui
896 1383 964 1453 poet
991 1377 1145 1454 prandium
1166 1375 1234 1435 diec-

207 1464 260 1524 bat
279 1465 337 1524 iarn
359 1463 437 1524 dicto
457 1464 586 1524 Abbati:
612 1464 667 1546 Eat
686 1465 771 1523 vobio
792 1471 877 1532 notua
898 1464 986 1523 homo
1007 1461 1082 1524 iate?
1135 1463 1234 1536 Etiam,

207 1551 314 1626 inquit,
340 1550 427 1611 homo
449 1552 608 1610 bonusest
636 1556 666 1610 et
692 1549 850 1627 religiosus.
899 1549 1060 1626 Respondit
1087 1549 1234 1610 Henricne:

209 1635 323 1697 Credite
342 1637 421 1713 mihi,
441 1640 471 1696 in
491 1637 568 1698 malo
589 1643 667 1697 statu
688 1643 745 1713 θεῆς
772 1639 829 1696 ianr
850 1640 1002 1697 inmensa
1022 1640 1118 1696 vicum
1140 1637 1236 1697 habuit

208 1723 383 1784 irrtcrnalem.
414 1723 502 1784 Mane
515 1741 584 1784 vero
598 1724 742 1784 cellerario
760 1722 872 1784 (beante
885 1727 1011 1799 missam,
1031 1723 1136 1784 Abbae
1150 1730 1236 1783 noster
1286 1721 1287 1740 ¹

208 1812 305 1872 neseio
326 1827 387 1886 quo
405 1813 548 1886 habnotu,
569 1813 643 1871 aient
663 1814 725 1888 ipae
740 1811 824 1870 nobis
842 1811 991 1885 referebat,
1011 1810 1082 1870 nihil
1102 1811 1181 1871 alind
1193 1825 1236 1886 per
1286 1845 1287 1870 r

208 1903 302 1958 totam
311 1900 429 1958 missam
443 1899 546 1958 orabat
565 1900 619 1958 niet
640 1897 714 1957 hoc:
732 1897 857 1956 Domine
871 1898 909 1956 da
930 1897 998 1956 mihi
1019 1899 1130 1957 bonum
1150 1897 1236 1957 finenn

208 1983 320 2044 Eadem
340 1991 425 2046 nocte
445 1985 591 2062 praefatus
611 1983 813 2062 hospitalarius
834 1983 871 2043 ad
891 1987 1017 2044 vicinum
1037 1985 1146 2044 flumen
1167 1984 1235 2044 solue

209 2070 327 2147 radone,
348 2077 444 2132 venes
460 2074 545 2147 eruit,
567 2079 597 2132 et
618 2070 654 2130 de
672 2074 734 2147 ripa
750 2074 779 2129 in
802 2082 893 2146 aquas
914 2071 1037 2130 saltavit.
1058 2070 1097 2129 Et
1118 2089 1184 2131 cnm
1203 2071 1237 2129 ibi

209 2159 299 2236 mergi
319 2175 378 2219 non
397 2166 508 2234 posset,
535 2159 620 2218 atius
641 2157 778 2233 accendit,
798 2157 893 2218 locutu
915 2173 1056 2233 qnauena
1076 2158 1236 2234 molundin-

209 2240 315 2324 rem²)‹
355 2245 466 2322 Vigiles
487 2243 523 2305 de
545 2253 639 2305 cantro
659 2244 789 2304 videmos
810 2242 927 2323 bacn‘),
956 2245 1134 2304 clamabant:
1163 2247 1237 2304 Bone

209 2331 297 2392 homo
318 2347 377 2392 uon
398 2340 443 2392 cet
463 2335 664 2407 tempestivum
686 2331 740 2390 tali
758 2332 829 2391 bora
854 2328 1021 2411 balneari⁴).
1071 2331 1143 2392 Erat
1170 2333 1237 2392 eninr

209 2435 269 2478 non
288 2417 453 2478 Natiuitatis
465 2419 608 2479 Dominae
628 2415 781 2498 nosnaes).
825 2417 901 2494 Quid
922 2417 1025 2494 plura?
1067 2417 1236 2479 hsraerrimna

211 2503 248 2565 de
268 2503 361 2564 littore
383 2521 414 2565 ee
435 2508 641 2581 praecipitans,
670 2507 699 2564 in
720 2504 790 2564 iimo
810 2505 941 2580 profundi
968 2504 1073 2564 irrfinue
1094 2513 1237 2580 astatque

210 2591 385 2652 submersus.
426 2591 466 2651 Et
485 2595 573 2652 territi
586 2601 654 2652 aunt
666 2591 751 2651 valde
773 2591 921 2652 audientes
942 2593 1023 2666 haec,
1044 2594 1167 2653 scientes
1189 2592 1236 2651 ho-

210 2679 317 2738 miuem
337 2677 402 2754 plus
424 2695 511 2754 quam
524 2681 639 2756 triginta
652 2681 735 2738 annia
748 2679 922 2754 pauperibus
944 2680 1104 2738 senonicae.
1147 2677 1236 2740 Simile

212 2766 330 2842 contigit
343 2765 457 2825 cuidam
479 2782 617 2826 converso
628 2767 657 2824 in
679 2765 777 2825 ordine
794 2772 900 2838 nostro,
922 2768 971 2840 qui
992 2782 1043 2840 pro
1066 2767 1235 2826 aanehaaimo

211 2852 273 2912 viro
294 2852 332 2911 ab
355 2853 488 2912 omnibus
509 2851 678 2912 habebatur.
720 2851 923 2914 NOVICIUS:
951 2851 1133 2912 Satissacturn
1154 2853 1236 2912 fateor

210 2939 424 3016 interrogationi
445 2956 540 3015 meae3
564 2940 614 2998 aed
637 2937 732 2998 adhuc
746 2955 835 2998 unum
853 2945 905 3013 eet,
926 2938 1005 3014 quod
1026 2955 1111 2999 nosse
1132 2939 1235 2999 vellem.

133 3041 138 3052 ·
212 3023 339 3102 Quidam
360 3032 464 3102 putant
491 3033 611 3086 mortem
641 3043 707 3086 esee
732 3042 900 3102 personam
929 3023 1069 3106 quibust)
1091 3025 1236 3086 concordat

212 3111 290 3188 quod
311 3129 388 3172 more
409 3115 438 3171 in
460 3115 555 3187 specie
576 3113 698 3172 hominis
713 3129 778 3172 oum
800 3111 872 3172 falce
889 3115 918 3170 in
939 3114 1059 3188 picturis
1077 3129 1235 3190 repraesen-

211 3205 296 3258 tatur.
345 3195 580 3260 MONACHUS:
614 3197 692 3258 Huic
712 3197 826 3258 fabulae
849 3201 1029 3258 consentiunt
1048 3197 1167 3274 Judaei,
1194 3197 1236 3274 qui

211 3283 310 3344 dicunt
337 3303 426 3344 unum
455 3303 518 3345 esse
547 3284 683 3364 angelum
709 3303 727 3344 a
757 3302 814 3360 quo
827 3285 1007 3364 ¹interficitur
1034 3303 1118 3349 omne
1151 3299 1235 3364 genus

211 3369 378 3432 humanum.
421 3369 551 3431 Trahunt
572 3379 669 3432 autem
690 3375 889 3432 auctoritatem
912 3374 949 3434 ab
972 3390 1006 3432 eo
1027 3372 1091 3434 loco
1117 3373 1166 3432 ubi
1192 3385 1235 3448 per

212 3457 346 3536 angelum
374 3475 511 3536 percussa
539 3464 606 3519 eunt
633 3461 728 3517 omnia
761 3461 950 3536 primogenita
977 3457 1111 3537 Aegypti.
1166 3453 1235 3534 Quill

80 3522 82 3530 ¹
144 3563 151 3580 ·
212 3554 310 3606 autem
342 3546 379 3606 ait
410 3563 502 3621 more,
533 3546 731 3606 canalicium
757 3553 801 3605 est
827 3548 855 3604 in
886 3545 1009 3624 capitulo
1041 3548 1132 3624 primo
1159 3543 1234 3603 buius

232 3733 263 3799 t]
281 3729 345 3784 cub
363 3731 557 3795 vitriacum,
581 3729 800 3784 BFuuiucunr.
826 3763 856 3772 -
882 3732 914 3799 2)
938 3733 978 3785 ΕΡ
1000 3732 1234 3802 profundiorem

280 3817 454 3870 'quaercna
475 3831 505 3842 -
525 3802 556 3870 3)
575 3799 618 3854 BP
636 3798 790 3870 hoe-nl)
808 3799 1010 3856 bbulneare.
1031 3831 1061 3843 -
1077 3802 1108 3872 5)
1126 3799 1164 3855 CF
1181 3798 1235 3852 llo-

283 3872 429 3924 minicae.
448 3900 479 3909 -
499 3870 530 3938 6)
548 3869 590 3923 ci
608 3872 668 3923 cui.
