2622 4322
167 285 228 342 nnn
477 277 705 340 ursvmomo
729 277 894 356 onnam

167 406 217 478 rit,
248 407 281 461 ut
308 401 400 462 redire
421 406 594 478 proponeret
614 401 653 460 ad
675 401 831 460 saeculum.
872 399 966 460 Nocte
988 400 1113 475 quadam
1134 417 1199 462 cum

166 495 254 550 staret
274 491 304 546 iu
325 488 427 564 choro,
458 495 486 548 et
506 494 601 547 mente
622 494 769 562 tractaret,
792 486 907 563 quando
928 486 976 546 vel
998 487 1141 563 quomodo
1164 487 1200 548 de

166 578 337 636 monasterio
360 576 457 650 exiret,
480 593 549 652 prae
571 575 666 635 taedio
688 581 805 636 cantare
825 591 883 634 non
904 576 1007 650 potiit
1049 575 1085 634 In
1105 573 1204 638 unii-1
1302 575 1303 636 J

165 664 222 725 bus
242 679 320 738 vcro,
341 658 433 742 dumo
456 665 599 722 canticum
620 664 712 723 sancti
732 661 854 721 Abacuc
874 661 1051 737 psalleretur,
1072 678 1107 721 eo
1122 661 1198 737 quod

168 755 245 810 esset
271 750 340 808 feria
368 757 464 824 sexta,
491 751 549 808 iam
579 747 795 808 dictusAbbas
823 748 862 808 ad
891 748 1072 808 excitandum
1099 749 1199 838 iratres

167 839 303 897 circuivit.
347 835 403 912 Qui
425 854 490 896 cum
511 837 637 895 venisset
658 835 696 895 ad
717 835 890 896 monachum
910 834 991 894 illum
1004 836 1199 910 fluctuantem,

167 929 197 984 et
216 940 275 982 non
297 928 438 998 cantaret,
458 929 564 999 putans
586 940 652 982 eum
673 922 811 997 dormire,
832 939 864 981 se
885 922 923 982 ad
944 922 1024 982 illum
1045 922 1199 1004 inclinavit,

167 1016 197 1071 et
216 1009 396 1084 versiculum,
422 1011 471 1086 qui
492 1009 593 1068 eadem
614 1008 685 1068 hora
705 1008 871 1084 psallendus
893 1015 962 1085 crat,
982 1011 1012 1068 in
1033 1025 1133 1068 aurem
1153 1011 1199 1069 vi·
1302 1017 1303 1024 ’

166 1097 280 1174 gilantis
306 1097 414 1156 sortiter
443 1096 592 1170 clamavit,
621 1096 732 1155 dicensr
760 1096 938 1172 Egredietur
966 1096 1102 1158 diabotus
1131 1103 1199 1156 autc

161 1184 251 1260 pedes
273 1187 334 1242 etue
345 1181 378 1259 ²).
422 1183 486 1260 Qua
506 1199 579 1241 voce
600 1182 707 1257 audita,
726 1185 797 1241 satis
818 1185 931 1242 territus
953 1189 997 1242 cst
1016 1183 1074 1257 ille,
1094 1189 1198 1259 putans

165 1269 312 1330 Abbatem
333 1287 384 1345 per
404 1268 530 1349 aliquam
550 1269 756 1328 revelationem
777 1271 963 1345 cogitationes
992 1287 1060 1329 suas
1081 1287 1198 1345 perver-

165 1374 213 1416 sas
235 1358 321 1431 scire,
349 1356 452 1431 quibus
480 1361 539 1413 tam
570 1356 719 1415 manifeste
740 1351 909 1436 senteutia³)
931 1356 1101 1432 prophetica
1120 1359 1198 1416 visus
1253 1401 1255 1406 ,

165 1449 209 1504 cst
229 1442 409 1520 respondere.
450 1443 513 1502 Nec
533 1440 615 1501 aliter
634 1442 794 1520 intelligens
814 1443 905 1502 verbe
916 1443 1089 1520 Prophetae,
1112 1461 1198 1519 quam

163 1547 216 1607 pro
237 1547 269 1589 se
290 1529 380 1604 lacu,
412 1530 506 1588 timuit
525 1528 754 1590 maledictionem
776 1531 837 1589 eius
866 1531 891 1588 si
918 1532 1010 1589 abiret
1041 1533 1198 1605 incurrere,

164 1622 194 1676 et
214 1615 361 1676 diabolum
379 1617 488 1675 itineris
508 1618 552 1675 sul
575 1616 677 1676 ducem
698 1616 814 1676 habere.
857 1615 963 1692 Sioque
984 1620 1091 1677 virtute
1104 1617 1198 1676 divina

163 1721 182 1763 a
203 1703 280 1762 malo
301 1705 447 1780 proposito
469 1709 620 1764 revocatus
631 1701 670 1784 i),
698 1703 809 1763 stabilis
829 1703 922 1763 iactus
943 1709 1002 1778 est,
1029 1711 1061 1764 et
1081 1707 1198 1765 miratus

163 1796 207 1852 est
227 1788 330 1850 Abbas
350 1796 384 1849 nt
402 1789 549 1849 intellexit
692 1786 694 1792 ’

509 1915 742 2025 CAPITULUM
769 1913 849 2024 LVI.

161 2083 210 2143 Dc
229 2086 462 2159 sauedmonioii,
492 2104 570 2163 quoe
599 2085 671 2144 dum
691 2091 777 2145 nocte
797 2085 883 2144 vellet
904 2087 947 2144 irc
969 2085 1011 2144 od
1031 2085 1196 2158 soeculum,
1302 2125 1303 2154 ,

262 2179 290 2230 et
311 2179 401 2248 caput
423 2175 496 2232 ostio
518 2169 656 2245 illideret,
680 2190 699 2229 u
723 2175 883 2231 tentatione
904 2171 1030 2232 liberato
1053 2179 1103 2232 cot.

225 2309 454 2370 Sanctimonialis
475 2309 619 2386 quaedam
632 2311 715 2369 circa
727 2298 898 2387 principium
915 2313 1110 2372 conversionis
1119 2327 1196 2384 suae,

121 2441 123 2446 s
161 2398 235 2454 sicut
255 2399 319 2472 ipsa
339 2395 408 2455 mihi
423 2397 537 2472 retolli,
567 2404 627 2455 tam
654 2399 779 2473 graviter
807 2403 916 2457 tentata
937 2397 1005 2472 fuit,
1035 2404 1069 2456 ut
1090 2397 1196 2458 doleret
1302 2433 1303 2442 κ

160 2499 191 2541 se
212 2485 325 2542 venisse
346 2483 384 2541 ad
405 2483 580 2559 religionem.
622 2483 749 2543 Reduxit
781 2485 807 2543 ei
840 2483 970 2544 diabolus
1002 2491 1071 2544 ante
1103 2483 1195 2546 cordis
1302 2515 1303 2522 κ

160 2568 258 2628 oeulos
268 2566 288 2649 ⁵)
312 2568 426 2628 delicias
448 2570 563 2645 sacculi,
586 2587 658 2646 quas
680 2571 833 2646 dimiserat,
853 2573 1002 2646 penuriam
1022 2572 1194 2646 monasterii,

160 2672 247 2730 quam
268 2657 434 2730 sustinebat,
460 2663 489 2715 ct
510 2660 605 2732 coepit
626 2674 662 2716 ex
682 2657 738 2716 hoc
759 2661 864 2717 tentari
884 2661 1066 2734 graviterque
1088 2660 1193 2718 contri·

158 2745 228 2800 stari
236 2737 266 2820 ε).
310 2741 391 2818 Quae
413 2760 479 2801 cum
500 2746 672 2803 tentationes
694 2744 802 2806 diutins.
819 2747 960 2805 sustinere
990 2762 1050 2804 non
1081 2750 1192 2821 posset,

157 2834 242 2887 noete
264 2828 390 2903 quadam
410 2832 471 2888 voti
498 2833 542 2888 sui
574 2833 737 2905 immemor,
767 2829 803 2889 de
831 2829 906 2890 lecto
933 2849 1070 2909 surgens,
1100 2837 1129 2891 et
1156 2831 1192 2891 do

157 2917 328 2974 monasterio
352 2916 448 2992 egredi
468 2916 578 2992 volens,
599 2916 638 2976 ad
659 2921 763 2977 ostium
785 2917 939 2993 quoddam,
961 2919 1039 2994 quod
1061 2918 1192 2978 adcimi·

156 3003 259 3060 terium
274 3002 360 3078 ducit,
382 3006 467 3079 venit,
488 3010 521 3062 ut
541 3004 695 3064 transsilito
709 3020 790 3063 mure
809 3003 847 3065 ad
863 3005 1010 3065 saeculum
1022 3008 1084 3065 iret.
1111 3005 1190 3064 Nutu
1302 3035 1303 3060 r

156 3087 213 3147 Dei
233 3087 340 3147 factum
369 3095 426 3165 est,
459 3095 492 3148 ut
519 3091 548 3148 in
576 3093 715 3166 superiori
740 3091 836 3150 limine
868 3099 928 3152 tam
955 3092 1064 3152 sortiter
1097 3094 1190 3168 capito

153 3176 338 3252 impingeret
366 3182 399 3234 ut
426 3193 565 3236 concusso
593 3179 710 3237 cerebro
741 3183 896 3237 retrorsum
924 3179 1053 3254 caderet,
1086 3185 1115 3239 et
1141 3177 1189 3238 diu

155 3263 238 3336 quasi
260 3264 397 3321 exanimis
417 3265 532 3323 iaceret.
575 3263 706 3324 Tandem
727 3264 765 3324 ad
787 3282 818 3324 sc
840 3282 957 3325 reversa
978 3266 1035 3326 ait:
1059 3265 1123 3342 Quo
1145 3267 1189 3325 vis

152 3349 209 3422 ire,
230 3347 355 3408 misera?
399 3349 483 3426 Quod
506 3350 620 3410 diabolo
643 3352 780 3426 debuisti,
801 3352 857 3413 hoc
879 3353 1033 3411 exsolvisti.
1076 3353 1188 3411 Rever-

152 3439 213 3494 tere
234 3439 309 3495 nunc
330 3437 360 3493 in
382 3436 537 3498 claustrum
558 3443 653 3514 tirum,
687 3441 754 3514 quia
779 3456 837 3498 non
859 3446 903 3498 est
923 3439 1057 3500 voluntas
1077 3439 1135 3499 Dei
1155 3445 1189 3498 ut

150 3537 273 3600 usquam
293 3520 393 3582 vadas.
420 3523 527 3583 'Vides
549 3541 637 3599 quam
665 3525 883 3586 misericorditer
904 3525 986 3587 Deus
1014 3542 1083 3585 suos
1116 3542 1187 3586 con·

168 3638 199 3707 i)
217 3637 239 3689 l)
257 3653 332 3690 cunr.
351 3668 381 3678 -
400 3639 433 3708 2)
450 3639 542 3692 liobae.
562 3640 591 3706 3,
609 3644 634 3694 5.
654 3671 684 3680 -
705 3643 736 3711 3)
754 3643 826 3694 llorn.
843 3658 932 3696 voce.
950 3675 980 3684 -
1005 3643 1037 3711 4]
1056 3641 1120 3695 nul>
1136 3657 1186 3695 rc-

219 3716 360 3760 vocntus
378 3723 393 3759 a
411 3708 490 3772 mulo
508 3712 691 3778 proposito.
712 3742 742 3752 -
762 3713 794 3779 5)
811 3709 876 3765 ADP
893 3720 970 3765 ante
988 3712 1097 3764 cordis
1115 3727 1186 3764 ocu·

218 3773 266 3829 lol
294 3775 456 3830 diabolus.
482 3809 513 3822 -·-
548 3780 580 3848 6)
604 3780 624 3833 G
649 3784 778 3833 tentari
800 3784 1017 3853 graviterque
1039 3783 1185 3846 tristari,

215 3843 280 3900 ADP
296 3849 446 3920 graviter
463 3850 589 3904 tentari
606 3857 639 3902 et
655 3853 858 3906 contristari.
