2538 4314
400 314 453 376 DE
474 315 743 380 CONFESSIONE.
1024 319 1084 378 141

71 445 140 516 tione,
157 441 244 500 timor
267 443 423 515 conceptura
445 443 535 517 coepit
554 447 709 520 tepescere,
731 445 761 502 et
776 435 792 522 ¹)
822 439 995 500 verecundia
1023 457 1088 502 cra-

70 545 145 603 seere,
170 531 200 586 in
222 532 397 602 tantumque
424 534 466 586 est
491 531 687 589 erubescentia
713 530 822 604 vietus,
844 533 877 586 ut
899 545 965 588 eum
984 526 1088 588 Abbas

69 618 184 689 venisset,
205 613 280 672 nihil
302 615 329 672 ei
350 613 533 674 eonfiteretm.
575 615 678 677 Abbas
699 631 840 675 veronen
853 615 1003 673 immemor
1024 613 1088 674 cul-

67 720 114 778 pae
136 703 188 761 sibi
218 701 381 775 confessae,
411 718 476 760 cum
503 702 539 760 ad
562 703 770 764 contessionem
791 718 849 760 non
870 702 980 761 veniret
1001 718 1089 777 quem

68 789 178 866 quoddie
200 789 387 864 exspectavit,
409 791 542 864 cogitavit
564 789 784 867 diligentissime,
806 787 927 863 qualiter
946 787 1021 849 male
1042 787 1088 848 la·

67 882 159 935 mnam
179 873 335 935 salubriter
354 875 586 951 deprehenderet
628 877 835 951 Praecepitque
856 877 910 935 toti
927 876 1089 952 conventui,

66 963 251 1022 acerdotibus
266 967 295 1020 et
307 958 327 1042 ²)
348 962 454 1020 ordinis
466 963 603 1024 inferioris
617 965 693 1024 sanis
704 959 761 1042 οῖ’)
782 961 910 1038 infirmis,
930 968 963 1023 ut
982 979 1090 1038 omnes,

66 1051 148 1108 nescio
180 1051 212 1107 in
247 1064 306 1124 qna
332 1048 536 1126 sollemnitate,
570 1049 609 1110 ad
640 1053 733 1109 maius
772 1049 862 1108 altare
895 1051 1089 1110 communica-

65 1143 125 1196 rent
165 1135 325 1196 Vrsumest
337 1137 371 1208 ei,
394 1136 472 1211 quod
488 1154 672 1212 nequaquam
693 1135 811 1196 auderet
832 1133 970 1196 accedere
978 1132 1001 1215 ⁴)
1022 1152 1089 1196 reus

66 1223 97 1282 de
115 1221 196 1297 eulpa
216 1222 274 1280 illa.
316 1221 483 1298 Sedensque
506 1230 605 1284 contra
625 1223 729 1298 altare,
751 1224 877 1298 respexit
898 1221 935 1282 ad
957 1240 1008 1282 ora
1022 1215 1090 1282 ¹sin·

66 1309 192 1385 gulorum
235 1305 414 1368 Adolescens
436 1325 513 1386 vero,
534 1309 591 1371 hoe
611 1315 727 1387 propter
748 1326 779 1368 se
798 1310 906 1368 lactum
925 1317 1040 1386 putans,
1061 1314 1091 1368 et

65 1398 86 1454 si
102 1413 131 1455 se
142 1395 330 1469 subtraheret,
352 1397 446 1455 notari
465 1399 576 1472 timens,
598 1415 663 1457 eum
677 1398 777 1457 ceteris
791 1398 920 1456 accessit
955 1396 1091 1472 Quicum

63 1485 273 1558 propinquasset
293 1481 389 1558 altari,
418 1489 514 1542 tantm
536 1501 603 1544 enm
623 1483 724 1543 horror
743 1485 863 1557 invasit,
889 1489 986 1544 tantus
1006 1485 1091 1555 timor

62 1569 182 1644 perculit,
202 1575 235 1628 ut
257 1567 315 1648 et⁵)
337 1576 573 1643 praesumtuosus
593 1577 738 1630 vetaretur
758 1569 928 1647 procedere,
960 1576 989 1632 et
1011 1571 1091 1630 ocius

64 1655 271 1732 compelleretur
284 1655 384 1714 redire.
427 1656 612 1734 Veniensque
624 1657 662 1717 ad
672 1655 829 1731 Abbatem,
848 1657 915 1717 lecit
930 1657 957 1718 ei
977 1659 1091 1734 signum

64 1743 247 1802 conessionis.
300 1742 356 1818 Qui
388 1743 517 1819 gaudens
546 1750 576 1804 et
604 1744 765 1819 exsultans,
800 1742 913 1802 dicebat
942 1746 1017 1804 intra
1044 1759 1091 1804 se:

64 1828 118 1903 Eia,
138 1835 213 1888 certe
235 1833 365 1906 cepimus
379 1828 508 1905 bestiam,
529 1832 690 1903 invenimus
703 1829 849 1907 praedam,
870 1832 924 1889 iste
946 1833 1021 1890 enim
1039 1833 1092 1891 est.

64 1915 98 1974 Et
115 1933 231 1993 surgens
251 1918 369 1976 intravit
391 1934 501 1977 cumeo
514 1917 685 1994 Capitulum.
729 1917 817 1978 Cuius
837 1916 959 1994 pedibus
979 1919 1091 1978 iuvenis

64 2008 220 2079 prostratus,
241 2004 310 2063 lecit
331 2003 367 2062 de
378 2011 497 2080 peccato
513 2004 728 2079 confessionem,
749 2003 844 2063 retulit
855 2007 1003 2077 visionem,
1024 2021 1091 2062 sus·

66 2092 132 2165 oepit
150 2093 366 2166 poenitentiam.
410 2089 513 2168 Sioque
534 2109 585 2168 per
597 2092 779 2167 prudentiam
799 2090 903 2150 medici
915 2090 1092 2153 denudatum

65 2192 95 2234 ac
112 2184 242 2235 sanatum
265 2184 310 2238 est
321 2177 428 2236 vulnus
443 2179 537 2238 stolidi
558 2181 674 2255 aegroti.
716 2177 799 2238 Haec
820 2178 903 2237 nobis
924 2177 1021 2237 retudit
1035 2177 1091 2236 do-

65 2264 148 2322 minus
169 2262 323 2324 Gevardus
344 2263 448 2324 Abbas
475 2272 586 2340 noster,
607 2266 718 2326 rediens
746 2265 783 2324 de
805 2263 936 2341 Capitale
958 2261 1092 2341 generali

64 2346 255 2411 novicius
288 2351 431 2428 Magnum
464 2351 570 2411 donum
591 2352 648 2412 Dei
670 2359 726 2426 est,
760 2351 838 2427 quod
859 2354 900 2410 sic
922 2353 1026 2411 mortui
1047 2353 1093 2410 vi-

64 2452 109 2494 ros
120 2435 271 2496 hortantur
284 2439 324 2497 ad
346 2438 562 2498 confessionem.
590 2437 826 2499 MONAOHUS:
848 2437 1094 2498 Tantumbonum

63 2528 101 2579 est
122 2524 273 2600 confessio,
295 2531 328 2584 ut
343 2515 430 2584 etiam
451 2521 516 2607 eo⁶)
538 2533 654 2585 utantur
675 2528 788 2602 spiritus
802 2531 988 2584 mortuorum.
1019 2525 1094 2585 See·
1115 2573 1120 2584 .

61 2609 118 2682 pius
138 2615 255 2689 percepi
275 2618 406 2670 mortuos
427 2615 501 2671 vivis
523 2616 688 2689 apparuisse
709 2614 739 2672 in
760 2614 882 2686 somnis,
909 2617 938 2672 et
959 2613 996 2672 ob
1020 2629 1093 2688 quae

60 2703 175 2770 peccata
186 2699 381 2758 detinerentur
401 2701 430 2757 in
450 2701 560 2775 poenis,
583 2700 727 2760 confessos
747 2699 843 2773 luisse,
865 2706 894 2758 et
915 2698 1018 2774 quibus
1038 2700 1094 2760 be-

60 2781 161 2842 nefieiis
175 2785 290 2845 liberari
311 2792 438 2862 possent,
459 2789 598 2846 veraciter
607 2786 758 2845 indicasse.
792 2784 876 2860 Quod
889 2792 992 2862 postea
1008 2803 1094 2845 vera-

61 2868 136 2928 cibus
157 2874 247 2948 siguis
268 2873 425 2949 probatum
447 2880 498 2932 est.
542 2873 688 2933 Similibus
710 2875 786 2932 euim
808 2873 909 2932 similia
922 2868 942 2951 τ)
966 2889 1094 2948 congau-

60 2950 132 3032 dent,
153 2961 223 3033 quia
238 2976 344 3036 corpus
357 2959 521 3019 dormientis
535 2961 679 3034 modicum
694 2959 780 3018 distat
800 2966 953 3033 emortuo,
976 2966 1004 3018 et
1025 2958 1096 3018 dum

59 3037 143 3102 homo
165 3045 288 3106 exterior
310 3048 444 3122 quiescit,
470 3049 586 3106 interior
607 3064 694 3122 saepe
716 3047 859 3106 efficacius
879 3045 987 3121 vigilat.
1029 3045 1096 3106 Non

61 3142 173 3204 semper
184 3135 296 3191 somnia
307 3139 375 3192 sunt
385 3150 469 3209 vana,
490 3132 543 3193 sed
553 3146 758 3209 nonnunquam
770 3133 958 3192 revelationes
974 3132 1096 3208 divinae,

62 3213 133 3272 siem
158 3216 252 3278 habes
280 3218 316 3280 de
344 3218 455 3296 Joseph
483 3220 666 3295 Patriaroha,
696 3219 731 3279 de
752 3221 890 3294 Daniele,
920 3219 956 3278 de
983 3218 1096 3295 Joseph

64 3313 168 3372 sponso
190 3303 298 3364 Maiiae
328 3313 358 3365 et
386 3305 421 3366 de
452 3308 543 3366 tribus
564 3307 659 3384 Magis
667 3302 698 3387 Β).
747 3305 950 3366 NOVIOIUS:
982 3305 1096 3366 Vellem

66 3384 132 3443 mihi
159 3389 253 3466 aliquo
283 3392 469 3454 demonstrari
490 3395 636 3470 exemplo,
669 3392 747 3470 quod
778 3397 891 3470 spiritus
919 3399 1097 3453 mortuorum

67 3473 210 3542 spiritibus
230 3479 416 3538 confiteantur
436 3483 576 3541 vivorum.

89 3666 122 3735 1)
138 3683 173 3725 et
191 3691 227 3728 om
243 3678 292 3731 BG.
311 3709 340 3720 -
368 3682 399 3751 2)
416 3693 448 3735 et
465 3699 506 3736 orn
525 3683 553 3736 B.
574 3713 603 3723 -
632 3683 664 3752 3)
682 3692 713 3736 et
729 3683 779 3736 add
798 3684 846 3737 BG.
866 3713 896 3725 -
916 3684 949 3749 4)
966 3683 985 3734 P
1003 3691 1096 3734 aece-

141 3739 217 3825 d'ere
233 3747 370 3802 auderet.
391 3783 419 3793 -
438 3755 470 3822 5)
488 3761 519 3806 et
537 3770 577 3806 om
596 3753 688 3807 Be-
706 3755 738 3822 6)
756 3753 798 3807 Bc
815 3770 901 3807 aa·
921 3753 954 3821 7)
971 3752 992 3805 G
1009 3753 1096 3803 sirni-

142 3808 224 3896 lrbns
249 3819 378 3884 similia,
402 3823 424 3875 ll
443 3823 543 3876 simili
570 3825 653 3876 enim
680 3822 1096 3884 northahimbrorum

145 3883 307 3939 srmrlibus.
325 3917 354 3929 ·-
371 3892 403 3961 8)
420 3893 510 3946 Genea.
528 3895 571 3948 37.
606 3893 669 3945 Dan.
688 3895 713 3945 7.
748 3892 835 3949 bletth.
856 3894 868 3944 l
889 3901 915 3943 et
933 3892 958 3942 2.
