2664 4308
1145 249 1207 310 403

235 343 295 410 quie
310 347 388 402 metri
405 349 462 403 cius
474 356 666 421 conquesturus
685 355 754 404 esset
771 348 807 420 cle
823 349 882 415 illo,
900 349 925 404 si
941 363 996 403 non
1013 346 1141 406 liberaret

235 423 294 466 eum
310 431 325 468 a
341 419 484 473 tentatione
485 456 1140 482 ................
1158 417 1208 472 382

182 473 285 558 XXXI.
317 484 357 540 De
372 487 488 555 inclusa,
508 503 576 558 quoe
594 486 731 544 Christum
748 487 882 560 quaesivit
904 489 933 542 in
949 489 1095 555 ferumine,
1114 493 1141 541 ot
1158 555 1208 609 382

233 553 335 606 invenis
335 593 1141 616 ....................

180 611 297 676 ΧΧΧΙΙ.
330 622 369 676 De
380 625 500 695 simplici
509 641 600 680 sorore
616 626 645 680 in
656 627 813 695 Kummedc,
832 627 876 682 cui
887 627 916 681 in
930 628 1050 682 cretione
1061 623 1140 678 Chri-

234 691 288 740 stus
306 705 346 744 res
365 694 448 760 ondit,
466 695 540 764 qnod
557 702 626 750 esset
643 697 673 751 in
691 697 814 753 saccello.
832 708 840 754 4
872 731 1139 754 .......
1158 693 1209 748 383

179 749 309 814 ΧΧΧΙΙΙ.
342 708 382 816 Be
398 765 523 832 passione
540 765 674 836 simplicis
690 767 847 821 Mareadelli
850 802 1140 823 ........
1158 763 1209 815 384

178 819 309 884 XXXIV.
343 829 382 884 De
398 833 523 914 passione
539 829 598 888 Mor
615 843 702 891 aretae
719 837 762 889 vir
781 837 832 889 'nis
849 835 1035 891 Lovaniensis.
1052 871 1061 890 .
1088 869 1097 888 .
1131 871 1140 889 .
1158 831 1209 884 386

177 887 296 950 XXXV.
330 883 369 952 hc
388 903 507 972 simplici
524 919 608 959 consu
628 907 674 960 ino
690 921 750 960 sace
784 906 848 972 otis,
873 919 941 976 quae
959 919 988 957 se
1005 904 1093 973 ipsam
1110 900 1139 952 in

229 961 335 1020 semaco
352 971 482 1025 exstinxit
483 1006 1141 1035 ................
1159 967 1209 1020 387

176 1027 307 1091 XXXVI.
341 1037 382 1090 De
399 1049 484 1095 morte
502 1041 641 1098 Lodewici
658 1044 792 1115 simplicis
809 1042 934 1098 monachi
935 1075 1141 1100 ......
1158 1035 1209 1090 388

175 1097 319 1162 XXXVII.
353 1107 395 1161 De
412 1117 497 1165 morte
515 1113 647 1184 simplicis
663 1115 798 1181 monialis,
817 1129 886 1186 quoe
904 1127 1012 1183 cuprum
1028 1106 1142 1180 putabat

112 1245 116 1250 Ι
228 1185 286 1226 esse
303 1173 430 1232 feminam
447 1184 609 1239 saecularem
610 1214 1141 1243 ,,,,,,,,,,,,,
1159 1172 1209 1226 389
