2628 4310
208 251 271 310 314
313 247 540 310 DISTINOTIO
559 249 770 314 UNDEOIMA
788 250 844 312 DE
865 250 1145 314 MORIENTIBUS.

208 368 310 429 deinde
337 375 404 445 post
429 369 642 431 hebdomadam
670 374 805 432 morietur
826 390 908 434 soror
928 391 994 434 mea
1015 377 1115 436 minor.
1156 372 1229 450 Quod
1285 365 1286 440 ἶ

207 458 246 515 ita
274 456 382 515 factum
410 463 462 516 est.
504 457 576 518 Post
603 465 725 519 mortem
751 477 820 520 vero
841 461 998 537 infantum,
1026 467 1118 522 mater
1138 467 1165 520 et
1184 477 1228 518 an·

207 541 272 602 oilla
298 542 334 624 de
357 561 413 618 qua
434 561 521 619 supra
543 543 649 604 dictum
672 553 724 621 est,
746 545 896 606 defunctae
918 554 993 608 sunt.
1035 547 1146 608 Eodem
1165 553 1229 607 tem-

206 646 276 706 pore
298 629 468 707 ohiitHugo
490 631 570 691 miles
592 631 716 692 attilius
739 635 808 693 eius.
850 633 965 698 Horum
986 637 1066 694 testis
1088 633 1177 694 fidelis
1195 639 1230 694 est

208 715 350 776 Gerlacus
369 716 507 794 subprior
527 725 635 778 noster.

540 839 912 914 cherintum-cxiv.

298 943 374 1003 Item
396 944 431 1002 de
450 950 584 1003 morutro
606 945 688 1020 quod
707 945 835 1004 Boseude
856 945 892 1004 de
913 963 976 1005 uno
998 947 1151 1022 sepulchro

521 1033 617 1090 coivit
639 1038 666 1090 et
688 1032 773 1090 aliud
793 1035 925 1092 intravit.

270 1133 368 1194 Simile
396 1134 514 1209 contigit
541 1135 570 1192 iu
600 1134 721 1194 ecclesia
742 1135 896 1200 Bonnensi.
947 1136 1092 1213 Tempore
1120 1136 1233 1214 quodam

207 1221 289 1280 dietis
310 1223 452 1296 vesperis,
475 1237 549 1279 cum·
563 1221 707 1280 scholares
728 1224 756 1279 in
779 1225 842 1298 ipso
865 1215 1034 1298 crepusculo
1056 1223 1142 1286 ludos
1162 1241 1234 1284 exer-

207 1313 304 1368 cerent
331 1310 360 1365 in
391 1307 530 1381 claustro,
561 1307 694 1366 viderunt
716 1305 751 1366 de
774 1325 831 1368 uno
853 1309 1069 1385 sepulchrorum
1090 1313 1121 1372 in
1143 1311 1234 1387 quihus
1285 1301 1286 1306 ’

207 1396 335 1454 canonici
349 1392 442 1452 solent
456 1394 577 1469 sepeliri,
590 1396 716 1470 speciem
727 1395 872 1470 quandam
883 1396 1027 1456 humanae
1040 1397 1151 1458 formae
1162 1413 1234 1474 egra·

206 1481 248 1556 di,
270 1497 345 1556 quae
366 1497 452 1556 super
472 1481 570 1556 aliqua
590 1480 742 1557 sepulchra
763 1479 958 1558 deambulans,
980 1485 1009 1541 in
1031 1483 1177 1558 quoddam
1195 1500 1235 1543 se·

205 1564 357 1644 pulchrum
378 1584 409 1626 se
432 1566 544 1628 demisit
559 1564 586 1648 ¹).
628 1569 700 1628 Post
720 1569 808 1629 breve
831 1574 944 1650 tempus
962 1575 1092 1630 mortuus
1115 1577 1160 1631 est
1180 1571 1236 1646 qui·

206 1654 272 1714 dam
295 1657 464 1730 canonicus,
494 1661 522 1713 et
543 1656 573 1713 in
595 1655 697 1714 eodem
718 1655 844 1732 tumulo,
875 1653 910 1716 de
932 1673 989 1731 quo
1011 1654 1236 1736 fantasmaillud

206 1758 353 1818 egressum
380 1747 436 1812 est,
465 1743 584 1816 positus.
627 1741 740 1801 Deinde
762 1749 828 1817 post
848 1759 957 1818 paucos
980 1741 1040 1803 dics
1062 1744 1136 1804 alter
1158 1759 1236 1804 cauo·

205 1831 286 1888 uicus
316 1830 345 1886 in
375 1828 475 1886 eadem
506 1828 627 1888 ecclesia
655 1831 787 1902 moritur,
817 1835 846 1888 et
871 1831 900 1886 in
927 1829 993 1889 loco
1015 1831 1065 1889 ubi
1086 1833 1237 1908 ingressum

205 1917 298 1974 iuerat
319 1915 463 1990 sepelitur.
507 1915 685 1974 Christianus
706 1915 875 1990 Bonnensis,
896 1917 1056 1976 monachus
1077 1925 1182 1993 noster,
1201 1919 1238 1976 ei·

92 2012 95 2021 “
207 2002 273 2061 dem
294 2003 402 2060 visioni
419 2001 552 2060 interluit.
587 2001 760 2061 Huiusmodi
777 2002 943 2062 visionibus*
958 2003 1132 2080 quandoque
1153 2006 1237 2064 lutura

205 2091 431 2166 praesignantur.
474 2087 677 2148 NOVIOIUSr
699 2088 865 2148 Secundum
886 2091 959 2150 haec
981 2107 1056 2165 quae
1079 2091 1238 2163 dictasunt,

205 2177 282 2235 beati
315 2191 387 2250 quus
419 2173 561 2234 Dominus
594 2177 732 2234 invenerit
763 2177 915 2252 vigilantes
925 2173 954 2256 ²).
1004 2175 1235 2238 MONACHUS:
1283 2205 1284 2208 ¹

208 2261 367 2326 Occasione
389 2261 474 2320 huius
495 2263 576 2321 verbi
592 2261 717 2322 referam
730 2259 750 2342 ²)
773 2264 851 2338 quod
872 2280 964 2338 nuper
984 2262 1091 2324 audivi.

545 2399 779 2462 CAPITULUM
809 2403 905 2462 LXV.

206 2507 419 2566 De‘mouucho
442 2508 493 2582 qui
514 2508 547 2565 in
568 2507 650 2564 Aina
671 2505 778 2564 caricae
801 2509 975 2581 exspiravit,
1005 2507 1076 2566 dum
1099 2509 1237 2584 legeretur

330 2593 546 2668 Evangelium:
573 2593 699 2668 Vigilate
722 2595 793 2668 quie
814 2596 936 2666 mesatis,
960 2600 988 2651 ei
1009 2601 1115 2653 semro.

271 2695 344 2757 Cum
366 2699 394 2755 in
409 2696 486 2755 Alna
508 2697 593 2757 domo
616 2697 720 2755 ordinis
742 2698 834 2756 nostri
847 2696 994 2770 Diaconus
1015 2696 1132 2774 legisset
1145 2699 1236 2757 Evau-

115 2781 119 2789 ’
205 2785 310 2862 galium
338 2783 374 2844 de
398 2783 630 2858 Confessoribus,
656 2783 778 2843 scilicet:
807 2784 931 2858 Vigilate
953 2787 1025 2860 quie
1046 2789 1161 2844 ameide
1182 2800 1236 2860 quo

205 2873 281 2932 hora
294 2873 443 2930 Dominus
463 2877 557 2930 vester
577 2876 719 2930 uenturus
740 2867 821 2946 ew),
843 2871 937 2930 verbis
958 2870 1065 2930 eisdem
1087 2871 1236 2948 completis,

206 2959 322 3036 quidam
344 2957 502 3017 monachus
531 2959 560 3016 in
590 2957 676 3017 choro
699 2956 801 3016 cecidit
823 2963 852 3016 et
873 2959 1035 3033 exspiravit.
1077 2957 1117 3017 Et
1137 2961 1235 3016 timue-
1285 3017 1286 3040 ,

111 3093 113 3096 .
205 3052 272 3106 runt
282 3063 389 3120 omnes,
405 3044 557 3103 verborum
570 3043 686 3102 Domini
699 3044 832 3104 ellectum
845 3039 1068 3104 considerantes
1086 3043 1171 3105 Unde
1184 3045 1235 3103 fre·
1285 3085 1286 3088 η

120 3143 123 3149 ’
205 3140 279 3208 tres,
306 3135 373 3208 quie
402 3133 545 3190 nescimus
574 3148 632 3206 qua
658 3130 730 3189 hora
751 3129 893 3190 Dominus
914 3137 1011 3191 noster
1033 3138 1170 3191 venturus
1191 3132 1235 3202 sit,

205 3219 356 3297 vigilemus
377 3217 449 3292 fide,
476 3216 628 3294 vigilemus
651 3222 680 3276 et
701 3234 802 3292 opere,
832 3223 864 3276 ut
887 3235 952 3277 cum
980 3220 1106 3294 venerit,
1133 3224 1164 3278 et
1190 3231 1234 3292 per

205 3313 326 3366 mortem
347 3304 518 3380 pulsaverit,
547 3305 696 3364 confestim
724 3311 754 3364 et
773 3303 841 3362 laeti
869 3307 1030 3379 aperiamus
1060 3306 1095 3364 ei.
1155 3300 1233 3380 Quod

205 3394 289 3454 nohis
310 3398 454 3469 praestare
477 3391 609 3468 dignetur
631 3390 773 3450 Dominus
794 3396 891 3450 noster
911 3391 999 3451 Jesus
1023 3389 1171 3466 Christus,
1192 3389 1233 3465 qui

205 3486 342 3540 venturus
357 3484 400 3538 est
414 3477 537 3538 iudicare
558 3480 641 3538 vivos
655 3484 685 3537 et
705 3485 833 3537 mortuos
848 3483 877 3537 et
897 3478 1045 3538 saeculum
1065 3495 1116 3554 per
1135 3475 1232 3556 ignem.
1285 3503 1286 3560 3

206 3567 309 3627 Amen.

226 3755 256 3824 t)
274 3751 488 3876 ssssthffl'iss'·
507 3783 539 3791 -
558 3753 590 3819 2)
607 3753 665 3804 tue.
685 3753 727 3817 12,
745 3753 786 3806 su.
807 3783 837 3792 -
857 3753 888 3822 s)
906 3750 970 3806 css
987 3751 1037 3804 roo
1055 3750 1124 3804 rior.
1150 3779 1180 3790 -
1203 3747 1231 3813 q

299 3832 361 3874 au.
415 3860 422 3884 ,
475 3861 481 3872 .
961 3830 967 3836 ·
