2642 4330
454 263 509 326 DE
530 263 821 328 SIMPLIOITATE.
1058 297 1066 310 ·
1091 265 1153 326 355

107 387 204 448 ditorc
217 384 410 462 Evangelium
429 387 524 462 prodit
535 383 561 467 ¹)
604 386 688 447 Unde
710 386 880 464 quibusdam
901 403 977 448 nunc
999 387 1028 444 in
1050 385 1154 447 Christi

105 476 227 534 nominc
250 472 390 532 miracula
408 472 591 548 facientibus,
612 475 674 550 ipse
693 475 723 532 in
744 473 800 534 fine
823 473 949 533 dicturus
971 479 1028 533 est:
1050 475 1155 534 Nescio

104 561 192 620 unde
213 563 293 636 sitim
315 560 448 619 doceare
468 580 488 619 a
508 579 555 620 mc
577 578 675 619 omnes
698 564 826 636 operarii
847 564 1011 636 iniquitatis
1019 557 1052 632 ²).
1094 560 1155 618 Mi-

104 647 212 708 racula
235 647 272 706 de
294 646 454 705 substantia
475 649 632 707 sanctitatis
653 664 711 706 non
733 654 814 723 sunt,
838 646 890 706 ssd
912 649 994 724 signa
1015 649 1154 707 sanctita·
1260 639 1263 646 ’

104 737 154 792 tis.
205 732 323 794 Valens
348 731 490 792 Dominus
527 733 645 792 militem
681 751 765 792 suum
798 735 945 793 emeritum
972 751 1155 794 remunerare
1240 758 1242 762 ¹

104 827 179 896 post
200 821 341 894 laborem,
362 820 412 878 tali
433 820 513 879 illum
535 820 770 885 ordinerrocavit
791 819 829 880 ad
849 819 978 897 gloriam.
1020 819 1056 878 ln
1076 823 1153 898 vigi-

103 907 150 966 lia
176 907 351 978 Dominicae
371 907 701 982 Resurrectionis,·cum
723 913 935 983 exspectaretur
956 907 993 966 ad
1014 906 1152 970 sollemne

104 993 245 1070 officium,
268 1010 303 1053 eo
326 993 403 1068 quod
424 993 663 1053 hebdomadarius
685 1000 768 1068 esset,
789 1000 905 1069 repente
928 996 1022 1068 coepit
1042 995 1151 1054 viribus

103 1081 235 1140 destitui.
272 1081 401 1140 Vocatus
433 1087 478 1139 est
509 1081 689 1156 supradictus
710 1081 857 1155 Renerus,
886 1082 935 1156 qui
962 1097 1014 1155 per
1041 1086 1151 1140 tactum

102 1185 201 1228 venae
222 1166 298 1226 illius
318 1170 348 1226 in
368 1169 460 1226 ianuis
481 1165 631 1248 mortem³l
654 1170 793 1242 sentiens,
823 1167 858 1227 de
880 1185 963 1229 sacra
984 1169 1148 1228 inunctione

102 1273 175 1314 eum
196 1257 317 1328 monuit,
337 1255 481 1313 modicum
503 1255 660 1314 medicinae
682 1255 885 1314 confortativae
908 1255 950 1313 ori
971 1256 1031 1313 eius
1052 1257 1148 1330 impo-

102 1358 190 1400 nens.
235 1341 331 1417 Quam
360 1359 425 1400 cum
453 1341 501 1400 ille
523 1348 687 1417 exspueret,
716 1347 746 1400 et
766 1341 886 1401 diceret:
918 1341 981 1418 Ego
1003 1337 1149 1420 missamt)

102 1431 137 1486 in
150 1432 296 1488 conventu
310 1426 476 1503 celebrab0;
497 1427 658 1505 respondit:
679 1428 771 1488 Missa
790 1431 821 1486 in
842 1428 897 1487 hac
919 1431 979 1487 vita
1000 1445 1148 1504 nunquam

103 1515 298 1575 celebrabitis.
318 1555 321 1558 -
342 1514 405 1590 Quo
434 1514 547 1592 audito,
575 1532 606 1574 sc
634 1517 733 1591 inungi
752 1518 847 1590 petiit,
879 1521 908 1574 et
929 1515 1149 1574 cumfratribus

102 1602 235 1678 psalmos
272 1607 300 1660 et
330 1600 473 1660 letaniam
494 1600 666 1661 decantavit.
716 1601 799 1661 Circa
826 1601 927 1660 horam
947 1619 1053 1661 nonam
1083 1619 1149 1662 curn

104 1688 221 1748 Christo
233 1687 357 1748 reddidit
370 1690 507 1764 spiritum,
527 1688 680 1758 sociandus
692 1689 836 1764 spiritibus
849 1690 1000 1747 iustorum)
1011 1688 1148 1768 Sequenti

103 1775 152 1835 die
174 1782 242 1851 post
259 1781 392 1834 sanctum
407 1775 522 1834 Pascha
544 1793 610 1844 cum
631 1775 826 1850 tumularetur,
849 1774 980 1834 dominus
1001 1775 1148 1834 Ererhar·

103 1861 160 1922 dus
182 1863 277 1921 sancti
298 1861 404 1921 Jacobi
424 1861 573 1937 plebanus,
595 1865 675 1921 cuius
697 1864 787 1921 vitam
808 1861 960 1920 virtutihus
981 1861 1096 1937 plenam
1117 1863 1147 1920 in

103 1949 289 2009 distinctione
317 1954 419 2023 quarta
448 1949 573 2024 capitulo
600 1951 786 2025 nonagesimo
809 1953 912 2007 octavo
935 1947 1085 2023 descripsi,
1117 1949 1147 2006 in

102 2036 253 2096 audientia
284 2035 438 2094 multorum
467 2036 524 2094 talc
554 2033 590 2094 de
617 2035 666 2094 illo
695 2037 888 2094 testimonium
911 2034 1002 2094 dedit:
1034 2033 1146 2109 Hodie,

101 2125 213 2199 inquit,
242 2122 290 2180 hic
311 2126 403 2180 terrae
426 2122 641 2181 commendatur
662 2139 727 2182 caro
750 2123 944 2195 sanctissima,
965 2137 1043 2197 qnae
1061 2137 1147 2196 super

104 2215 212 2269 terram
233 2210 314 2268 vixit.
356 2209 394 2266 Et
424 2211 491 2284 quia
513 2209 548 2268 do
570 2209 714 2268 miraculis
735 2208 954 2291 quaestioluit,
981 2215 1048 2283 post
1067 2224 1147 2267 mor·

102 2303 165 2356 tem
186 2297 276 2371 signis
291 2311 355 2353 vnorr
377 2298 475 2354 caruit.
518 2295 660 2356 Sacerdos
688 2295 805 2370 quidam
827 2301 856 2354 et
876 2295 1075 2370 stipendiarius
1096 2311 1148 2354 ee·

103 2383 219 2457 clasiae,
240 2384 355 2440 nomine
367 2381 472 2457 Adam,
494 2385 568 2442 sicut
581 2383 650 2440 milri
669 2383 765 2441 retulit
787 2399 835 2442 ore
858 2399 919 2456 suo,
942 2385 1007 2443 euhr
1019 2387 1148 2458 tempore

103 2471 233 2547 quodam
254 2467 504 2528 vehementissimo
527 2471 627 2544 capitis
649 2469 748 2528 dolore
768 2475 962 2544 torqueretur,
990 2469 1028 2528 'ad
1049 2468 1147 2544 sepul-

103 2557 206 2618 chrum
222 2558 282 2615 eius
304 2557 433 2629 accessit,
455 2561 484 2615 et
504 2558 533 2614 in
546 2555 623 2616 bunc
640 2556 758 2615 modum
770 2559 874 2616 oravit:
895 2557 1029 2631 Domine,
1048 2557 1148 2630 inquit,
1220 2571 1223 2576 ·

101 2650 222 2720 propter
253 2645 467 2702 meritaxsarrcti
495 2642 579 2700 huius
608 2644 662 2701 viri
690 2641 790 2719 mitiga
812 2642 938 2702 dolorem
960 2645 1061 2719 capitis
1082 2644 1160 2701 mei*

103 2731 162 2807 Qui
189 2747 258 2788 mox
287 2728 450 2802 exauditus,
481 2746 567 2788 sanus
589 2730 727 2804 abcessit,
759 2731 808 2804 qui
828 2729 957 2788 infirmus
978 2735 1147 2789 accesserat.

101 2817 200 2876 Multa
227 2814 323 2874 adhue
337 2817 394 2874 alia
415 2816 481 2874 fecit
501 2818 593 2874 iustus
613 2819 667 2876 iste
689 2833 777 2892 opera
797 2818 935 2875 memoria
957 2815 1051 2892 digna,
1072 2832 1147 2891 quas

101 2904 201 2964 studio
236 2902 383 2961 brevitatis
421 2908 489 2961 sunt
517 2905 630 2962 omissa.
672 2901 875 2962 NOVICIUS:
913 2902 1030 2962 Utinam
1052 2908 1148 2962 essent
1224 2930 1227 2938 ·

102 2990 177 3050 tales
208 3005 308 3048 omnes
336 2990 464 3063 Decani,
485 2995 544 3048 tam
566 2989 709 3064 simplices
742 2995 771 3047 et
791 2996 851 3048 tam
871 2991 972 3048 sancti.
1014 2986 1147 3048 ΜΟΝΔ-

102 3076 225 3138 CHUS.:
254 3075 402 3135 Recordor
422 3093 499 3134 nunc
520 3076 636 3135 alterius
658 3075 806 3136 cuiusdam
823 3075 943 3149 Decani,
964 3077 1017 3134 riri
1037 3074 1147 3151 simpli·

102 3167 145 3225 cis
173 3180 210 3222 ac
231 3161 296 3222 Deo
326 3163 417 3240 digni,
447 3161 482 3222 dc
510 3165 591 3221 cuius
611 3164 764 3222 virtutibus
791 3163 932 3237 quaedam
957 3162 1027 3220 mihi
1056 3180 1148 3239 nuper

100 3250 200 3311 retulit
220 3251 356 3325 magister
376 3248 526 3309 lohannes
547 3249 684 3310 Decanus
704 3249 862 3325 Aquensis,
895 3249 931 3309 de
952 3249 1054 3310 cadem
1075 3245 1147 3309 ciri·

100 3343 163 3398 tate
177 3335 323 3410 oriundus,
343 3339 374 3394 in
392 3353 450 3412 qua
466 3336 543 3396 idem
563 3339 655 3397 iustus
676 3337 769 3396 luerat
789 3336 934 3412 Decanus,
955 3353 1031 3412 quae
1051 3343 1148 3397 tecum

101 3424 334 3486 communicabo.

123 3766 156 3834 1)
174 3765 248 3818 hare.
267 3767 292 3829 6,
313 3765 354 3818 1³.
370 3795 401 3804 -
421 3765 584 3833 2)Luc.'13,
605 3768 647 3820 27.
667 3795 697 3806 —
717 3767 750 3836 3)
767 3766 809 3822 ΒΟ
826 3775 961 3822 mortem
978 3766 1011 3819 in
1028 3767 1147 3819 ianuis.

178 3863 209 3874 -
228 3836 261 3903 t)
279 3835 299 3888 B
317 3837 446 3888 missam
464 3834 569 3889 hodie.
