2580 4316
148 217 188 274 oo
226 181 230 188 ’
444 212 672 274 msnmemo
698 213 883 274 summm

97 329 100 336 ’
148 344 248 414 spectu
267 318 401 415 ,aeternae
422 354 533 412 poenae
556 339 639 412 quasi
660 343 836 396 momentum
867 337 1019 411 reputavit.
1061 333 1191 394 Dicebat
1272 327 1278 336 '

149 426 251 482 iterum
272 423 427 482 sacerdoti:
457 424 502 482 Ex
532 441 589 499 quo
611 427 737 500 negastis
758 423 828 481 milri
841 419 856 502 ¹)
879 423 1049 482 medicinam
1071 422 1190 482 satisfa-

153 513 261 584 ctionis,
282 517 350 585 peto
371 517 482 569 utnon
503 510 638 570 fraudetis
660 527 706 569 me
729 528 747 569 a
768 513 872 569 viatico
895 527 993 569 sacrae
1008 510 1191 568 communio-

149 599 203 656 nis.
246 596 406 672 Respondit
417 595 438 678 ²)
468 597 586 656 stolidus
624 598 770 657 sacerdos:
803 597 838 656 si
848 597 916 676 ⁸tibi
944 614 1031 655 ausus
1059 612 1117 654 non
1147 594 1191 653 fui

150 686 295 760 iniungere
315 687 528 759 poenitentiam,
551 685 695 759 quomodo
716 701 900 759 praesumam
913 681 992 762 tibi³)
1006 683 1073 742 dare
1084 681 1192 740 Christi

152 789 254 846 corpus
286 778 316 828 et
344 770 534 846 sanguinem?
577 771 615 828 Et
649 789 714 829 eum
744 770 781 829 ad
813 777 945 828 neutmm
978 771 1191 854 acquiesceret,

152 860 264 916 unicam
286 857 403 916 tandem
424 860 536 933 rogavit
556 860 732 932 petitionem,
754 857 865 916 dicens:
899 856 1015 916 Statum
1040 873 1137 914 meum
1160 857 1192 913 in

152 943 288 1004 schedula
310 945 432 1004 scribere
454 944 520 1002 volo
528 942 559 1024 ⁴),
583 951 611 1003 et
632 962 685 1002 vos
708 943 816 1003 deferre
839 961 904 1003 earn
925 944 1034 1002 debetis
1049 943 1098 1002 tali
1115 944 1192 1018 Epi-

152 1048 239 1107 scopo
264 1038 385 1107 cognato
407 1048 480 1105 meo,
504 1049 539 1090 ex
560 1034 675 1089 nornine
698 1048 763 1089 eum
787 1031 952 1108 designem,
985 1026 1098 1110 spero⁵)
1122 1031 1194 1104 quia

152 1120 244 1177 orabit
264 1135 315 1194 pro
338 1136 393 1176 me.
435 1118 474 1176 Et
495 1120 624 1193 promisit
638 1112 659 1197 ⁶)
682 1117 824 1176 sacerdos.
868 1117 999 1176 Mortuus
1022 1122 1065 1176 est
1085 1133 1193 1175 mona-

153 1205 238 1280 chus,
272 1212 301 1263 et
321 1205 360 1264 ad
381 1207 577 1280 purgatorium
600 1204 774 1280 deportatus.
824 1204 862 1262 Et
890 1207 969 1263 venit
996 1202 1130 1263 sacerdos
1152 1202 1195 1261 ad

152 1293 335 1367 Episcopum,
358 1291 482 1350 defuncti
503 1291 598 1349 literas
621 1295 647 1349 ei
660 1289 679 1370 ⁷)
703 1292 840 1350 deserens.
885 1290 964 1366 Quas
987 1308 1053 1350 cum
1066 1290 1194 1366 legisset,

153 1381 327 1438 amarissime
349 1378 428 1436 flevit
437 1374 477 1456 1),
500 1376 625 1453 dixitque
648 1379 804 1437 sacerdoti:
837 1378 990 1453 Nunquam
1013 1376 1194 1450 tantumdi-

153 1465 208 1524 lexi
229 1466 389 1538 hominem3
418 1464 495 1522 dolui
516 1463 552 1523 de
575 1467 634 1523 eius
657 1468 851 1539 conversione,
874 1464 951 1524 dolui
973 1464 1008 1523 de
1030 1466 1195 1540 apostasia,

155 1552 237 1612 doleo
261 1551 296 1610 de
318 1558 419 1610 morte.
461 1550 558 1610 Dilexi
578 1555 693 1626 vivum,
727 1551 842 1628 diligam
872 1557 900 1610 et
922 1557 1072 1610 mortuum.
1117 1551 1196 1626 Quia

154 1640 246 1698 iuvari
266 1645 374 1714 potest,
404 1645 433 1696 et
461 1641 596 1697 contritus
630 1640 713 1712 obiit,
745 1639 920 1698 orationibus
940 1637 1087 1698 Ecclesiae
1108 1627 1196 1696 meae

154 1743 213 1784 uon
234 1726 349 1784 carebit.
393 1725 431 1782 Et
452 1742 615 1802 convocans
636 1725 780 1801 praelatos
798 1725 989 1801 Episcopatus
1012 1727 1064 1798 sui,
1085 1724 1197 1784 Abba·

156 1821 198 1872 tes
221 1812 341 1885 scilieet,
369 1807 550 1890 Decanos⁹)‚
579 1812 705 1887 Priores,
727 1813 861 1871 Pastores
883 1811 1069 1871 ecclesiarum
1085 1809 1123 1890 ¹⁰),
1145 1811 1198 1870 vel

156 1901 258 1975 quibus
282 1901 433 1958 commissa
453 1899 545 1958 luerat
561 1895 588 1977 ΙΙ)
612 1917 680 1957 cura
701 1901 874 1973 animamm,
897 1904 926 1956 et
947 1899 1002 1960 boc
1023 1901 1117 1974 ipsum
1139 1897 1197 1956 de-

155 1985 294 2045 mandans
324 1987 502 2060 monasteriis
537 1986 794 2044 sanctimonialium
811 1981 853 2064 ¹²),
881 2001 985 2061 rogans
1008 2004 1074 2044 cum
1101 1985 1198 2044 multa

157 2072 314 2132 hnmilitate
337 2079 365 2132 et
381 2074 523 2146 instantia,
545 2075 612 2130 viva
623 2089 694 2131 voce
708 2079 880 2148 praesentes,
902 2072 988 2131 literis
1004 2073 1136 2132 absentes
1155 2069 1197 2151 ¹³),

158 2167 190 2218 nt
219 2177 317 2220 omnes
345 2159 483 2234 speciales
513 2162 655 2218 orationes
685 2177 757 2233 quas
784 2161 845 2235 ipse
874 2161 1008 2234 inunxit,
1040 2157 1087 2218 illo
1117 2176 1197 2218 mino

156 2250 269 2307 animae
290 2249 349 2304 iam
371 2246 439 2310 dicti
461 2245 586 2304 defuncti
606 2246 816 2321 impenderent,
845 2251 904 2303 tam
932 2249 961 2304 in
990 2248 1083 2304 missis
1107 2263 1200 2320 quam

157 2337 186 2393 in
212 2332 337 2409 psalmis.
394 2332 461 2408 Ipse
490 2350 558 2392 vero
591 2340 703 2407 praeter
736 2333 932 2408 eleemosynas
955 2340 984 2391 et
1001 2328 1029 2412 14)
1052 2335 1200 2393 orationes

83 2411 87 2423 '
157 2419 323 2497 peculiares,
346 2437 417 2494 quas
439 2436 490 2494 pro
514 2437 547 2478 eo
570 2420 653 2494 lecit,
675 2420 794 2495 singulis
816 2419 916 2478 diebus
938 2419 1062 2478 hostiam
1084 2419 1200 2480 saluta-

158 2525 218 2568 rem
239 2523 290 2583 pro
313 2506 491 2565 absolutione
514 2508 627 2566 animae
657 2509 716 2565 eius
748 2505 914 2565 immolavit
959 2505 1044 2581 Quod
1072 2509 1096 2565 si
1121 2507 1200 2566 forte

159 2597 187 2654 in
209 2597 334 2652 maxima
354 2593 538 2668 necessitate,
566 2593 613 2652 vel
639 2593 813 2668 infirmitate,
845 2592 902 2652 hoc
928 2610 980 2668 per
1002 2610 1033 2652 se
1055 2595 1150 2669 ipsum
1167 2592 1199 2674 ¹⁵)

158 2681 251 2740 facere
272 2697 330 2739 non
351 2683 452 2755 potuit,
473 2680 545 2746 alter
567 2670 708 2740 delectum
729 2675 815 2738 illum*
830 2679 983 2755 supplevit.
1014 2679 1101 2738 Anno
1113 2696 1200 2740 com-

158 2767 244 2846 pleto,
266 2770 295 2825 in
316 2767 373 2825 fine
394 2769 498 2828 missae
519 2774 585 2843 post
606 2767 694 2826 altare
717 2774 795 2826 stans
812 2767 961 2850 deluncms
974 2769 1107 2843 apparuit
1123 2767 1200 2843 Epi·

159 2872 256 2930 scopo,
277 2854 408 2930 pallidus,
431 2853 519 2930 exilis,
540 2853 717 2928 macilentus,
738 2857 767 2912 in
784 2848 812 2933 ¹⁶)
832 2861 911 2912 veste
925 2853 1012 2928 pulla3
1035 2853 1118 2913 vultu
1139 2855 1200 2914 ha·

159 2943 277 3018 bituque
299 2947 405 3000 statum
426 2959 511 3000 suum
532 2943 607 3001 bene
629 2941 784 3000 declarans.
830 2940 923 3016 Quem
945 2943 1200 3019 cuminterrogas-

178 3095 208 3163 1)
227 3093 248 3146 C
265 3092 339 3144 milri
361 3094 520 3160 negastis.
541 3123 571 3131 -
595 3092 627 3160 2)
644 3090 685 3143 Dl'
708 3091 757 3142 add
775 3092 813 3142 ei.
834 3121 864 3132 -
885 3093 916 3160 3)
935 3092 955 3144 D
974 3094 1033 3145 tibi
1061 3109 1200 3160 praesu-

228 3178 312 3214 mam.
332 3191 362 3200 —
383 3163 414 3230 4)
433 3163 453 3214 G
471 3161 621 3224 scribam;
638 3161 728 3213 moxB
747 3170 779 3212 et
796 3177 853 3212 vos
872 3161 1001 3214 deferre
1019 3163 1200 3226 debetis,G

229 3241 261 3283 ct
278 3247 334 3283 vos
353 3247 418 3282 eam
437 3231 566 3282 deferre
585 3231 728 3294 debetis,
745 3231 766 3282 D
785 3239 817 3282 et
834 3231 964 3283 deferre
982 3248 1039 3284 vos
1058 3249 1124 3285 earn
1143 3232 1201 3286 de-

228 3302 321 3354 betis.
342 3331 372 3340 -
392 3299 528 3368 menda
547 3303 679 3351 enim—
700 3301 731 3368 6)
749 3299 857 3352 BGadd
876 3305 913 3352 ei.
933 3331 963 3340 -
983 3304 1014 3369 7)
1033 3302 1054 3354 Ι)
1073 3305 1101 3355 ei
1119 3295 1200 3355 lite-

228 3388 286 3428 ras.
307 3397 337 3410 ω-
366 3371 398 3438 8)
426 3369 547 3423 Gllere
574 3371 691 3436 eoepit.
711 3400 741 3410 -
767 3369 837 3438 9)0
863 3379 893 3421 et
915 3370 1068 3423 Decanos.
1089 3401 1120 3412 —
1148 3374 1199 3443 to)

228 3441 248 3493 B
266 3439 483 3492 ecclesiarum
501 3439 672 3502 Pastores,
689 3439 730 3492 CR
748 3448 779 3491 et
797 3439 949 3492 Pastores
973 3441 1199 3494 ecclesiarum.
1226 3498 1230 3506 ,

230 3539 261 3552 -
281 3510 329 3576 11)
347 3509 367 3562 Β
386 3511 556 3561 commissa
583 3517 646 3571 est,
672 3507 692 3561 C
718 3509 825 3560 luerat
851 3511 1027 3564 commissa.
1047 3541 1078 3552 -
1108 3513 1199 3581 12)1)

228 3578 467 3632 monialium-
488 3579 535 3645 13)
554 3575 573 3630 C
591 3578 700 3630 literis
718 3579 888 3642 absentes,
906 3589 1101 3646 praesentes
1119 3585 1199 3635 viva

228 3665 315 3702 voce.
336 3679 366 3687 -
389 3649 436 3715 14)
454 3647 494 3699 Dl'
512 3657 644 3714 praeter
662 3651 777 3699 missas
804 3658 835 3700 et
853 3648 1081 3716 eleemosynas
1101 3667 1143 3704 ac.
1163 3683 1196 3692 -
1281 3653 1282 3720 }

227 3720 278 3843 Ι15)
296 3718 316 3770 Β
334 3719 560 3840 ἓθιηειίρειιω,
578 3727 603 3769 et
621 3717 785 3786 paulopost:
803 3717 891 3772 illius
909 3736 956 3786 pro
980 3720 1074 3776 illurn.
1095 3750 1125 3764 -
1147 3721 1198 3790 16)

241 3803 315 3843 nom
355 3826 361 3840 .
