2642 4330
195 309 258 370 are
520 307 748 370 nmrmcrro
777 306 916 398 suurn

195 429 327 490 convivia
347 426 442 489 facere
463 429 630 506 voluerunt,
660 431 790 491 dixemnt
808 431 849 490 'ed
869 431 963 490 illum:
984 431 1124 504 Domine,
1146 446 1235 506 quare

194 533 253 575 non
272 516 427 592 providetis
448 517 551 576 vobis?
573 517 667 578 Valde
689 521 764 578 enirn
777 519 904 576 infirmus
927 520 1004 577 estis.
1036 517 1147 593 Quibus
1170 534 1245 588 cam¹

195 603 317 662 diceret:
331 603 415 663 Unde
431 603 487 663 hoc
502 607 601 680 nostis,
614 605 684 664 boni
701 604 804 682 pueri?
825 604 1045 680 responderunt:
1067 604 1148 663 Bcnc
1164 621 1235 663 cun-

194 689 352 749 sideramus
364 691 393 748 in
406 691 515 766 capillis
536 695 646 766 vestris,
669 709 702 752 ec
725 691 802 767 quod
814 692 903 752 inflati
916 694 981 750 sint.
1010 691 1103 766 Quem
1116 693 1146 749 in
1159 690 1234 750 lecto

193 776 372 852 reclinantes,
394 779 506 837 cibariis
528 779 664 853 delicatis,
689 781 771 854 quasi
793 781 853 838 cius
874 778 1029 836 infirmitati
1048 779 1235 853 praeparatis,

194 880 226 923 se
253 865 331 939 ipsos
358 864 525 923 refecerunt.
574 864 703 924 Audiens
732 872 843 924 tantam
871 865 1079 940 simplicitatem
1111 867 1234 924 nasticm

194 951 312 1026 quidam
331 968 456 1026 nequam
471 957 499 1010 et
519 958 640 1027 astutus,
661 954 728 1027 quia
744 949 760 1031 ¹)
782 969 882 1010 servus
904 955 965 1011 cius
978 957 1053 1010 esset
1065 953 1234 1027 originarius

193 1038 231 1097 ab
254 1038 386 1096 omnibus
407 1041 511 1097 attavis
532 1041 590 1098 'suis
603 1035 623 1120 ²)
647 1039 789 1098 confinxit.
831 1039 897 1098 Non
917 1041 1012 1114 potui,
1043 1040 1150 1114 inquit,
1181 1038 1234 1096 do·

193 1126 278 1198 mine,
299 1130 332 1181 ut
352 1142 397 1182 res
418 1132 530 1184 vestrae
552 1124 603 1185 tali
625 1125 710 1185 modo
726 1125 919 1184 distrahantur
940 1125 1065 1199 sufferre,
1086 1124 1135 1184 vel
1158 1124 1234 1200 quod

176 1205 235 1271 'sic
262 1210 442 1288 negligantur
453 1208 484 1292 ³).
526 1211 633 1272 Servus
662 1215 737 1272 enim
765 1218 861 1272 vester
889 1227 968 1287 sum,
995 1215 1103 1270 iustum
1133 1218 1177 1271 est
1202 1217 1234 1269 ut

192 1297 333 1356 nobilitati
353 1303 466 1358 vestrae
487 1301 618 1374 serviam,
641 1306 670 1358 et
691 1317 765 1374 quac
784 1306 881 1358 vestra
902 1305 969 1358 sunt
992 1298 1114 1358 fideliter
1136 1303 1233 1358 custo·

193 1383 278 1443 diam.
322 1384 398 1460 Quid
423 1384 527 1460 plura?
571 1385 730 1445 Commissa
757 1393 824 1446 sunt
852 1389 879 1444 ei
907 1381 1010 1444 amnia
1055 1385 1112 1462 Qui
1139 1387 1233 1445 nocti-

193 1472 262 1546 bus,
284 1488 350 1530 cum
372 1472 503 1531 domiuus
526 1474 586 1532 eius
607 1476 675 1532 isset
697 1473 864 1548 dormitum,
896 1473 934 1532 ad
954 1490 1061 1548 primas
1083 1491 1151 1532 cum
1172 1489 1232 1532 ser-

192 1558 340 1632 desedit,
362 1560 605 1634 etpctaticnibus
627 1563 750 1620 vacavit.
794 1559 866 1618 Cum
888 1563 951 1619 ricc
976 1559 1103 1634 quedam
1122 1557 1232 1618 iocula·
1297 1597 1298 1602 κ

192 1651 284 1704 turem
304 1645 520 1720 introduxisset,
549 1654 578 1706 et
597 1646 644 1706 ille
667 1647 816 1706 dulcedine
837 1646 921 1706 fialae
944 1646 1133 1707 dormientem
1154 1648 1232 1705 exci-

193 1737 290 1806 tasset,
311 1735 437 1809 surgenti
451 1750 550 1792 servus
565 1737 694 1808 occurrit,
712 1734 823 1794 diceus:
847 1734 910 1810 Quo
925 1734 1012 1792 vultis
1025 1735 1074 1807 ire,
1097 1730 1232 1792 domine?

192 1818 397 1894 Respondente
424 1819 489 1886 illo:
520 1820 676 1879 Melcdiam
705 1821 789 1879 audio
819 1821 1024 1894 dulcissimam,
1056 1819 1109 1878 scd
1138 1821 1231 1880 nescio
1258 1889 1261 1900 ,

194 1905 245 1964 ubi
266 1907 316 1982 sit3
339 1923 438 1966 servus
460 1908 617 1965 subiunxit:
639 1908 740 1966 Redite
763 1908 800 1967 ad
821 1908 928 1966 lectum
944 1914 1077 1980 vestrum,
1099 1905 1231 1966 monachi

101 2027 102 2036 κ
194 1990 403 2073 Tuycicnsesl)
436 1996 465 2052 in
494 1997 608 2070 organis
641 2001 764 2054 cantant.
817 1992 1019 2054 NOVICIUS:
1052 1994 1129 2052 Puto
1158 1991 1233 2068 quod
1297 2015 1298 2024 ¹

193 2087 322 2155 peccent,
345 2079 393 2156 qui
415 2083 455 2140 sic
474 2080 616 2156 simplices
636 2082 760 2140 irrident.
802 2080 1035 2164 MONACHUS:
1057 2079 1124 2140 Hoc
1146 2079 1232 2138 fixum
1297 2107 1298 2110 ¹

194 2170 301 2226 teneas.
344 2166 422 2226 Audi
450 2167 517 2243 duid
546 2175 661 2227 sanctus
682 2168 741 2228 Jcb
766 2167 855 2227 dicat:
883 2169 1044 2227 Dertdetur
1066 2171 1144 2226 euim
1165 2168 1232 2226 iusti

193 2253 362 2328 eiurplicitua
375 2252 406 2327 ⁵).
449 2255 542 2331 Super
563 2272 648 2329 quem
670 2255 765 2314 locum
793 2255 861 2314 dicit
883 2247 1053 2330 Gregorius:
1082 2253 1231 2321 Justorum

192 2340 359 2415 simplicitas
379 2340 517 2415 irridetur,
540 2344 606 2417 quia
627 2343 664 2400 ab
687 2343 772 2401 huius
786 2337 886 2400 muudi
905 2343 1081 2418 sapientibus
1103 2341 1230 2417 puritatis

193 2427 299 2501 virtus,
319 2427 434 2486 fatuitas
456 2427 586 2486 creditur.
630 2428 722 2488 Omne
744 2431 819 2488 enim
841 2429 918 2504 quud
938 2431 1104 2487 iunocenter
1125 2431 1229 2504 egitru,
1297 2449 1298 2452 ¹

193 2513 231 2572 ab
261 2516 301 2572 eis
327 2515 427 2589 procul
455 2515 542 2573 dubio
564 2515 682 2575 stultitia
709 2522 841 2593 putatur,
870 2522 899 2575 ct
925 2515 1060 2591 quicquid
1087 2516 1118 2572 in
1146 2528 1229 2590 opere

192 2602 298 2658 veritas
311 2602 460 2677 approbat,
474 2603 579 2660 carnali
592 2605 749 2678 sapientiae
761 2603 872 2661 fatuum
884 2598 1005 2681 sonat⁶).
1027 2599 1227 2661 NOVICIUS:

192 2686 314 2746 Videtur
343 2687 413 2746 mihi
441 2691 484 2747 vir
509 2691 682 2766 istemagr‘s
711 2690 797 2750 fuisse
819 2690 952 2764 stolidus,
981 2707 1067 2765 quam
1095 2687 1227 2763 simplex,
1297 2747 1298 2754 ,

193 2775 261 2850 quia
281 2774 447 2850 simplicitas
468 2775 618 2851 prudentia
646 2794 747 2836 carere
778 2794 836 2838 nou
858 2777 952 2836 debet.
994 2772 1226 2834 MONACHUS:

191 2859 348 2922 Prudentia
368 2865 398 2919 in
410 2858 616 2938 praecavendis
638 2863 720 2922 malis
738 2865 873 2938 consistit,
895 2865 975 2923 cuius
996 2865 1107 2922 virtutis
1129 2875 1227 2937 expers

192 2948 338 3007 nonfuit.
390 2949 482 3026 Igitur
490 2946 510 3028 ¹)
543 2949 637 3009 divino
666 2957 738 3008 nutu
764 2952 878 3010 factum
904 2956 961 3025 est,
993 2952 1081 3009 utin
1109 2947 1226 3008 ecclesia
1297 2965 1298 3002 ;

134 3100 137 3106 ,
192 3038 284 3094 saneti
306 3035 452 3110 Gereonis,
474 3039 554 3095 cuius
571 3036 697 3096 redditus
719 3037 801 3096 multi
822 3043 888 3097 suut
902 3043 930 3096 ct
951 3036 1047 3112 ampli,
1069 3035 1226 3095 cellerarius

193 3121 359 3181 efficeretur.
381 3122 452 3204 xEt,
482 3126 556 3182 sicut
582 3123 685 3199 legitm
707 3123 742 3182 de
765 3130 863 3184 sancto
885 3119 1044 3203 Josapha),
1073 3140 1138 3182 cum
1159 3116 1225 3178 nihil

191 3216 289 3268 nosset
309 3211 365 3274 nisi
383 3227 496 3285 panem,
519 3227 575 3285 quo
597 3211 781 3286 vescebatur,
802 3228 855 3271 uec
876 3210 933 3270 huc
954 3210 992 3269 ad
1012 3209 1142 3286 plenum,
1162 3207 1224 3265 Dc·
1297 3217 1298 3228 ¹

192 3297 295 3370 minus,
316 3298 362 3355 cui
383 3303 504 3372 accepta
525 3304 568 3355 est
589 3297 762 3373 simplicitas,
784 3298 926 3357 delectum
947 3299 1007 3356 eius
1028 3295 1177 3372 supplevit,
1197 3295 1224 3350 et
1297 3311 1298 3328 ¹

193 3385 297 3458 omnia,
315 3381 356 3442 ad
378 3400 451 3457 quae
473 3401 540 3442 suas
562 3401 664 3442 manus
686 3386 762 3443 misit
770 3378 806 3460 ⁹),
828 3384 981 3444 benedixit.
1024 3384 1081 3442 Die
1103 3379 1223 3458 quadam
1297 3397 1298 3444 1

191 3470 300 3528 intrans
320 3471 483 3546 granarium
505 3470 650 3546 ecclesiae,
672 3472 848 3548 cumplures
870 3477 962 3533 cattos
982 3473 1011 3529 in
1033 3487 1146 3530 annena
1166 3467 1222 3526 dis-
1297 3511 1298 3532 t

211 3669 243 3740 1)
261 3670 326 3724 ADP
343 3679 375 3723 et
395 3667 477 3740 quie.
498 3703 528 3713 -
554 3674 586 3742 2)
604 3673 645 3727 ΒΟ
669 3677 737 3726 suis
761 3677 893 3728 attavis.
914 3703 944 3714 -
970 3675 1001 3743 3)
1019 3674 1061 3726 BG
1084 3673 1221 3729 domine,

261 3744 344 3810 peti,
370 3751 449 3794 ut-
469 3743 700 3798 distrahantur
717 3754 748 3797 et
766 3745 987 3814 negligantur.
1012 3775 1041 3784 -
1064 3745 1096 3813 4)
1112 3743 1220 3799 Tullium,
1297 3769 1298 3784 2

261 3811 350 3864 Deuca.
369 3842 401 3853 -
422 3813 453 3881 5)
470 3813 518 3866 lub
538 3815 579 3880 12,
596 3816 621 3867 4.
641 3845 670 3855 -
691 3817 724 3884 6)
742 3816 845 3885 Gregor.
864 3815 950 3868 Moral.
968 3815 1000 3878 X,
1017 3815 1060 3880 29,
1083 3817 1125 3868 48.
1142 3840 1173 3852 -
1190 3807 1220 3874 7)
1297 3827 1298 3840 ¹

261 3880 424 3934 Dideu-
444 3884 476 3952 8)
494 3884 583 3938 Gener.
603 3885 646 3952 39,
663 3887 687 3938 6.
706 3916 739 3926 —
757 3887 789 3955 9)
807 3885 848 3940 BG
865 3887 1022 3937 misisset
1297 3889 1298 3912 ¹
