2654 4308
154 217 194 273 ar
465 211 693 276 nmrmorro
717 213 881 276 oounvn
949 197 958 206 ’

154 335 189 394 lis
210 335 321 412 dignior
340 337 377 395 sit
392 336 539 412 corporali,
560 337 653 413 magis
664 343 761 397 tamen
783 354 830 396 me
845 335 967 398 delectat
981 335 1079 396 audire
1094 354 1194 398 exem·

154 420 204 498 pla
225 422 336 498 deista,
356 425 424 498 quia
441 424 579 498 cqelestes
594 426 718 499 spiritus,
739 425 799 483 sive
822 424 900 499 quod
918 426 1011 484 maius
1026 431 1078 500 est,
1099 427 1194 501 ipsum

158 515 313 568 creatorem
341 511 491 587 spirituum
523 510 614 570 oculis
643 513 785 586 corporeis
807 527 893 587 posse
919 509 1029 586 videre,
1060 514 1195 574 omnibus

157 595 313 656 visionibus
334 603 486 671 antepono.
528 596 764 657 MONACHUS:
793 597 941 656 Visionem
968 615 1046 658 nunc
1074 599 1127 658 tibi
1146 617 1196 661 re-

156 682 253 757 feram,
275 682 311 742 de
333 699 391 758 qua
410 683 536 744 iudicare
558 684 662 758 dobes,
683 690 779 744 utrum
801 683 953 760 spiritualis
973 688 1068 747 sitan
1091 702 1196 763 corpo·

157 768 239 844 ralis3
260 775 303 829 est
324 773 403 830 enim
425 771 461 831 de
482 773 630 830 nativitate
653 770 767 830 Christi.
1172 781 1175 792 '

526 925 761 988 corruptura
790 928 828 988 v.
880 883 888 904 ⁸

157 1047 371 1106 Demonacte
399 1051 452 1123 qui
474 1047 622 1108 Olrriatum
644 1055 731 1124 quast
752 1056 883 1109 recenter
903 1056 1010 1110 autum
1031 1049 1106 1109 uidit
1127 1068 1195 1110 curn

531 1135 634 1194 Marsa
656 1142 684 1194 ct
705 1137 825 1211 Joeeplr.

223 1253 258 1312 In
280 1252 411 1313 Claustro
433 1255 591 1314 monachus
620 1255 736 1332 quidam
764 1259 793 1314 in
820 1274 925 1334 magna
947 1263 1008 1316 erat
1030 1255 1198 1332 devotione,

118 1367 122 1373 ·
162 1347 190 1401 et
218 1341 369 1400 videbatur
399 1341 505 1401 bonam
534 1342 591 1402 Dei
619 1361 736 1418 manum
766 1359 852 1419 snper
881 1361 912 1402 se
938 1343 1045 1404 habere
1059 1340 1085 1423 ¹).
1127 1344 1200 1404 Erat

161 1429 267 1503 quippe
292 1429 321 1485 in
343 1444 429 1503 opere
451 1447 588 1490 mannum
610 1436 758 1505 strennus,
785 1433 815 1488 in
840 1433 966 1489 oratione
989 1436 1018 1489 et
1037 1431 1200 1506 psalmodia

162 1514 292 1588 devotus,
305 1520 407 1589 potens
418 1516 455 1574 ad
465 1515 649 1592 vigilandum,
664 1522 693 1574 et
702 1517 815 1576 fervens
826 1517 863 1576 ad
875 1516 1023 1592 quodlibet
1032 1521 1201 1577 irrinnctum.
1310 1545 1311 1600 p

163 1601 292 1677 Cumque
310 1607 369 1660 tam
383 1602 491 1661 bonum
507 1605 582 1662 cirea
602 1603 707 1662 festum
730 1601 864 1662 Omnium
886 1603 1056 1663 Sanctorum
1077 1604 1200 1665 babuis-

162 1685 232 1767 set2)
255 1689 391 1763 spiritum,
414 1690 531 1765 eiusque
550 1689 659 1748 nullum
681 1688 760 1771 aut³)
782 1690 927 1749 modicum
947 1691 1116 1766 perplures
1138 1692 1201 1753 dies
1310 1715 1311 1764 l

162 1777 297 1834 sensisset
318 1774 532 1850 detrimentum,
560 1778 667 1852 coepit,
689 1794 746 1836 non
768 1783 828 1836 tam
849 1777 986 1836 audacter
1007 1795 1094 1854 quam
1115 1795 1203 1840 reve-

162 1868 256 1930 renter
290 1861 461 1932 aDomino
496 1864 629 1938 precibus
663 1857 789 1940 exigere,
816 1870 849 1922 ut
878 1881 944 1922 eum
971 1867 1000 1922 in
1027 1865 1100 1924 testo
1130 1884 1203 1926 suae

162 1951 357 2008 sanctissimae
392 1950 549 2008 nativitatis
583 1950 773 2026 qualicunque
801 1951 995 2011 consolaretur
1029 1953 1203 2014 visitatione.

162 2035 273 2094 Aderat
295 2037 354 2094 ianr
374 2035 471 2112 vigilia
492 2035 656 2096 Natiuitatis
677 2036 863 2112 Dominioac,
892 2044 920 2098 ct
940 2037 987 2097 ille
1008 2037 1132 2098 necdum
1155 2046 1202 2099 te-

163 2128 265 2200 puerat
292 2139 310 2180 a
339 2121 507 2197 devotione,
534 2140 588 2182 neo
617 2141 635 2182 a
664 2123 827 2200 supradicta
856 2124 999 2184 deiecerat
1028 2127 1203 2202 intentione,

63 2207 65 2211 ’
162 2225 347 2286 praesumens
376 2215 405 2268 et
429 2212 613 2286 praesagiens
634 2210 742 2285 aliquid
765 2211 800 2271 de
823 2211 919 2271 divina
941 2211 1111 2288 dignatione.
1154 2213 1204 2274 De

163 2300 247 2356 nocte
276 2301 374 2355 antem
401 2297 451 2354 ubi
479 2303 637 2356 surrectum
660 2297 763 2356 estad
784 2301 953 2373 matutinas,
985 2305 1081 2358 tantus
1103 2305 1205 2376 torpor

164 2384 269 2442 invasit
290 2399 393 2459 corpus
415 2385 475 2442 eins
498 2389 527 2442 et
548 2386 673 2442 animam
695 2379 799 2464 eius⁴),
824 2391 857 2444 nt
878 2387 964 2445 etiam
985 2385 1113 2445 taederet
1134 2404 1205 2447 eum

163 2472 270 2530 rivere.
312 2468 433 2528 Intravit
452 2476 549 2530 tamen
572 2470 692 2530 chorum
715 2489 780 2530 cnm
802 2472 873 2547 aliis,
898 2472 938 2531 nil
959 2471 1079 2548 psallere
1101 2473 1206 2534 valeus

165 2562 216 2616 aut
243 2555 357 2635 volens,
386 2555 577 2616 duleissimam
603 2557 681 2617 illam
710 2558 928 2618 sollemnitatem
954 2577 989 2618 cx
1011 2565 1072 2619 toto
1093 2565 1125 2619 ut
1147 2562 1205 2621 sibi

167 2642 317 2702 videbatur
351 2645 522 2718 amissurus,
556 2662 575 2704 a
610 2644 750 2704 desiderio
779 2663 832 2704 sno
860 2647 1020 2705 frustratus.
1069 2645 1207 2708 Accessit

165 2746 234 2790 vero
256 2728 294 2788 ad
317 2746 382 2788 eum
405 2730 477 2789 alius
499 2731 672 2806 monachus,
693 2731 814 2790 innuens
835 2738 868 2792 ut
888 2750 940 2809 pro
961 2735 1025 2808 ipso
1046 2751 1205 2810 responso-

94 2842 98 2848 ·
165 2819 240 2876 rium
268 2816 410 2896 decimum
439 2821 554 2876 cantare
583 2816 736 2877 debuisset.
786 2818 828 2877 At
854 2818 917 2893 ille,
952 2837 1010 2879 non
1037 2821 1206 2883 infirmitate

165 2903 357 2980 praepeditus,
379 2903 431 2963 sed
445 2903 554 2962 desidia
575 2904 713 2978 donimus,
734 2907 848 2981 signnm
869 2907 1020 2966 refutabat.
1062 2906 1110 2968 Sic
1133 2925 1205 2986 ergo

165 2991 260 3051 felices
295 2989 359 3050 illas
392 2990 503 3066 vigilias
540 2995 569 3049 ct
604 2991 742 3050 sollemne
777 2991 914 3069 gaudium
947 2993 1052 3053 infelici
1086 3002 1206 3071 torpore
1310 3045 1311 3052 ,

165 3078 350 3154 transigebat,
371 3079 477 3152 quippe
493 3093 579 3152 quem
592 3095 646 3137 uec
659 3077 781 3154 psallere
801 3096 855 3138 neo
876 3078 915 3138 ad
936 3084 1116 3156 responsoria
1136 3101 1206 3141 sur-

166 3181 233 3242 gere
254 3160 400 3244 libcbatil.
442 3163 477 3222 In
499 3163 610 3223 decima
631 3172 727 3224 tamen
748 3164 869 3226 lectione
890 3166 1024 3241 sedebat,
1050 3169 1104 3228 cibi
1125 3171 1206 3246 vigi·

165 3253 227 3312 lans
256 3249 386 3327 quidem,
415 3250 467 3310 sed
490 3251 593 3310 clausis
615 3251 720 3327 oculis,
749 3259 778 3312 et
799 3253 945 3330 cogitabat
966 3254 1112 3316 molestias
1134 3274 1205 3317 snas

233 3365 364 3418 Beniamin
398 3364 523 3432 significat
557 3367 663 3432 gratiam
698 3367 932 3434 contemplationis3
972 3369 1065 3422 liaclrcl
1099 3386 1205 3426 sensum
1240 3382 1246 3394 ·

232 3437 346 3488 rationis.
388 3433 433 3487 llla
459 3433 518 3485 dum
542 3449 589 3501 per
614 3451 743 3488 excessum
770 3439 895 3502 nascitur,
921 3439 983 3501 ista,
1008 3440 1034 3491 id
1060 3449 1099 3492 est
1121 3446 1206 3507 ratio,

232 3521 278 3573 per
295 3502 419 3556 delectum
437 3505 550 3555 moritur.
584 3504 673 3558 Nonne
690 3508 754 3558 ratio
772 3509 797 3558 in
808 3506 931 3574 Apostolo
948 3519 1048 3562 mortua
1064 3519 1127 3574 erat,
1144 3529 1205 3566 cum

232 3581 364 3641 raperetur
380 3573 411 3625 ad
430 3574 531 3625 tertium
548 3573 684 3628 coelum?“
696 3605 726 3616 -
741 3576 772 3644 l)
787 3576 860 3630 Esdr.
878 3578 897 3642 l,
916 3579 941 3642 7,
959 3579 983 3630 9.
996 3608 1028 3619 -
1043 3579 1108 3646 2)Β
1125 3580 1206 3635 han-

234 3647 341 3696 sisset.
360 3673 392 3682 -
411 3644 443 3710 3)
461 3642 502 3696 BG
518 3643 582 3696 val.
601 3672 632 3684 ·-
652 3645 684 3713 4)
701 3647 771 3697 eius
789 3662 831 3698 orn
849 3648 876 3699 B.
891 3677 920 3686 —
943 3649 957 3699 5
976 3648 1040 3700 ADP
1057 3665 1149 3718 quem
1169 3681 1201 3692 -

234 3712 370 3777 licebat,
394 3712 415 3765 G
460 3712 521 3765 uod
547 3743 577 3753 -
602 3713 745 3767 valebat.
762 3716 845 3769 Verbo
864 3717 946 3770 libet
963 3718 1097 3773 accusandi
1114 3719 1206 3774 rasum

232 3783 344 3837 adiunxit
356 3784 430 3835 etiam
438 3728 576 3853 ¹augustin.
587 3781 620 3836 de
632 3783 706 3838 civit.
718 3783 763 3838 Dei
776 3787 795 3854 l,
807 3787 839 3840 3:
854 3797 959 3856 „poetas
971 3788 1065 3842 libebat
1075 3793 1204 3845 mentiri.“
