<?xml version="1.0" encoding="UTF-8"?>
<!DOCTYPE html PUBLIC "-//W3C//DTD XHTML 1.0 Transitional//EN"
    "http://www.w3.org/TR/xhtml1/DTD/xhtml1-transitional.dtd">
<html xmlns="http://www.w3.org/1999/xhtml" xml:lang="en" lang="en">
 <head>
  <title>
</title>
<meta http-equiv="Content-Type" content="text/html;charset=utf-8" />
  <meta name='ocr-system' content='tesseract 3.04.00' />
  <meta name='ocr-capabilities' content='ocr_page ocr_carea ocr_par ocr_line ocrx_word'/>
</head>
<body>
  <div class='ocr_page' id='page_1' title='image "./caesariiheister05stragoog/caesariiheister05stragoog_0112.png"; bbox 0 0 2538 4314; ppageno 0'>
   <div class='ocr_carea' id='block_1_1' title="bbox 395 265 1107 332">
    <p class='ocr_par' dir='ltr' id='par_1_1' title="bbox 395 265 1107 332">
     <span class='ocr_line' id='line_1_1' title="bbox 395 265 1107 332; baseline 0 -2"><span class='ocrx_word' id='word_1_1' title='bbox 395 267 468 330; x_wconf 90' lang='lat' dir='ltr'><strong>DE</strong></span> <span class='ocrx_word' id='word_1_2' title='bbox 492 265 765 330; x_wconf 80' lang='lat' dir='ltr'><strong>CONTRITIONE.</strong></span> <span class='ocrx_word' id='word_1_3' title='bbox 1068 272 1107 332; x_wconf 80' lang='grc'><strong>97</strong></span> 
     </span>
    </p>
   </div>
   <div class='ocr_carea' id='block_1_2' title="bbox 63 389 1117 1428">
    <p class='ocr_par' dir='ltr' id='par_1_2' title="bbox 63 389 1117 1428">
     <span class='ocr_line' id='line_1_2' title="bbox 67 389 1108 468; baseline 0 -16"><span class='ocrx_word' id='word_1_4' title='bbox 67 389 244 467; x_wconf 73' lang='lat' dir='ltr'><strong>ritlieodima</strong></span> <span class='ocrx_word' id='word_1_5' title='bbox 265 390 327 451; x_wconf 89' lang='lat' dir='ltr'><strong>sub</strong></span> <span class='ocrx_word' id='word_1_6' title='bbox 351 409 467 468; x_wconf 86' lang='lat' dir='ltr'><strong>poena</strong></span> <span class='ocrx_word' id='word_1_7' title='bbox 490 391 804 465; x_wconf 77' lang='lat' dir='ltr'><strong>excommunicationis,</strong></span> <span class='ocrx_word' id='word_1_8' title='bbox 829 391 903 466; x_wconf 87' lang='lat' dir='ltr'><strong>patri</strong></span> <span class='ocrx_word' id='word_1_9' title='bbox 917 407 970 452; x_wconf 88' lang='lat' dir='ltr'><strong>suo</strong></span> <span class='ocrx_word' id='word_1_10' title='bbox 986 407 1108 468; x_wconf 87' lang='lat' dir='ltr'><strong>respon-</strong></span> 
     </span>
     <span class='ocr_line' id='line_1_3' title="bbox 66 477 1109 556; baseline 0 -17"><span class='ocrx_word' id='word_1_11' title='bbox 66 495 144 539; x_wconf 87' lang='lat' dir='ltr'><strong>suram</strong></span> <span class='ocrx_word' id='word_1_12' title='bbox 163 495 248 556; x_wconf 88' lang='lat' dir='ltr'><strong>snper</strong></span> <span class='ocrx_word' id='word_1_13' title='bbox 270 480 420 538; x_wconf 86' lang='lat' dir='ltr'><strong>obiectis.</strong></span> <span class='ocrx_word' id='word_1_14' title='bbox 470 477 556 538; x_wconf 84' lang='lat' dir='ltr'><strong>Venit</strong></span> <span class='ocrx_word' id='word_1_15' title='bbox 576 477 744 552; x_wconf 86' lang='lat' dir='ltr'><strong>Katherina,</strong></span> <span class='ocrx_word' id='word_1_16' title='bbox 766 478 821 537; x_wconf 92' lang='lat' dir='ltr'><strong>sub</strong></span> <span class='ocrx_word' id='word_1_17' title='bbox 842 478 921 538; x_wconf 88' lang='lat' dir='ltr'><strong>bona</strong></span> <span class='ocrx_word' id='word_1_18' title='bbox 941 484 1039 538; x_wconf 90' lang='lat' dir='ltr'><strong>tamen</strong></span> <span class='ocrx_word' id='word_1_19' title='bbox 1056 498 1109 540; x_wconf 90' lang='lat' dir='ltr'><strong>cu-</strong></span> 
     </span>
     <span class='ocr_line' id='line_1_4' title="bbox 66 563 1109 644; baseline 0.001 -18"><span class='ocrx_word' id='word_1_20' title='bbox 66 567 148 626; x_wconf 86' lang='lat' dir='ltr'><strong>stodia</strong></span> <span class='ocrx_word' id='word_1_21' title='bbox 187 565 446 643; x_wconf 84' lang='lat' dir='ltr'><strong>Allcgatum&#39;est</strong></span> <span class='ocrx_word' id='word_1_22' title='bbox 468 581 521 640; x_wconf 93' lang='lat' dir='ltr'><strong>pro</strong></span> <span class='ocrx_word' id='word_1_23' title='bbox 542 563 672 639; x_wconf 86' lang='lat' dir='ltr'><strong>Judaeo,</strong></span> <span class='ocrx_word' id='word_1_24' title='bbox 700 563 779 640; x_wconf 91' lang='lat' dir='ltr'><strong>quod</strong></span> <span class='ocrx_word' id='word_1_25' title='bbox 804 565 876 624; x_wconf 82' lang='lat' dir='ltr'><strong>iufra</strong></span> <span class='ocrx_word' id='word_1_26' title='bbox 907 582 999 624; x_wconf 88' lang='lat' dir='ltr'><strong>annos</strong></span> <span class='ocrx_word' id='word_1_27' title='bbox 1027 573 1109 644; x_wconf 88' lang='lat' dir='ltr'><strong>rapta</strong></span> 
     </span>
     <span class='ocr_line' id='line_1_5' title="bbox 65 650 1108 734; baseline 0 -22"><span class='ocrx_word' id='word_1_28' title='bbox 65 653 153 728; x_wconf 79' lang='lat' dir='ltr'><strong>lausei,</strong></span> <span class='ocrx_word' id='word_1_29' title='bbox 173 659 201 712; x_wconf 91' lang='lat' dir='ltr'><strong>et</strong></span> <span class='ocrx_word' id='word_1_30' title='bbox 222 653 379 714; x_wconf 87' lang='lat' dir='ltr'><strong>violenter</strong></span> <span class='ocrx_word' id='word_1_31' title='bbox 403 654 565 728; x_wconf 84' lang='lat' dir='ltr'><strong>baptizata.</strong></span> <span class='ocrx_word' id='word_1_32' title='bbox 597 651 636 709; x_wconf 90' lang='lat' dir='ltr'><strong>Et</strong></span> <span class='ocrx_word' id='word_1_33' title='bbox 657 651 790 710; x_wconf 75' lang='lat' dir='ltr'><strong>dirarum</strong></span> <span class='ocrx_word' id='word_1_34' title='bbox 809 650 927 728; x_wconf 88' lang='lat' dir='ltr'><strong>quidam</strong></span> <span class='ocrx_word' id='word_1_35' title='bbox 947 653 1060 728; x_wconf 88' lang='lat' dir='ltr'><strong>puellae</strong></span> <span class='ocrx_word' id='word_1_36' title='bbox 1076 651 1108 734; x_wconf 88' lang='lat'><strong>¹):</strong></span> 
     </span>
     <span class='ocr_line' id='line_1_6' title="bbox 65 737 1108 816; baseline 0.001 -16"><span class='ocrx_word' id='word_1_37' title='bbox 65 739 211 816; x_wconf 67' lang='lat' dir='ltr'><strong>Euenus,</strong></span> <span class='ocrx_word' id='word_1_38' title='bbox 234 739 356 800; x_wconf 89' lang='lat' dir='ltr'><strong>dictum</strong></span> <span class='ocrx_word' id='word_1_39' title='bbox 382 745 432 799; x_wconf 89' lang='lat' dir='ltr'><strong>est</strong></span> <span class='ocrx_word' id='word_1_40' title='bbox 454 739 547 813; x_wconf 84' lang='lat' dir='ltr'><strong>uobis,</strong></span> <span class='ocrx_word' id='word_1_41' title='bbox 569 738 648 814; x_wconf 87' lang='lat' dir='ltr'><strong>quod</strong></span> <span class='ocrx_word' id='word_1_42' title='bbox 668 739 790 798; x_wconf 83' lang='lat' dir='ltr'><strong>libenter</strong></span> <span class='ocrx_word' id='word_1_43' title='bbox 811 737 917 800; x_wconf 81' lang='lat' dir='ltr'><strong>redires</strong></span> <span class='ocrx_word' id='word_1_44' title='bbox 939 738 977 798; x_wconf 89' lang='lat' dir='ltr'><strong>ad</strong></span> <span class='ocrx_word' id='word_1_45' title='bbox 998 747 1108 816; x_wconf 89' lang='lat' dir='ltr'><strong>patrem</strong></span> 
     </span>
     <span class='ocr_line' id='line_1_7' title="bbox 65 825 1109 903; baseline 0.002 -17"><span class='ocrx_word' id='word_1_46' title='bbox 65 833 138 901; x_wconf 78' lang='lat' dir='ltr'><strong>tuum</strong></span> <span class='ocrx_word' id='word_1_47' title='bbox 156 830 429 903; x_wconf 88' lang='lat' dir='ltr'><strong>sipermittereris.</strong></span> <span class='ocrx_word' id='word_1_48' title='bbox 460 825 621 900; x_wconf 86' lang='lat' dir='ltr'><strong>Respondit</strong></span> <span class='ocrx_word' id='word_1_49' title='bbox 630 825 738 901; x_wconf 88' lang='lat' dir='ltr'><strong>puella:</strong></span> <span class='ocrx_word' id='word_1_50' title='bbox 761 825 831 900; x_wconf 81' lang='lat' dir='ltr'><strong>Quis</strong></span> <span class='ocrx_word' id='word_1_51' title='bbox 852 825 908 885; x_wconf 90' lang='lat' dir='ltr'><strong>hoc</strong></span> <span class='ocrx_word' id='word_1_52' title='bbox 931 826 1020 886; x_wconf 79' lang='lat' dir='ltr'><strong>dicit?</strong></span> <span class='ocrx_word' id='word_1_53' title='bbox 1047 829 1109 888; x_wconf 87' lang='lat' dir='ltr'><strong>Re·</strong></span> 
     </span>
     <span class='ocr_line' id='line_1_8' title="bbox 64 911 1108 990; baseline 0.001 -16"><span class='ocrx_word' id='word_1_54' title='bbox 64 913 222 990; x_wconf 81' lang='lat' dir='ltr'><strong>spondeant</strong></span> <span class='ocrx_word' id='word_1_55' title='bbox 242 915 303 973; x_wconf 87' lang='lat' dir='ltr'><strong>illi:</strong></span> <span class='ocrx_word' id='word_1_56' title='bbox 341 914 440 973; x_wconf 89' lang='lat' dir='ltr'><strong>Pater</strong></span> <span class='ocrx_word' id='word_1_57' title='bbox 462 920 537 972; x_wconf 85' lang='lat' dir='ltr'><strong>tuus</strong></span> <span class='ocrx_word' id='word_1_58' title='bbox 581 911 664 972; x_wconf 81' lang='lat' dir='ltr'><strong>Tunc</strong></span> <span class='ocrx_word' id='word_1_59' title='bbox 684 911 734 972; x_wconf 92' lang='lat' dir='ltr'><strong>illa</strong></span> <span class='ocrx_word' id='word_1_60' title='bbox 756 912 833 972; x_wconf 88' lang='lat' dir='ltr'><strong>clara</strong></span> <span class='ocrx_word' id='word_1_61' title='bbox 854 929 928 973; x_wconf 87' lang='lat' dir='ltr'><strong>roca</strong></span> <span class='ocrx_word' id='word_1_62' title='bbox 956 913 1013 974; x_wconf 89' lang='lat' dir='ltr'><strong>tale</strong></span> <span class='ocrx_word' id='word_1_63' title='bbox 1039 933 1108 990; x_wconf 90' lang='lat' dir='ltr'><strong>pro-</strong></span> 
     </span>
     <span class='ocr_line' id='line_1_9' title="bbox 64 1000 1109 1074; baseline 0.004 -16"><span class='ocrx_word' id='word_1_64' title='bbox 64 1001 115 1059; x_wconf 87' lang='lat' dir='ltr'><strong>luit</strong></span> <span class='ocrx_word' id='word_1_65' title='bbox 132 1002 270 1061; x_wconf 87' lang='lat' dir='ltr'><strong>verbum:</strong></span> <span class='ocrx_word' id='word_1_66' title='bbox 294 1001 396 1060; x_wconf 89' lang='lat' dir='ltr'><strong>Pater</strong></span> <span class='ocrx_word' id='word_1_67' title='bbox 419 1017 504 1058; x_wconf 90' lang='lat' dir='ltr'><strong>maus</strong></span> <span class='ocrx_word' id='word_1_68' title='bbox 524 1005 601 1058; x_wconf 85' lang='lat' dir='ltr'><strong>recte</strong></span> <span class='ocrx_word' id='word_1_69' title='bbox 623 1002 758 1058; x_wconf 87' lang='lat' dir='ltr'><strong>mentitus</strong></span> <span class='ocrx_word' id='word_1_70' title='bbox 781 1006 825 1058; x_wconf 90' lang='lat' dir='ltr'><strong>cst</strong></span> <span class='ocrx_word' id='word_1_71' title='bbox 844 1000 1109 1074; x_wconf 84' lang='lat' dir='ltr'><strong>permediambar-</strong></span> 
     </span>
     <span class='ocr_line' id='line_1_10' title="bbox 63 1085 1108 1162; baseline 0 -14"><span class='ocrx_word' id='word_1_72' title='bbox 63 1088 118 1148; x_wconf 86' lang='lat' dir='ltr'><strong>bam</strong></span> <span class='ocrx_word' id='word_1_73' title='bbox 136 1105 227 1148; x_wconf 89' lang='lat' dir='ltr'><strong>suam.</strong></span> <span class='ocrx_word' id='word_1_74' title='bbox 276 1089 425 1162; x_wconf 83' lang='lat' dir='ltr'><strong>Cumque</strong></span> <span class='ocrx_word' id='word_1_75' title='bbox 449 1085 544 1144; x_wconf 87' lang='lat' dir='ltr'><strong>adhue</strong></span> <span class='ocrx_word' id='word_1_76' title='bbox 565 1088 683 1144; x_wconf 82' lang='lat' dir='ltr'><strong>instaret</strong></span> <span class='ocrx_word' id='word_1_77' title='bbox 704 1085 863 1146; x_wconf 85' lang='lat' dir='ltr'><strong>advocatus</strong></span> <span class='ocrx_word' id='word_1_78' title='bbox 884 1085 1005 1162; x_wconf 88' lang='lat' dir='ltr'><strong>Judaei‚</strong></span> <span class='ocrx_word' id='word_1_79' title='bbox 1028 1106 1108 1148; x_wconf 91' lang='lat' dir='ltr'><strong>com-</strong></span> 
     </span>
     <span class='ocr_line' id='line_1_11' title="bbox 63 1167 1117 1252; baseline 0.003 -20"><span class='ocrx_word' id='word_1_80' title='bbox 63 1183 142 1234; x_wconf 87' lang='lat' dir='ltr'><strong>motus</strong></span> <span class='ocrx_word' id='word_1_81' title='bbox 164 1175 306 1235; x_wconf 69' lang='lat' dir='ltr'><strong>dominam</strong></span> <span class='ocrx_word' id='word_1_82' title='bbox 331 1171 491 1234; x_wconf 89' lang='lat' dir='ltr'><strong>Walterus</strong></span> <span class='ocrx_word' id='word_1_83' title='bbox 511 1171 614 1231; x_wconf 89' lang='lat' dir='ltr'><strong>Abbas</strong></span> <span class='ocrx_word' id='word_1_84' title='bbox 628 1172 803 1248; x_wconf 87' lang='lat' dir='ltr'><strong>Vilarieusis‚</strong></span> <span class='ocrx_word' id='word_1_85' title='bbox 825 1175 866 1232; x_wconf 90' lang='lat' dir='ltr'><strong>ait</strong></span> <span class='ocrx_word' id='word_1_86' title='bbox 886 1173 940 1231; x_wconf 90' lang='lat' dir='ltr'><strong>illi:</strong></span> <span class='ocrx_word' id='word_1_87' title='bbox 963 1167 1117 1252; x_wconf 58' lang='lat' dir='ltr'><strong>Magister,&#39;</strong></span> 
     </span>
     <span class='ocr_line' id='line_1_12' title="bbox 64 1259 1109 1338; baseline 0.002 -18"><span class='ocrx_word' id='word_1_88' title='bbox 64 1279 105 1322; x_wconf 83' lang='lat' dir='ltr'><strong>vos</strong></span> <span class='ocrx_word' id='word_1_89' title='bbox 122 1262 275 1338; x_wconf 88' lang='lat' dir='ltr'><strong>loquimini</strong></span> <span class='ocrx_word' id='word_1_90' title='bbox 301 1259 521 1322; x_wconf 87' lang='lat' dir='ltr'><strong>contraDeum</strong></span> <span class='ocrx_word' id='word_1_91' title='bbox 543 1267 573 1318; x_wconf 90' lang='lat' dir='ltr'><strong>et</strong></span> <span class='ocrx_word' id='word_1_92' title='bbox 594 1267 693 1318; x_wconf 89' lang='lat' dir='ltr'><strong>contra</strong></span> <span class='ocrx_word' id='word_1_93' title='bbox 713 1259 997 1320; x_wconf 88' lang='lat' dir='ltr'><strong>honoremvestrum.</strong></span> <span class='ocrx_word' id='word_1_94' title='bbox 1026 1262 1109 1322; x_wconf 83' lang='lat' dir='ltr'><strong>Scia·</strong></span> 
     </span>
     <span class='ocr_line' id='line_1_13' title="bbox 64 1345 1110 1428; baseline 0.002 -20"><span class='ocrx_word' id='word_1_95' title='bbox 64 1351 157 1425; x_wconf 85' lang='lat' dir='ltr'><strong>ispro</strong></span> <span class='ocrx_word' id='word_1_96' title='bbox 179 1355 273 1424; x_wconf 90' lang='lat' dir='ltr'><strong>certo,</strong></span> <span class='ocrx_word' id='word_1_97' title='bbox 298 1345 360 1428; x_wconf 66' lang='lat' dir='ltr'><strong>sia)</strong></span> <span class='ocrx_word' id='word_1_98' title='bbox 386 1345 485 1406; x_wconf 90' lang='lat' dir='ltr'><strong>adhue</strong></span> <span class='ocrx_word' id='word_1_99' title='bbox 505 1365 595 1404; x_wconf 92' lang='lat' dir='ltr'><strong>uuum</strong></span> <span class='ocrx_word' id='word_1_100' title='bbox 616 1347 737 1406; x_wconf 89' lang='lat' dir='ltr'><strong>verbum</strong></span> <span class='ocrx_word' id='word_1_101' title='bbox 758 1346 871 1406; x_wconf 88' lang='lat' dir='ltr'><strong>locutus</strong></span> <span class='ocrx_word' id='word_1_102' title='bbox 892 1348 1000 1407; x_wconf 86' lang='lat' dir='ltr'><strong>fueritis</strong></span> <span class='ocrx_word' id='word_1_103' title='bbox 1012 1357 1110 1411; x_wconf 77' lang='lat' dir='ltr'><strong>couba</strong></span> 
     </span>
    </p>
   </div>
   <div class='ocr_carea' id='block_1_3' title="bbox 63 1432 1206 1514">
    <p class='ocr_par' dir='ltr' id='par_1_3' title="bbox 63 1432 1206 1514">
     <span class='ocr_line' id='line_1_14' title="bbox 63 1432 1206 1514; baseline 0.003 -20"><span class='ocrx_word' id='word_1_104' title='bbox 63 1436 181 1514; x_wconf 77' lang='lat' dir='ltr'><strong>puellam</strong></span> <span class='ocrx_word' id='word_1_105' title='bbox 205 1453 264 1514; x_wconf 85' lang='lat' dir='ltr'><strong>ego</strong></span> <span class='ocrx_word' id='word_1_106' title='bbox 288 1435 444 1494; x_wconf 81' lang='lat' dir='ltr'><strong>laborabo</strong></span> <span class='ocrx_word' id='word_1_107' title='bbox 467 1432 544 1508; x_wconf 90' lang='lat' dir='ltr'><strong>apud</strong></span> <span class='ocrx_word' id='word_1_108' title='bbox 567 1432 712 1492; x_wconf 89' lang='lat' dir='ltr'><strong>dominum</strong></span> <span class='ocrx_word' id='word_1_109' title='bbox 734 1433 863 1508; x_wconf 86' lang='lat' dir='ltr'><strong>Papam,</strong></span> <span class='ocrx_word' id='word_1_110' title='bbox 886 1440 918 1492; x_wconf 88' lang='lat' dir='ltr'><strong>ut</strong></span> <span class='ocrx_word' id='word_1_111' title='bbox 939 1443 1109 1511; x_wconf 88' lang='lat' dir='ltr'><strong>perpetuum</strong></span> <span class='ocrx_word' id='word_1_112' title='bbox 1198 1467 1206 1484; x_wconf 84' lang='lat'>·</span> 
     </span>
    </p>
   </div>
   <div class='ocr_carea' id='block_1_4' title="bbox 63 1521 1141 3076">
    <p class='ocr_par' dir='ltr' id='par_1_4' title="bbox 63 1521 1141 3076">
     <span class='ocr_line' id='line_1_15' title="bbox 63 1521 1110 1608; baseline 0.003 -28"><span class='ocrx_word' id='word_1_113' title='bbox 63 1525 132 1583; x_wconf 85' lang='lat' dir='ltr'><strong>robis</strong></span> <span class='ocrx_word' id='word_1_114' title='bbox 153 1527 183 1583; x_wconf 92' lang='lat' dir='ltr'><strong>in</strong></span> <span class='ocrx_word' id='word_1_115' title='bbox 206 1525 356 1583; x_wconf 90' lang='lat' dir='ltr'><strong>omnibus</strong></span> <span class='ocrx_word' id='word_1_116' title='bbox 381 1522 478 1580; x_wconf 89' lang='lat' dir='ltr'><strong>causis</strong></span> <span class='ocrx_word' id='word_1_117' title='bbox 498 1522 628 1596; x_wconf 89' lang='lat' dir='ltr'><strong>imponat</strong></span> <span class='ocrx_word' id='word_1_118' title='bbox 649 1521 800 1608; x_wconf 80' lang='lat' dir='ltr'><strong>silentium.</strong></span> <span class='ocrx_word' id='word_1_119' title='bbox 844 1521 926 1580; x_wconf 85' lang='lat' dir='ltr'><strong>Tunc</strong></span> <span class='ocrx_word' id='word_1_120' title='bbox 939 1522 986 1581; x_wconf 91' lang='lat' dir='ltr'><strong>ille</strong></span> <span class='ocrx_word' id='word_1_121' title='bbox 999 1527 1110 1598; x_wconf 85' lang='lat' dir='ltr'><strong>timeus,</strong></span> 
     </span>
     <span class='ocr_line' id='line_1_16' title="bbox 63 1605 1109 1687; baseline 0.003 -20"><span class='ocrx_word' id='word_1_122' title='bbox 63 1618 158 1670; x_wconf 86' lang='lat' dir='ltr'><strong>secrete</strong></span> <span class='ocrx_word' id='word_1_123' title='bbox 178 1609 345 1687; x_wconf 90' lang='lat' dir='ltr'><strong>respondit</strong></span> <span class='ocrx_word' id='word_1_124' title='bbox 367 1607 495 1668; x_wconf 85' lang='lat' dir='ltr'><strong>Abbati:</strong></span> <span class='ocrx_word' id='word_1_125' title='bbox 526 1607 652 1668; x_wconf 87' lang='lat' dir='ltr'><strong>Domine</strong></span> <span class='ocrx_word' id='word_1_126' title='bbox 673 1605 789 1681; x_wconf 84' lang='lat' dir='ltr'><strong>Abbas,</strong></span> <span class='ocrx_word' id='word_1_127' title='bbox 812 1606 880 1682; x_wconf 88' lang='lat' dir='ltr'><strong>quid</strong></span> <span class='ocrx_word' id='word_1_128' title='bbox 901 1616 987 1668; x_wconf 89' lang='lat' dir='ltr'><strong>nocet</strong></span> <span class='ocrx_word' id='word_1_129' title='bbox 1007 1611 1109 1685; x_wconf 85' lang='lat' dir='ltr'><strong>vobis,</strong></span> 
     </span>
     <span class='ocr_line' id='line_1_17' title="bbox 63 1693 1110 1776; baseline 0.002 -21"><span class='ocrx_word' id='word_1_130' title='bbox 63 1699 83 1755; x_wconf 91' lang='lat' dir='ltr'><strong>si</strong></span> <span class='ocrx_word' id='word_1_131' title='bbox 99 1703 195 1774; x_wconf 87' lang='lat' dir='ltr'><strong>potero</strong></span> <span class='ocrx_word' id='word_1_132' title='bbox 218 1699 391 1776; x_wconf 88' lang='lat' dir='ltr'><strong>pecuniam</strong></span> <span class='ocrx_word' id='word_1_133' title='bbox 415 1701 583 1769; x_wconf 89' lang='lat' dir='ltr'><strong>extorquere</strong></span> <span class='ocrx_word' id='word_1_134' title='bbox 605 1713 623 1753; x_wconf 89' lang='lat' dir='ltr'><strong>a</strong></span> <span class='ocrx_word' id='word_1_135' title='bbox 644 1693 781 1755; x_wconf 83' lang='lat' dir='ltr'><strong>Judaeoi</strong></span> <span class='ocrx_word' id='word_1_136' title='bbox 824 1694 887 1771; x_wconf 85' lang='lat' dir='ltr'><strong>Ego</strong></span> <span class='ocrx_word' id='word_1_137' title='bbox 918 1695 989 1754; x_wconf 89' lang='lat' dir='ltr'><strong>nihil</strong></span> <span class='ocrx_word' id='word_1_138' title='bbox 1008 1696 1110 1772; x_wconf 92' lang='lat' dir='ltr'><strong>loquar</strong></span> 
     </span>
     <span class='ocr_line' id='line_1_18' title="bbox 64 1780 1110 1859; baseline 0 -17"><span class='ocrx_word' id='word_1_139' title='bbox 64 1785 131 1858; x_wconf 90' lang='lat' dir='ltr'><strong>quod</strong></span> <span class='ocrx_word' id='word_1_140' title='bbox 157 1787 269 1845; x_wconf 89' lang='lat' dir='ltr'><strong>obesse</strong></span> <span class='ocrx_word' id='word_1_141' title='bbox 300 1783 417 1859; x_wconf 87' lang='lat' dir='ltr'><strong>poterit</strong></span> <span class='ocrx_word' id='word_1_142' title='bbox 451 1780 572 1856; x_wconf 88' lang='lat' dir='ltr'><strong>puellae.</strong></span> <span class='ocrx_word' id='word_1_143' title='bbox 622 1781 678 1858; x_wconf 88' lang='lat' dir='ltr'><strong>Qui</strong></span> <span class='ocrx_word' id='word_1_144' title='bbox 706 1798 773 1840; x_wconf 84' lang='lat' dir='ltr'><strong>mox</strong></span> <span class='ocrx_word' id='word_1_145' title='bbox 802 1786 834 1840; x_wconf 90' lang='lat' dir='ltr'><strong>ut</strong></span> <span class='ocrx_word' id='word_1_146' title='bbox 863 1780 997 1842; x_wconf 90' lang='lat' dir='ltr'><strong>salarium</strong></span> <span class='ocrx_word' id='word_1_147' title='bbox 1026 1802 1110 1842; x_wconf 90' lang='lat' dir='ltr'><strong>suum</strong></span> 
     </span>
     <span class='ocr_line' id='line_1_19' title="bbox 63 1867 1108 1948; baseline -0.001 -18"><span class='ocrx_word' id='word_1_148' title='bbox 63 1873 175 1948; x_wconf 88' lang='lat' dir='ltr'><strong>accepit,</strong></span> <span class='ocrx_word' id='word_1_149' title='bbox 206 1872 286 1930; x_wconf 83' lang='lat' dir='ltr'><strong>dixit</strong></span> <span class='ocrx_word' id='word_1_150' title='bbox 310 1869 448 1930; x_wconf 85' lang='lat' dir='ltr'><strong>Judaeo:</strong></span> <span class='ocrx_word' id='word_1_151' title='bbox 480 1868 546 1928; x_wconf 91' lang='lat' dir='ltr'><strong>Non</strong></span> <span class='ocrx_word' id='word_1_152' title='bbox 576 1867 668 1927; x_wconf 91' lang='lat' dir='ltr'><strong>audeo</strong></span> <span class='ocrx_word' id='word_1_153' title='bbox 697 1868 732 1926; x_wconf 89' lang='lat' dir='ltr'><strong>de</strong></span> <span class='ocrx_word' id='word_1_154' title='bbox 761 1874 856 1927; x_wconf 88' lang='lat' dir='ltr'><strong>cetero</strong></span> <span class='ocrx_word' id='word_1_155' title='bbox 888 1868 967 1944; x_wconf 87' lang='lat' dir='ltr'><strong>loqui</strong></span> <span class='ocrx_word' id='word_1_156' title='bbox 997 1870 1032 1929; x_wconf 88' lang='lat' dir='ltr'><strong>da</strong></span> <span class='ocrx_word' id='word_1_157' title='bbox 1054 1870 1108 1930; x_wconf 87' lang='lat' dir='ltr'><strong>hac</strong></span> 
     </span>
     <span class='ocr_line' id='line_1_20' title="bbox 63 1953 1110 2033; baseline -0.001 -17"><span class='ocrx_word' id='word_1_158' title='bbox 63 1975 148 2018; x_wconf 85' lang='lat' dir='ltr'><strong>causa</strong></span> <span class='ocrx_word' id='word_1_159' title='bbox 191 1958 289 2018; x_wconf 80' lang='lat' dir='ltr'><strong>Anno</strong></span> <span class='ocrx_word' id='word_1_160' title='bbox 314 1957 487 2033; x_wconf 86' lang='lat' dir='ltr'><strong>praeterito,</strong></span> <span class='ocrx_word' id='word_1_161' title='bbox 516 1953 631 2030; x_wconf 86' lang='lat' dir='ltr'><strong>quando</strong></span> <span class='ocrx_word' id='word_1_162' title='bbox 654 1954 784 2013; x_wconf 89' lang='lat' dir='ltr'><strong>dominus</strong></span> <span class='ocrx_word' id='word_1_163' title='bbox 806 1955 894 2014; x_wconf 90' lang='lat' dir='ltr'><strong>Wido</strong></span> <span class='ocrx_word' id='word_1_164' title='bbox 916 1955 1018 2015; x_wconf 87' lang='lat' dir='ltr'><strong>Abbas</strong></span> <span class='ocrx_word' id='word_1_165' title='bbox 1042 1957 1110 2016; x_wconf 87' lang='lat' dir='ltr'><strong>Cla-</strong></span> 
     </span>
     <span class='ocr_line' id='line_1_21' title="bbox 64 2041 1141 2118; baseline -0.002 -14"><span class='ocrx_word' id='word_1_166' title='bbox 64 2045 184 2104; x_wconf 85' lang='lat' dir='ltr'><strong>taerallis</strong></span> <span class='ocrx_word' id='word_1_167' title='bbox 213 2046 358 2104; x_wconf 87' lang='lat' dir='ltr'><strong>visitavit</strong></span> <span class='ocrx_word' id='word_1_168' title='bbox 386 2044 416 2101; x_wconf 92' lang='lat' dir='ltr'><strong>in</strong></span> <span class='ocrx_word' id='word_1_169' title='bbox 443 2042 619 2117; x_wconf 86' lang='lat' dir='ltr'><strong>Episcopatu</strong></span> <span class='ocrx_word' id='word_1_170' title='bbox 650 2041 814 2116; x_wconf 87' lang='lat' dir='ltr'><strong>Leodiensi‚</strong></span> <span class='ocrx_word' id='word_1_171' title='bbox 844 2041 967 2101; x_wconf 88' lang='lat' dir='ltr'><strong>eundem</strong></span> <span class='ocrx_word' id='word_1_172' title='bbox 988 2043 1110 2118; x_wconf 89' lang='lat' dir='ltr'><strong>Episeo-</strong></span> <span class='ocrx_word' id='word_1_173' title='bbox 1136 2089 1141 2110; x_wconf 77' lang='grc'>,</span> 
     </span>
     <span class='ocr_line' id='line_1_22' title="bbox 64 2130 1110 2206; baseline 0.001 -17"><span class='ocrx_word' id='word_1_174' title='bbox 64 2148 122 2206; x_wconf 88' lang='lat' dir='ltr'><strong>pum</strong></span> <span class='ocrx_word' id='word_1_175' title='bbox 148 2134 313 2206; x_wconf 84' lang='lat' dir='ltr'><strong>convenit,</strong></span> <span class='ocrx_word' id='word_1_176' title='bbox 345 2131 457 2188; x_wconf 90' lang='lat' dir='ltr'><strong>monuit</strong></span> <span class='ocrx_word' id='word_1_177' title='bbox 484 2135 513 2187; x_wconf 91' lang='lat' dir='ltr'><strong>et</strong></span> <span class='ocrx_word' id='word_1_178' title='bbox 541 2131 667 2205; x_wconf 86' lang='lat' dir='ltr'><strong>rogarit,</strong></span> <span class='ocrx_word' id='word_1_179' title='bbox 697 2135 837 2204; x_wconf 89' lang='lat' dir='ltr'><strong>quatenus</strong></span> <span class='ocrx_word' id='word_1_180' title='bbox 864 2131 967 2188; x_wconf 89' lang='lat' dir='ltr'><strong>intuitu</strong></span> <span class='ocrx_word' id='word_1_181' title='bbox 996 2130 1052 2189; x_wconf 90' lang='lat' dir='ltr'><strong>Dei</strong></span> <span class='ocrx_word' id='word_1_182' title='bbox 1082 2139 1110 2190; x_wconf 88' lang='lat' dir='ltr'><strong>et</strong></span> 
     </span>
     <span class='ocr_line' id='line_1_23' title="bbox 64 2215 1110 2290; baseline 0.002 -16"><span class='ocrx_word' id='word_1_183' title='bbox 64 2217 167 2278; x_wconf 88' lang='lat' dir='ltr'><strong>honoris</strong></span> <span class='ocrx_word' id='word_1_184' title='bbox 190 2221 240 2279; x_wconf 90' lang='lat' dir='ltr'><strong>sui</strong></span> <span class='ocrx_word' id='word_1_185' title='bbox 264 2222 403 2278; x_wconf 85' lang='lat' dir='ltr'><strong>cessaret</strong></span> <span class='ocrx_word' id='word_1_186' title='bbox 425 2233 442 2273; x_wconf 91' lang='lat' dir='ltr'><strong>a</strong></span> <span class='ocrx_word' id='word_1_187' title='bbox 464 2219 614 2274; x_wconf 86' lang='lat' dir='ltr'><strong>vexatione</strong></span> <span class='ocrx_word' id='word_1_188' title='bbox 635 2215 748 2290; x_wconf 90' lang='lat' dir='ltr'><strong>puellae</strong></span> <span class='ocrx_word' id='word_1_189' title='bbox 774 2219 832 2273; x_wconf 91' lang='lat' dir='ltr'><strong>iam</strong></span> <span class='ocrx_word' id='word_1_190' title='bbox 855 2215 967 2275; x_wconf 80' lang='lat' dir='ltr'><strong>Christo</strong></span> <span class='ocrx_word' id='word_1_191' title='bbox 991 2217 1110 2278; x_wconf 88' lang='lat' dir='ltr'><strong>dicatae.</strong></span> 
     </span>
     <span class='ocr_line' id='line_1_24' title="bbox 64 2301 1110 2383; baseline 0.002 -20"><span class='ocrx_word' id='word_1_192' title='bbox 64 2304 110 2363; x_wconf 76' lang='lat' dir='ltr'><strong>Oui</strong></span> <span class='ocrx_word' id='word_1_193' title='bbox 127 2305 310 2383; x_wconf 83' lang='lat' dir='ltr'><strong>Episcopus</strong></span> <span class='ocrx_word' id='word_1_194' title='bbox 331 2301 496 2378; x_wconf 88' lang='lat' dir='ltr'><strong>respondit:</strong></span> <span class='ocrx_word' id='word_1_195' title='bbox 517 2303 600 2361; x_wconf 90' lang='lat' dir='ltr'><strong>Bone</strong></span> <span class='ocrx_word' id='word_1_196' title='bbox 622 2303 734 2362; x_wconf 90' lang='lat' dir='ltr'><strong>domine</strong></span> <span class='ocrx_word' id='word_1_197' title='bbox 756 2301 874 2377; x_wconf 87' lang='lat' dir='ltr'><strong>Abbas,</strong></span> <span class='ocrx_word' id='word_1_198' title='bbox 907 2303 975 2379; x_wconf 91' lang='lat' dir='ltr'><strong>quid</strong></span> <span class='ocrx_word' id='word_1_199' title='bbox 997 2302 1035 2363; x_wconf 91' lang='lat' dir='ltr'><strong>ad</strong></span> <span class='ocrx_word' id='word_1_200' title='bbox 1056 2323 1110 2365; x_wconf 86' lang='lat' dir='ltr'><strong>vos</strong></span> 
     </span>
     <span class='ocr_line' id='line_1_25' title="bbox 65 2389 1108 2472; baseline 0.003 -24"><span class='ocrx_word' id='word_1_201' title='bbox 65 2389 95 2450; x_wconf 89' lang='lat' dir='ltr'><strong>de</strong></span> <span class='ocrx_word' id='word_1_202' title='bbox 114 2410 204 2454; x_wconf 85' lang='lat' dir='ltr'><strong>causa</strong></span> <span class='ocrx_word' id='word_1_203' title='bbox 225 2389 320 2452; x_wconf 78' lang='lat' dir='ltr'><strong>ista?</strong></span> <span class='ocrx_word' id='word_1_204' title='bbox 364 2389 522 2466; x_wconf 90' lang='lat' dir='ltr'><strong>Respondit</strong></span> <span class='ocrx_word' id='word_1_205' title='bbox 541 2389 659 2448; x_wconf 86' lang='lat' dir='ltr'><strong>Abbas:</strong></span> <span class='ocrx_word' id='word_1_206' title='bbox 680 2390 760 2449; x_wconf 89' lang='lat' dir='ltr'><strong>Beue</strong></span> <span class='ocrx_word' id='word_1_207' title='bbox 783 2389 821 2448; x_wconf 92' lang='lat' dir='ltr'><strong>ad</strong></span> <span class='ocrx_word' id='word_1_208' title='bbox 841 2407 896 2465; x_wconf 85' lang='lat' dir='ltr'><strong>me,</strong></span> <span class='ocrx_word' id='word_1_209' title='bbox 918 2389 1024 2466; x_wconf 87' lang='lat' dir='ltr'><strong>duplici</strong></span> <span class='ocrx_word' id='word_1_210' title='bbox 1045 2389 1108 2472; x_wconf 64' lang='lat' dir='ltr'><strong>exi)</strong></span> 
     </span>
     <span class='ocr_line' id='line_1_26' title="bbox 64 2476 1111 2554; baseline -0.002 -14"><span class='ocrx_word' id='word_1_211' title='bbox 64 2494 171 2546; x_wconf 22' lang='lat' dir='ltr'><strong>musas</strong></span> <span class='ocrx_word' id='word_1_212' title='bbox 196 2479 322 2552; x_wconf 87' lang='lat' dir='ltr'><strong>Primo,</strong></span> <span class='ocrx_word' id='word_1_213' title='bbox 344 2480 410 2552; x_wconf 92' lang='lat' dir='ltr'><strong>quia</strong></span> <span class='ocrx_word' id='word_1_214' title='bbox 429 2477 517 2536; x_wconf 88' lang='lat' dir='ltr'><strong>homo</strong></span> <span class='ocrx_word' id='word_1_215' title='bbox 541 2476 716 2536; x_wconf 84' lang='lat' dir='ltr'><strong>Christianus</strong></span> <span class='ocrx_word' id='word_1_216' title='bbox 738 2495 822 2552; x_wconf 88' lang='lat' dir='ltr'><strong>sum;</strong></span> <span class='ocrx_word' id='word_1_217' title='bbox 843 2478 1020 2552; x_wconf 88' lang='lat' dir='ltr'><strong>secundario,</strong></span> <span class='ocrx_word' id='word_1_218' title='bbox 1043 2479 1111 2554; x_wconf 90' lang='lat' dir='ltr'><strong>quia</strong></span> 
     </span>
     <span class='ocr_line' id='line_1_27' title="bbox 66 2559 1109 2644; baseline 0.002 -22"><span class='ocrx_word' id='word_1_219' title='bbox 66 2563 159 2626; x_wconf 89' lang='lat' dir='ltr'><strong>domus</strong></span> <span class='ocrx_word' id='word_1_220' title='bbox 179 2566 244 2642; x_wconf 79' lang='lat' dir='ltr'><strong>illa,</strong></span> <span class='ocrx_word' id='word_1_221' title='bbox 268 2567 307 2622; x_wconf 90' lang='lat' dir='ltr'><strong>in</strong></span> <span class='ocrx_word' id='word_1_222' title='bbox 329 2581 385 2640; x_wconf 88' lang='lat' dir='ltr'><strong>qua</strong></span> <span class='ocrx_word' id='word_1_223' title='bbox 407 2559 529 2644; x_wconf 59' lang='lat' dir='ltr'><strong>degeat),</strong></span> <span class='ocrx_word' id='word_1_224' title='bbox 552 2563 588 2622; x_wconf 89' lang='lat' dir='ltr'><strong>dc</strong></span> <span class='ocrx_word' id='word_1_225' title='bbox 609 2562 684 2622; x_wconf 89' lang='lat' dir='ltr'><strong>linea</strong></span> <span class='ocrx_word' id='word_1_226' title='bbox 707 2563 890 2622; x_wconf 84' lang='lat' dir='ltr'><strong>Claraevallis</strong></span> <span class='ocrx_word' id='word_1_227' title='bbox 913 2571 964 2623; x_wconf 83' lang='lat' dir='ltr'><strong>est.</strong></span> <span class='ocrx_word' id='word_1_228' title='bbox 1006 2566 1045 2624; x_wconf 92' lang='lat' dir='ltr'><strong>Et</strong></span> <span class='ocrx_word' id='word_1_229' title='bbox 1055 2566 1109 2624; x_wconf 89' lang='lat' dir='ltr'><strong>ad-</strong></span> 
     </span>
     <span class='ocr_line' id='line_1_28' title="bbox 65 2650 1110 2728; baseline 0.004 -20"><span class='ocrx_word' id='word_1_230' title='bbox 65 2652 137 2712; x_wconf 87' lang='lat' dir='ltr'><strong>ieclt:</strong></span> <span class='ocrx_word' id='word_1_231' title='bbox 170 2652 319 2712; x_wconf 82' lang='lat' dir='ltr'><strong>Puellam</strong></span> <span class='ocrx_word' id='word_1_232' title='bbox 341 2658 369 2709; x_wconf 90' lang='lat' dir='ltr'><strong>et</strong></span> <span class='ocrx_word' id='word_1_233' title='bbox 390 2668 507 2710; x_wconf 88' lang='lat' dir='ltr'><strong>eausam</strong></span> <span class='ocrx_word' id='word_1_234' title='bbox 529 2651 590 2710; x_wconf 88' lang='lat' dir='ltr'><strong>eius</strong></span> <span class='ocrx_word' id='word_1_235' title='bbox 611 2651 664 2710; x_wconf 89' lang='lat' dir='ltr'><strong>sub</strong></span> <span class='ocrx_word' id='word_1_236' title='bbox 686 2653 863 2726; x_wconf 88' lang='lat' dir='ltr'><strong>protectione</strong></span> <span class='ocrx_word' id='word_1_237' title='bbox 885 2650 991 2728; x_wconf 85' lang='lat' dir='ltr'><strong>domini</strong></span> <span class='ocrx_word' id='word_1_238' title='bbox 1012 2653 1110 2728; x_wconf 83' lang='lat' dir='ltr'><strong>Papae</strong></span> 
     </span>
     <span class='ocr_line' id='line_1_29' title="bbox 67 2737 1110 2816; baseline 0.004 -20"><span class='ocrx_word' id='word_1_239' title='bbox 67 2742 214 2816; x_wconf 88' lang='lat' dir='ltr'><strong>constituo,</strong></span> <span class='ocrx_word' id='word_1_240' title='bbox 239 2745 273 2799; x_wconf 86' lang='lat' dir='ltr'><strong>et</strong></span> <span class='ocrx_word' id='word_1_241' title='bbox 300 2755 385 2814; x_wconf 88' lang='lat' dir='ltr'><strong>super</strong></span> <span class='ocrx_word' id='word_1_242' title='bbox 403 2737 499 2796; x_wconf 83' lang='lat' dir='ltr'><strong>literas</strong></span> <span class='ocrx_word' id='word_1_243' title='bbox 520 2743 619 2796; x_wconf 88' lang='lat' dir='ltr'><strong>contra</strong></span> <span class='ocrx_word' id='word_1_244' title='bbox 639 2737 717 2796; x_wconf 92' lang='lat' dir='ltr'><strong>illam</strong></span> <span class='ocrx_word' id='word_1_245' title='bbox 738 2755 757 2798; x_wconf 90' lang='lat' dir='ltr'><strong>a</strong></span> <span class='ocrx_word' id='word_1_246' title='bbox 778 2738 861 2798; x_wconf 86' lang='lat' dir='ltr'><strong>vobis</strong></span> <span class='ocrx_word' id='word_1_247' title='bbox 884 2737 965 2798; x_wconf 92' lang='lat' dir='ltr'><strong>datas</strong></span> <span class='ocrx_word' id='word_1_248' title='bbox 987 2739 1110 2816; x_wconf 89' lang='lat' dir='ltr'><strong>appello.</strong></span> 
     </span>
     <span class='ocr_line' id='line_1_30' title="bbox 67 2823 1111 2902; baseline 0.003 -19"><span class='ocrx_word' id='word_1_249' title='bbox 67 2824 206 2902; x_wconf 82' lang='lat' dir='ltr'><strong>Tempore</strong></span> <span class='ocrx_word' id='word_1_250' title='bbox 230 2823 364 2900; x_wconf 83' lang='lat' dir='ltr'><strong>Capituli</strong></span> <span class='ocrx_word' id='word_1_251' title='bbox 394 2823 550 2901; x_wconf 84' lang='lat' dir='ltr'><strong>generalis,</strong></span> <span class='ocrx_word' id='word_1_252' title='bbox 584 2823 681 2882; x_wconf 88' lang='lat' dir='ltr'><strong>literas</strong></span> <span class='ocrx_word' id='word_1_253' title='bbox 703 2843 731 2884; x_wconf 72' lang='lat' dir='ltr'><strong>va</strong></span> <span class='ocrx_word' id='word_1_254' title='bbox 760 2823 874 2884; x_wconf 91' lang='lat' dir='ltr'><strong>domino</strong></span> <span class='ocrx_word' id='word_1_255' title='bbox 901 2826 985 2901; x_wconf 91' lang='lat' dir='ltr'><strong>Papa</strong></span> <span class='ocrx_word' id='word_1_256' title='bbox 1012 2833 1111 2886; x_wconf 89' lang='lat' dir='ltr'><strong>contra</strong></span> 
     </span>
     <span class='ocr_line' id='line_1_31' title="bbox 67 2909 1111 2994; baseline 0.004 -25"><span class='ocrx_word' id='word_1_257' title='bbox 67 2911 246 2990; x_wconf 84' lang='lat' dir='ltr'><strong>Episcopum</strong></span> <span class='ocrx_word' id='word_1_258' title='bbox 269 2914 454 2994; x_wconf 75' lang='lat' dir='ltr'><strong>impetratas,</strong></span> <span class='ocrx_word' id='word_1_259' title='bbox 475 2927 528 2986; x_wconf 89' lang='lat' dir='ltr'><strong>per</strong></span> <span class='ocrx_word' id='word_1_260' title='bbox 547 2909 695 2970; x_wconf 81' lang='lat' dir='ltr'><strong>Abbatem</strong></span> <span class='ocrx_word' id='word_1_261' title='bbox 715 2918 844 2971; x_wconf 90' lang='lat' dir='ltr'><strong>nostrum</strong></span> <span class='ocrx_word' id='word_1_262' title='bbox 866 2915 942 2972; x_wconf 90' lang='lat' dir='ltr'><strong>misit</strong></span> <span class='ocrx_word' id='word_1_263' title='bbox 961 2913 1054 2971; x_wconf 89' lang='lat' dir='ltr'><strong>Priori</strong></span> <span class='ocrx_word' id='word_1_264' title='bbox 1075 2912 1111 2973; x_wconf 88' lang='lat' dir='ltr'><strong>dc</strong></span> 
     </span>
     <span class='ocr_line' id='line_1_32' title="bbox 69 2991 1112 3076; baseline 0.003 -21"><span class='ocrx_word' id='word_1_265' title='bbox 69 2997 165 3076; x_wconf 84' lang='lat' dir='ltr'><strong>Pareo,</strong></span> <span class='ocrx_word' id='word_1_266' title='bbox 186 3008 224 3060; x_wconf 91' lang='lat' dir='ltr'><strong>ut</strong></span> <span class='ocrx_word' id='word_1_267' title='bbox 248 3001 277 3058; x_wconf 91' lang='lat' dir='ltr'><strong>si</strong></span> <span class='ocrx_word' id='word_1_268' title='bbox 297 2998 369 3058; x_wconf 84' lang='lat' dir='ltr'><strong>sorte</strong></span> <span class='ocrx_word' id='word_1_269' title='bbox 378 2997 539 3074; x_wconf 87' lang='lat' dir='ltr'><strong>Episcopus</strong></span> <span class='ocrx_word' id='word_1_270' title='bbox 560 2997 656 3056; x_wconf 92' lang='lat' dir='ltr'><strong>adhuc</strong></span> <span class='ocrx_word' id='word_1_271' title='bbox 678 2991 850 3058; x_wconf 86' lang='lat' dir='ltr'><strong>conventum</strong></span> <span class='ocrx_word' id='word_1_272' title='bbox 870 3016 975 3059; x_wconf 86' lang='lat' dir='ltr'><strong>vexare</strong></span> <span class='ocrx_word' id='word_1_273' title='bbox 996 3007 1112 3076; x_wconf 90' lang='lat' dir='ltr'><strong>propter</strong></span> 
     </span>
    </p>
   </div>
   <div class='ocr_carea' id='block_1_5' title="bbox 70 3081 1115 3597">
    <p class='ocr_par' dir='ltr' id='par_1_5' title="bbox 70 3081 1115 3597">
     <span class='ocr_line' id='line_1_33' title="bbox 70 3081 1112 3164; baseline 0.002 -20"><span class='ocrx_word' id='word_1_274' title='bbox 70 3085 192 3160; x_wconf 84' lang='lat' dir='ltr'><strong>puellam</strong></span> <span class='ocrx_word' id='word_1_275' title='bbox 215 3091 382 3160; x_wconf 87' lang='lat' dir='ltr'><strong>attentaret,</strong></span> <span class='ocrx_word' id='word_1_276' title='bbox 404 3084 512 3144; x_wconf 90' lang='lat' dir='ltr'><strong>eisdem</strong></span> <span class='ocrx_word' id='word_1_277' title='bbox 532 3081 564 3144; x_wconf 80' lang='lat' dir='ltr'><strong>&#39;sc</strong></span> <span class='ocrx_word' id='word_1_278' title='bbox 572 3082 591 3164; x_wconf 89' lang='lat'><strong>⁵)</strong></span> <span class='ocrx_word' id='word_1_279' title='bbox 605 3085 693 3143; x_wconf 88' lang='lat' dir='ltr'><strong>literis</strong></span> <span class='ocrx_word' id='word_1_280' title='bbox 707 3085 878 3145; x_wconf 82' lang='lat' dir='ltr'><strong>defenderet.</strong></span> <span class='ocrx_word' id='word_1_281' title='bbox 907 3084 1112 3148; x_wconf 83' lang='lat' dir='ltr'>NOVICIUS:</span> 
     </span>
     <span class='ocr_line' id='line_1_34' title="bbox 73 3170 1111 3250; baseline 0.002 -20"><span class='ocrx_word' id='word_1_282' title='bbox 73 3171 147 3232; x_wconf 85' lang='lat' dir='ltr'><strong>Sicut</strong></span> <span class='ocrx_word' id='word_1_283' title='bbox 166 3173 264 3250; x_wconf 89' lang='lat' dir='ltr'><strong>paulo</strong></span> <span class='ocrx_word' id='word_1_284' title='bbox 288 3177 354 3232; x_wconf 90' lang='lat' dir='ltr'><strong>ante</strong></span> <span class='ocrx_word' id='word_1_285' title='bbox 375 3175 405 3230; x_wconf 89' lang='lat' dir='ltr'><strong>in</strong></span> <span class='ocrx_word' id='word_1_286' title='bbox 425 3171 561 3248; x_wconf 87' lang='lat' dir='ltr'><strong>Episcopi</strong></span> <span class='ocrx_word' id='word_1_287' title='bbox 582 3170 706 3248; x_wconf 86' lang='lat' dir='ltr'><strong>Angliae</strong></span> <span class='ocrx_word' id='word_1_288' title='bbox 727 3171 893 3232; x_wconf 87' lang='lat' dir='ltr'><strong>aedificatus</strong></span> <span class='ocrx_word' id='word_1_289' title='bbox 915 3191 979 3232; x_wconf 91' lang='lat' dir='ltr'><strong>sum</strong></span> <span class='ocrx_word' id='word_1_290' title='bbox 1000 3177 1111 3234; x_wconf 89' lang='lat' dir='ltr'><strong>miseri-</strong></span> 
     </span>
     <span class='ocr_line' id='line_1_35' title="bbox 74 3257 1111 3335; baseline 0.004 -19"><span class='ocrx_word' id='word_1_291' title='bbox 74 3257 174 3334; x_wconf 69' lang='lat' dir='ltr'><strong>cordia,</strong></span> <span class='ocrx_word' id='word_1_292' title='bbox 196 3263 243 3318; x_wconf 90' lang='lat' dir='ltr'><strong>ita</strong></span> <span class='ocrx_word' id='word_1_293' title='bbox 264 3261 295 3316; x_wconf 90' lang='lat' dir='ltr'><strong>in</strong></span> <span class='ocrx_word' id='word_1_294' title='bbox 315 3258 400 3317; x_wconf 90' lang='lat' dir='ltr'><strong>huius</strong></span> <span class='ocrx_word' id='word_1_295' title='bbox 409 3258 546 3335; x_wconf 88' lang='lat' dir='ltr'><strong>Episcopi</strong></span> <span class='ocrx_word' id='word_1_296' title='bbox 566 3258 774 3318; x_wconf 83' lang='lat' dir='ltr'><strong>scandalizatus</strong></span> <span class='ocrx_word' id='word_1_297' title='bbox 797 3277 861 3318; x_wconf 88' lang='lat' dir='ltr'><strong>sum</strong></span> <span class='ocrx_word' id='word_1_298' title='bbox 875 3263 1002 3320; x_wconf 88' lang='lat' dir='ltr'><strong>avaritia.</strong></span> <span class='ocrx_word' id='word_1_299' title='bbox 1034 3259 1111 3320; x_wconf 92' lang='lat' dir='ltr'><strong>MO-</strong></span> 
     </span>
     <span class='ocr_line' id='line_1_36' title="bbox 74 3343 1113 3423; baseline 0.006 -23"><span class='ocrx_word' id='word_1_300' title='bbox 74 3343 251 3406; x_wconf 80' lang='lat' dir='ltr'><strong>NAGHUS:</strong></span> <span class='ocrx_word' id='word_1_301' title='bbox 284 3344 456 3404; x_wconf 84' lang='lat' dir='ltr'><strong>Defensores</strong></span> <span class='ocrx_word' id='word_1_302' title='bbox 478 3343 543 3404; x_wconf 82' lang='lat' dir='ltr'><strong>eius</strong></span> <span class='ocrx_word' id='word_1_303' title='bbox 561 3345 658 3404; x_wconf 88' lang='lat' dir='ltr'><strong>dicunt</strong></span> <span class='ocrx_word' id='word_1_304' title='bbox 680 3363 745 3405; x_wconf 90' lang='lat' dir='ltr'><strong>aum</strong></span> <span class='ocrx_word' id='word_1_305' title='bbox 773 3364 832 3405; x_wconf 89' lang='lat' dir='ltr'><strong>non</strong></span> <span class='ocrx_word' id='word_1_306' title='bbox 854 3364 917 3407; x_wconf 86' lang='lat' dir='ltr'><strong>csse</strong></span> <span class='ocrx_word' id='word_1_307' title='bbox 937 3349 1113 3423; x_wconf 87' lang='lat' dir='ltr'><strong>pertinacem</strong></span> 
     </span>
     <span class='ocr_line' id='line_1_37' title="bbox 76 3429 1114 3510; baseline 0.006 -22"><span class='ocrx_word' id='word_1_308' title='bbox 76 3429 179 3491; x_wconf 89' lang='lat' dir='ltr'><strong>iuhoc</strong></span> <span class='ocrx_word' id='word_1_309' title='bbox 202 3434 323 3508; x_wconf 86' lang='lat' dir='ltr'><strong>negotio</strong></span> <span class='ocrx_word' id='word_1_310' title='bbox 352 3449 447 3491; x_wconf 90' lang='lat' dir='ltr'><strong>amore</strong></span> <span class='ocrx_word' id='word_1_311' title='bbox 475 3435 613 3508; x_wconf 88' lang='lat' dir='ltr'><strong>pecuniae</strong></span> <span class='ocrx_word' id='word_1_312' title='bbox 622 3476 635 3506; x_wconf 87' lang='lat'><strong>,.</strong></span> <span class='ocrx_word' id='word_1_313' title='bbox 656 3433 707 3492; x_wconf 88' lang='lat' dir='ltr'><strong>sed</strong></span> <span class='ocrx_word' id='word_1_314' title='bbox 736 3433 798 3492; x_wconf 83' lang='lat' dir='ltr'><strong>zelo</strong></span> <span class='ocrx_word' id='word_1_315' title='bbox 827 3435 959 3494; x_wconf 88' lang='lat' dir='ltr'><strong>iustitiae.</strong></span> <span class='ocrx_word' id='word_1_316' title='bbox 1004 3434 1114 3510; x_wconf 86' lang='lat' dir='ltr'><strong>Quibus</strong></span> 
     </span>
     <span class='ocr_line' id='line_1_38' title="bbox 78 3517 1115 3597; baseline 0.004 -20"><span class='ocrx_word' id='word_1_317' title='bbox 78 3517 190 3578; x_wconf 87' lang='lat' dir='ltr'><strong>minime</strong></span> <span class='ocrx_word' id='word_1_318' title='bbox 214 3517 356 3592; x_wconf 77' lang='lat' dir='ltr'><strong>eradica,</strong></span> <span class='ocrx_word' id='word_1_319' title='bbox 385 3519 494 3593; x_wconf 86' lang='lat' dir='ltr'><strong>quiesi</strong></span> <span class='ocrx_word' id='word_1_320' title='bbox 516 3522 670 3596; x_wconf 84' lang='lat' dir='ltr'><strong>agitaretur</strong></span> <span class='ocrx_word' id='word_1_321' title='bbox 692 3520 813 3579; x_wconf 89' lang='lat' dir='ltr'><strong>stimulis</strong></span> <span class='ocrx_word' id='word_1_322' title='bbox 834 3523 973 3594; x_wconf 88' lang='lat' dir='ltr'><strong>iustitiae,</strong></span> <span class='ocrx_word' id='word_1_323' title='bbox 1002 3538 1115 3597; x_wconf 87' lang='lat' dir='ltr'><strong>nequa-</strong></span> 
     </span>
    </p>
   </div>
   <div class='ocr_carea' id='block_1_6' title="bbox 100 3700 1118 3926">
    <p class='ocr_par' dir='ltr' id='par_1_6' title="bbox 100 3700 1118 3926">
     <span class='ocr_line' id='line_1_39' title="bbox 100 3700 1116 3774; baseline 0.004 -22"><span class='ocrx_word' id='word_1_324' title='bbox 100 3703 128 3770; x_wconf 93' lang='lat' dir='ltr'><strong>l)</strong></span> <span class='ocrx_word' id='word_1_325' title='bbox 145 3701 164 3754; x_wconf 79' lang='grc' dir='ltr'><strong>Ρ</strong></span> <span class='ocrx_word' id='word_1_326' title='bbox 183 3703 252 3770; x_wconf 88' lang='lat' dir='ltr'><strong>ipsi</strong></span> <span class='ocrx_word' id='word_1_327' title='bbox 278 3700 413 3768; x_wconf 85' lang='lat' dir='ltr'><strong>puellae.</strong></span> <span class='ocrx_word' id='word_1_328' title='bbox 433 3731 460 3742; x_wconf 87' lang='lat'>—</span> <span class='ocrx_word' id='word_1_329' title='bbox 480 3704 549 3772; x_wconf 66' lang='lat' dir='ltr'><strong>2J‘B</strong></span> <span class='ocrx_word' id='word_1_330' title='bbox 568 3705 652 3773; x_wconf 92' lang='lat' dir='ltr'><strong>quod</strong></span> <span class='ocrx_word' id='word_1_331' title='bbox 677 3707 710 3757; x_wconf 85' lang='lat' dir='ltr'><strong>si.</strong></span> <span class='ocrx_word' id='word_1_332' title='bbox 732 3734 762 3746; x_wconf 88' lang='lat'><strong>-—</strong></span> <span class='ocrx_word' id='word_1_333' title='bbox 783 3705 815 3772; x_wconf 86' lang='lat'><strong>3)</strong></span> <span class='ocrx_word' id='word_1_334' title='bbox 832 3705 872 3759; x_wconf 76' lang='lat' dir='ltr'><strong>ct&gt;</strong></span> <span class='ocrx_word' id='word_1_335' title='bbox 890 3705 942 3768; x_wconf 83' lang='lat' dir='ltr'><strong>de3</strong></span> <span class='ocrx_word' id='word_1_336' title='bbox 966 3705 1116 3774; x_wconf 88' lang='lat' dir='ltr'><strong>paulopost</strong></span> 
     </span>
     <span class='ocr_line' id='line_1_40' title="bbox 146 3771 1118 3844; baseline 0.001 -20"><span class='ocrx_word' id='word_1_337' title='bbox 146 3771 214 3826; x_wconf 74' lang='lat' dir='ltr'><strong>AGD</strong></span> <span class='ocrx_word' id='word_1_338' title='bbox 233 3771 331 3822; x_wconf 89' lang='lat' dir='ltr'><strong>bomo</strong></span> <span class='ocrx_word' id='word_1_339' title='bbox 349 3785 411 3820; x_wconf 86' lang='lat' dir='ltr'><strong>sum</strong></span> <span class='ocrx_word' id='word_1_340' title='bbox 429 3771 642 3826; x_wconf 81' lang='lat' dir='ltr'><strong>Christianus.</strong></span> <span class='ocrx_word' id='word_1_341' title='bbox 655 3776 728 3842; x_wconf 83' lang='grc'><strong>-4)</strong></span> <span class='ocrx_word' id='word_1_342' title='bbox 745 3775 766 3826; x_wconf 79' lang='lat' dir='ltr'><strong>ii</strong></span> <span class='ocrx_word' id='word_1_343' title='bbox 784 3773 889 3844; x_wconf 81' lang='lat' dir='ltr'><strong>degit3</strong></span> <span class='ocrx_word' id='word_1_344' title='bbox 907 3773 982 3842; x_wconf 88' lang='lat' dir='ltr'><strong>paulo</strong></span> <span class='ocrx_word' id='word_1_345' title='bbox 1000 3785 1058 3840; x_wconf 89' lang='lat' dir='ltr'><strong>post</strong></span> <span class='ocrx_word' id='word_1_346' title='bbox 1077 3773 1118 3827; x_wconf 83' lang='lat' dir='ltr'><strong>Bc</strong></span> 
     </span>
     <span class='ocr_line' id='line_1_41' title="bbox 123 3839 727 3926; baseline 0.002 -34"><span class='ocrx_word' id='word_1_347' title='bbox 123 3851 204 3926; x_wconf 33' lang='lat' dir='ltr'><strong>‘est</strong></span> <span class='ocrx_word' id='word_1_348' title='bbox 222 3839 446 3894; x_wconf 82' lang='lat' dir='ltr'><strong>claraevallis.</strong></span> <span class='ocrx_word' id='word_1_349' title='bbox 466 3872 494 3882; x_wconf 91' lang='lat'><em>-</em></span> <span class='ocrx_word' id='word_1_350' title='bbox 514 3845 546 3912; x_wconf 82' lang='lat'><strong>5)</strong></span> <span class='ocrx_word' id='word_1_351' title='bbox 564 3860 601 3896; x_wconf 87' lang='lat' dir='ltr'><strong>se</strong></span> <span class='ocrx_word' id='word_1_352' title='bbox 619 3860 660 3897; x_wconf 89' lang='lat' dir='ltr'><strong>om</strong></span> <span class='ocrx_word' id='word_1_353' title='bbox 679 3843 727 3898; x_wconf 86' lang='lat' dir='ltr'><strong>BP.</strong></span> 
     </span>
    </p>
   </div>
   <div class='ocr_carea' id='block_1_7' title="bbox 835 3920 857 3989">
    <p class='ocr_par' dir='ltr' id='par_1_7' title="bbox 835 3920 857 3989">
     <span class='ocr_line' id='line_1_42' title="bbox 835 3920 857 3989; baseline 0 0"><span class='ocrx_word' id='word_1_354' title='bbox 835 3920 857 3989; x_wconf 83' lang='lat'>5</span> 
     </span>
    </p>
   </div>
   <div class='ocr_carea' id='block_1_8' title="bbox 0 0 1279 4314">
    <p class='ocr_par' dir='ltr' id='par_1_8' title="bbox 0 0 1279 4314">
     <span class='ocr_line' id='line_1_43' title="bbox 0 0 1279 4314; baseline 0 0"><span class='ocrx_word' id='word_1_355' title='bbox 0 0 1279 4314; x_wconf 95' lang='lat' dir='ltr'><strong> </strong></span> 
     </span>
    </p>
   </div>
  </div>
 </body>
</html>
