2594 4302
145 247 207 310 160
455 247 683 312 Dlsrlttc'rio
705 247 870 314 OCTAVA

141 370 340 432 aeternitatem
360 369 483 448 spiritns
513 374 616 450 saneti3
642 390 702 449 per⁴
720 379 831 450 septem
859 370 951 447 soles,
967 376 1091 450 septem
1120 371 1182 432 eius

143 455 459 608 willffldlffm
481 459 612 536 exemplo
634 459 764 522 eiusdem
785 461 1014 538 congregationis
1033 458 1181 536 provintia
1210 565 1217 576 Ι

481 697 715 764 CAPITULUM
740 699 839 790 ᾎΟΠ.
1026 785 1028 790 Ι

142 822 360 900 DeRadolplao
370 826 423 901 qui
442 825 532 884 illotis
552 824 690 884 mandra
711 828 810 885 temnit
831 831 953 902 tmepore
974 827 1182 902 operariam

208 943 333 1022 Quidam
355 961 509 1005 conversus
531 947 580 1022 qui
609 963 674 1005 oum
702 945 804 1008 e’odem
831 953 975 1007 conventu
995 948 1099 1006 missus
1122 953 1183 1024 est,

142 1030 313 1110 Rudolphus
333 1034 457 1108 nomine,
478 1033 522 1092 vir
544 1034 636 1093 bonus
659 1051 694 1094 ao
715 1034 879 1112 religiosus,
901 1051 965 1094 eum
988 1033 1034 1094 die
1056 1033 1183 1110 quadam
1295 1107 1296 1118 χ

144 1119 180 1180 de
193 1122 306 1196 privata
317 1122 443 1196 veniens,
462 1119 548 1179 illotis
569 1121 701 1180 manibus
723 1123 879 1182 oratorium
900 1127 1028 1182 nostrum
1050 1123 1184 1198 intraret,

143 1213 172 1267 et
201 1224 236 1266 ox
265 1205 364 1266 ordine
391 1223 423 1266 se
453 1213 605 1284 aspergere
626 1213 784 1286 teneretur,
810 1210 885 1268 intra
905 1225 974 1268 suas
995 1209 1185 1286 cogitationes

143 1293 237 1354 dicere
259 1295 365 1370 eoepit:
394 1291 482 1368 Aque
506 1293 578 1354 haec
599 1302 700 1354 sancta
721 1301 765 1354 est
786 1301 815 1355 et
835 1295 1001 1370 benedicta,
1022 1311 1076 1355 nee
1098 1291 1186 1356 decet

141 1387 176 1440 ut
210 1381 342 1440 manibus
367 1379 520 1439 immundis
545 1387 574 1440 te
602 1381 652 1440 illa
680 1395 825 1458 aspergas.
876 1381 929 1442 Cui
957 1399 1025 1441 mox
1055 1383 1085 1440 ln
1115 1397 1185 1442 aere
1292 1419 1296 1442 r

68 1499 72 1512 ·
142 1483 201 1527 vox
234 1466 310 1528 clare
319 1463 337 1546 ¹)
369 1466 528 1544 respondit:
562 1466 647 1544 Quod
679 1484 733 1544 ego
765 1467 919 1544 mundavi,
949 1473 982 1528 tu
1007 1485 1066 1527 non
1098 1475 1185 1546 potes

142 1553 279 1632 polluere.
320 1553 359 1613 Et
387 1556 522 1630 cognovit
550 1555 590 1613 ibi
618 1557 709 1632 magis
730 1553 796 1615 Deo
819 1555 967 1634 displicere
988 1554 1185 1617 immunditias

143 1639 238 1702 cordis
259 1657 346 1717 quam
367 1643 502 1718 corporis.
544 1641 579 1700 In
601 1643 713 1701 animae
733 1643 859 1718 puritate
879 1641 960 1703 Deus
983 1641 1151 1702 delectatur.

477 1789 712 1858 UAPI‘I'ULUM
732 1795 845 1858 xcm.

142 1912 192 1978 De
212 1915 357 1978 monacho
376 1919 429 1996 qur·
448 1919 481 1978 r'n
502 1935 620 1980 eoooeeu
638 1917 748 1997 foetus,
769 1917 925 1998 propriam
944 1915 1019 1980 vidit
1040 1919 1185 1980 menon
1295 1935 1296 1950 ³

207 2039 353 2101 Monaoho
388 2039 503 2101 ouidm
534 2040 617 2100 Deus
647 2041 804 2116 „ostendere
839 2039 940 2101 rolens
971 2041 1084 2102 animae
1110 2058 1186 2104 suas

142 2127 304 2204 puritatem,
324 2129 354 2186 in
376 2144 525 2188 exosarum
540 2130 642 2188 mentis
652 2127 733 2188 illum
755 2127 883 2188 adduxit.
925 2128 960 2187 In
982 2145 1040 2206 quo
1061 2145 1185 2190 exesam

144 2229 266 2292 puerum
303 2213 526 2290 pulcherrimum
558 2217 633 2274 intra
667 2231 721 2274 sus
752 2216 864 2276 viscera
895 2214 1103 2293 contemplabis
1130 2223 1185 2278 est.

143 2299 195 2360 Ad
208 2317 242 2361 so
254 2307 351 2362 autem
371 2317 511 2376 reversus,
532 2301 671 2362 intellexit
691 2301 814 2362 eundem
834 2302 923 2364 inisse
943 2303 1069 2362 animam
1089 2319 1185 2380 susm,

142 2385 200 2449 Dei
227 2404 345 2448 munere
372 2387 410 2448 ab
432 2391 511 2448 omni
531 2387 598 2449 labe
619 2391 768 2448 eriminum
789 2388 965 2450 mundatam.
1005 2389 1085 2450 Putr
1105 2391 1185 2450 enim

141 2491 161 2535 a
187 2470 468 2555 postmeridiano
502 2479 556 2534 est.
607 2473 812 2536 NOVICIUS:
840 2475 916 2536 Puto
952 2474 1030 2553 quod
1056 2491 1116 2536 non
1144 2478 1185 2538 sit

141 2565 236 2620 tntum
262 2564 288 2621 si
315 2560 403 2622 homo
430 2562 527 2622 multis
554 2562 765 2622 consolationes
790 2579 861 2624 suas
891 2563 1060 2624 manifestet.
1102 2561 1184 2624 ΜΟ·

140 2647 514 2710 declinarentur
534 2647 649 2709 labores
671 2655 700 2708 et
721 2652 908 2724 tentationes,
928 2655 957 2710 et
978 2648 1035 2709 hoo
1053 2641 1184 2726 ἶοοιοω,

140 2733 255 2796 divinae
269 2735 481 2797 oonsolationes
492 2735 695 2812 adipiscuntur,
713 2742 742 2796 et
753 2736 886 2796 iaoilllme
899 2735 1097 2798 mmdesntae
1107 2737 1183 2798 sub-

139 2820 298 2883 tralruntur.
318 2822 478 2900 Utrumque
487 2839 589 2884 verum
599 2839 672 2899 erse,
685 2822 803 2900 singulis
813 2824 866 2884 tibi
876 2821 1027 2884 ostendam
1033 2823 1183 2902 usmplia.

460 3008 861 3094 onenononxorvrl

168 3133 216 3194 De
237 3134 457 3195 sanctimoniali
478 3152 556 3211 quoe
572 3141 698 3210 proptor
719 3135 866 3212 Mettum
885 3135 977 3195 saniora
996 3137 1160 3212 pidaatioe

477 3221 596 3298 mirifice
618 3223 772 3282 ooaeolato
794 3228 843 3281 eet.

205 3341 280 3403 Cum
300 3359 407 3420 nuper,
431 3341 489 3404 hoo
515 3360 591 3405 anno
620 3343 741 3419 seilicet,
762 3345 792 3402 in
815 3342 941 3420 quadam
963 3341 1047 3406 ᾶοωο
1069 3345 1183 3406 seneti-

140 3429 306 3490 moniallum
335 3429 442 3491 ordinis
473 3432 577 3506 nostri,
606 3430 792 3518 stelleraria
819 3447 871 3507 per
890 3436 984 3491 totum
1006 3437 1184 3494 conventum

159 3547 192 3616 1)
209 3543 252 3600 GP
271 3545 366 3598 olera.
385 3573 417 3588 -·
436 3547 469 3614 2)
485 3545 556 3602 Atat)
574 3549 725 3615 pueritia.
748 3545 839 3600 llornil.
857 3547 876 3599 l.
894 3564 919 3616 p.
938 3547 985 3602 aar
1003 3547 1047 3619 „Si
1064 3550 1105 3602 vis
1122 3547 1184 3617 pls-

208 3631 257 3668 nus
273 3630 331 3668 asso
346 3619 481 3685 rapientis,
498 3617 596 3670 orarem
612 3621 638 3670 in
656 3627 682 3669 te
701 3619 816 3686 pueritia.
849 3617 944 3672 Puera
956 3619 1068 3685 puritate
1085 3633 1183 3672 noman

210 3687 317 3752 aooapit.
352 3685 401 3752 Qut
416 3703 468 3740 non
482 3685 558 3739 luerit
567 3703 640 3790 puer,
657 3687 683 3739 id
701 3696 740 3740 est
758 3703 835 3755 purus
852 3696 880 3738 et
896 3687 1014 3752 mundun,
1029 3703 1081 3742 uon
1098 3689 1184 3742 intra·

209 3754 251 3878 ffit·
263 3756 290 3808 in
307 3770 414 3882 '2⁰73an
430 3756 565 3826 coelorum.
619 3755 692 3813 Coei.
711 3757 768 3824 vll,
785 3758 828 3812 52.
845 3757 906 3824 xit,
923 3757 966 3812 37.
985 3785 1017 3801 -
1035 3757 1069 3828 *J
1086 3757 1182 3813 llomil.
