<?xml version="1.0" encoding="UTF-8"?>
<!DOCTYPE html PUBLIC "-//W3C//DTD XHTML 1.0 Transitional//EN"
    "http://www.w3.org/TR/xhtml1/DTD/xhtml1-transitional.dtd">
<html xmlns="http://www.w3.org/1999/xhtml" xml:lang="en" lang="en">
 <head>
  <title>
</title>
<meta http-equiv="Content-Type" content="text/html;charset=utf-8" />
  <meta name='ocr-system' content='tesseract 3.04.00' />
  <meta name='ocr-capabilities' content='ocr_page ocr_carea ocr_par ocr_line ocrx_word'/>
</head>
<body>
  <div class='ocr_page' id='page_1' title='image "./caesariiheister05stragoog/caesariiheister05stragoog_0712.png"; bbox 0 0 2628 4310; ppageno 0'>
   <div class='ocr_carea' id='block_1_1' title="bbox 427 259 1120 350">
    <p class='ocr_par' dir='ltr' id='par_1_1' title="bbox 427 259 1120 350">
     <span class='ocr_line' id='line_1_1' title="bbox 427 259 1120 350; baseline -0.006 -1"><span class='ocrx_word' id='word_1_1' title='bbox 427 288 482 349; x_wconf 83' lang='lat' dir='ltr'><strong>na</strong></span> <span class='ocrx_word' id='word_1_2' title='bbox 501 287 782 350; x_wconf 84' lang='lat' dir='ltr'><strong>Mcamurmus.</strong></span> <span class='ocrx_word' id='word_1_3' title='bbox 815 259 817 267; x_wconf 84' lang='grc'><strong>’</strong></span> <span class='ocrx_word' id='word_1_4' title='bbox 1059 273 1120 346; x_wconf 79' lang='lat' dir='ltr'><strong>aar</strong></span> 
     </span>
    </p>
   </div>
   <div class='ocr_carea' id='block_1_2' title="bbox 51 407 1124 844">
    <p class='ocr_par' dir='ltr' id='par_1_2' title="bbox 51 407 1124 844">
     <span class='ocr_line' id='line_1_2' title="bbox 51 407 1122 488; baseline -0.003 -18"><span class='ocrx_word' id='word_1_5' title='bbox 51 483 54 488; x_wconf 23' lang='lat'><strong><em>¹</em></strong></span> <span class='ocrx_word' id='word_1_6' title='bbox 84 414 153 470; x_wconf 90' lang='lat' dir='ltr'><strong>sunt</strong></span> <span class='ocrx_word' id='word_1_7' title='bbox 173 409 336 485; x_wconf 79' lang='lat' dir='ltr'><strong>importmi,</strong></span> <span class='ocrx_word' id='word_1_8' title='bbox 360 407 429 485; x_wconf 92' lang='lat' dir='ltr'><strong>quid</strong></span> <span class='ocrx_word' id='word_1_9' title='bbox 449 409 483 468; x_wconf 89' lang='lat' dir='ltr'><strong>fit</strong></span> <span class='ocrx_word' id='word_1_10' title='bbox 504 409 540 470; x_wconf 91' lang='lat' dir='ltr'><strong>de</strong></span> <span class='ocrx_word' id='word_1_11' title='bbox 562 408 699 484; x_wconf 84' lang='lat' dir='ltr'>reprobis,</span> <span class='ocrx_word' id='word_1_12' title='bbox 721 425 843 485; x_wconf 89' lang='lat' dir='ltr'><strong>quornm</strong></span> <span class='ocrx_word' id='word_1_13' title='bbox 863 414 985 485; x_wconf 84' lang='lat' dir='ltr'><strong>peccate</strong></span> <span class='ocrx_word' id='word_1_14' title='bbox 1005 407 1122 468; x_wconf 90' lang='lat' dir='ltr'><strong>sancto-</strong></span> 
     </span>
     <span class='ocr_line' id='line_1_3' title="bbox 84 493 1124 572; baseline -0.001 -16"><span class='ocrx_word' id='word_1_15' title='bbox 84 513 150 556; x_wconf 85' lang='lat' dir='ltr'><strong>rum</strong></span> <span class='ocrx_word' id='word_1_16' title='bbox 171 494 338 572; x_wconf 83' lang='lat' dir='ltr'><strong>angelorum</strong></span> <span class='ocrx_word' id='word_1_17' title='bbox 358 495 517 572; x_wconf 90' lang='lat' dir='ltr'><strong>impediunt</strong></span> <span class='ocrx_word' id='word_1_18' title='bbox 536 494 698 572; x_wconf 75' lang='lat' dir='ltr'><strong>praesidia?</strong></span> <span class='ocrx_word' id='word_1_19' title='bbox 741 493 977 555; x_wconf 81' lang='lat' dir='ltr'>MONAOHUS:</span> <span class='ocrx_word' id='word_1_20' title='bbox 998 493 1044 554; x_wconf 90' lang='lat' dir='ltr'><strong>De</strong></span> <span class='ocrx_word' id='word_1_21' title='bbox 1066 493 1124 555; x_wconf 84' lang='lat' dir='ltr'><strong>hoc</strong></span> 
     </span>
     <span class='ocr_line' id='line_1_4' title="bbox 84 579 1123 658; baseline -0.003 -15"><span class='ocrx_word' id='word_1_22' title='bbox 84 583 156 643; x_wconf 86' lang='lat' dir='ltr'><strong>satis</strong></span> <span class='ocrx_word' id='word_1_23' title='bbox 183 581 310 642; x_wconf 89' lang='lat' dir='ltr'><strong>dicturus</strong></span> <span class='ocrx_word' id='word_1_24' title='bbox 340 599 405 642; x_wconf 88' lang='lat' dir='ltr'><strong>sum</strong></span> <span class='ocrx_word' id='word_1_25' title='bbox 432 585 462 642; x_wconf 90' lang='lat' dir='ltr'><strong>iu</strong></span> <span class='ocrx_word' id='word_1_26' title='bbox 488 583 683 658; x_wconf 86' lang='lat' dir='ltr'><strong>sequentibus.</strong></span> <span class='ocrx_word' id='word_1_27' title='bbox 732 581 811 642; x_wconf 87' lang='lat' dir='ltr'><strong>Mors</strong></span> <span class='ocrx_word' id='word_1_28' title='bbox 840 581 971 641; x_wconf 82' lang='lat' dir='ltr'><strong>Kononis</strong></span> <span class='ocrx_word' id='word_1_29' title='bbox 1003 579 1123 640; x_wconf 88' lang='lat' dir='ltr'><strong>aliorum</strong></span> 
     </span>
     <span class='ocr_line' id='line_1_5' title="bbox 84 666 1124 744; baseline 0 -16"><span class='ocrx_word' id='word_1_30' title='bbox 84 669 208 728; x_wconf 87' lang='lat' dir='ltr'><strong>militum</strong></span> <span class='ocrx_word' id='word_1_31' title='bbox 229 669 324 728; x_wconf 88' lang='lat' dir='ltr'><strong>obitus</strong></span> <span class='ocrx_word' id='word_1_32' title='bbox 345 668 383 729; x_wconf 91' lang='lat' dir='ltr'><strong>ad</strong></span> <span class='ocrx_word' id='word_1_33' title='bbox 404 671 572 729; x_wconf 78' lang='lat' dir='ltr'><strong>memoriam</strong></span> <span class='ocrx_word' id='word_1_34' title='bbox 592 669 661 728; x_wconf 85' lang='lat' dir='ltr'><strong>milri</strong></span> <span class='ocrx_word' id='word_1_35' title='bbox 682 675 812 744; x_wconf 87' lang='lat' dir='ltr'><strong>revocet,</strong></span> <span class='ocrx_word' id='word_1_36' title='bbox 841 669 890 744; x_wconf 89' lang='lat' dir='ltr'><strong>qui</strong></span> <span class='ocrx_word' id='word_1_37' title='bbox 910 667 986 728; x_wconf 87' lang='lat' dir='ltr'><strong>mulo</strong></span> <span class='ocrx_word' id='word_1_38' title='bbox 1008 666 1124 743; x_wconf 81' lang='lat' dir='ltr'><strong>quidem</strong></span> 
     </span>
     <span class='ocr_line' id='line_1_6' title="bbox 84 753 686 844; baseline 0 -30"><span class='ocrx_word' id='word_1_39' title='bbox 84 757 225 831; x_wconf 79' lang='lat' dir='ltr'><strong>vixerant,</strong></span> <span class='ocrx_word' id='word_1_40' title='bbox 245 753 298 844; x_wconf 81' lang='lat' dir='ltr'><strong>sed</strong></span> <span class='ocrx_word' id='word_1_41' title='bbox 318 755 393 816; x_wconf 80' lang='lat' dir='ltr'><strong>felici</strong></span> <span class='ocrx_word' id='word_1_42' title='bbox 414 755 471 816; x_wconf 88' lang='lat' dir='ltr'><strong>fine</strong></span> <span class='ocrx_word' id='word_1_43' title='bbox 494 755 686 816; x_wconf 76' lang='lat' dir='ltr'><strong>decesserunt</strong></span> 
     </span>
    </p>
   </div>
   <div class='ocr_carea' id='block_1_3' title="bbox 271 941 947 1144">
    <p class='ocr_par' dir='ltr' id='par_1_3' title="bbox 271 941 947 1144">
     <span class='ocr_line' id='line_1_7' title="bbox 411 941 815 1026; baseline -0.002 -20"><span class='ocrx_word' id='word_1_44' title='bbox 411 945 644 1006; x_wconf 83' lang='lat' dir='ltr'><strong>CAPITULUM</strong></span> <span class='ocrx_word' id='word_1_45' title='bbox 664 941 815 1026; x_wconf 52' lang='lat' dir='ltr'><strong>xviim)</strong></span> 
     </span>
     <span class='ocr_line' id='line_1_8' title="bbox 271 1067 947 1144; baseline -0.004 -16"><span class='ocrx_word' id='word_1_46' title='bbox 271 1069 319 1128; x_wconf 86' lang='lat' dir='ltr'><strong>Dc</strong></span> <span class='ocrx_word' id='word_1_47' title='bbox 339 1075 434 1128; x_wconf 79' lang='lat' dir='ltr'><strong>morte</strong></span> <span class='ocrx_word' id='word_1_48' title='bbox 455 1067 605 1144; x_wconf 77' lang='lat' dir='ltr'><strong>L·uclolplri</strong></span> <span class='ocrx_word' id='word_1_49' title='bbox 625 1069 762 1128; x_wconf 62' lang='lat' dir='ltr'><strong>mortecto?</strong></span> <span class='ocrx_word' id='word_1_50' title='bbox 783 1067 818 1126; x_wconf 79' lang='lat' dir='ltr'><strong>cle</strong></span> <span class='ocrx_word' id='word_1_51' title='bbox 840 1068 947 1128; x_wconf 82' lang='lat' dir='ltr'><strong>Porta.</strong></span> 
     </span>
    </p>
   </div>
   <div class='ocr_carea' id='block_1_4' title="bbox 152 1187 1209 1265">
    <p class='ocr_par' dir='ltr' id='par_1_4' title="bbox 152 1187 1209 1265">
     <span class='ocr_line' id='line_1_9' title="bbox 152 1187 1209 1265; baseline -0.004 -16"><span class='ocrx_word' id='word_1_52' title='bbox 152 1190 222 1249; x_wconf 84' lang='lat' dir='ltr'><strong>Erat</strong></span> <span class='ocrx_word' id='word_1_53' title='bbox 244 1188 361 1265; x_wconf 87' lang='lat' dir='ltr'><strong>quidam</strong></span> <span class='ocrx_word' id='word_1_54' title='bbox 388 1188 470 1248; x_wconf 85' lang='lat' dir='ltr'><strong>miles</strong></span> <span class='ocrx_word' id='word_1_55' title='bbox 496 1190 527 1247; x_wconf 91' lang='lat' dir='ltr'><strong>in</strong></span> <span class='ocrx_word' id='word_1_56' title='bbox 558 1187 684 1248; x_wconf 80' lang='lat' dir='ltr'><strong>Saxonis</strong></span> <span class='ocrx_word' id='word_1_57' title='bbox 711 1187 886 1264; x_wconf 79' lang='lat' dir='ltr'><strong>Ludolphua¹</strong></span> <span class='ocrx_word' id='word_1_58' title='bbox 909 1188 1039 1261; x_wconf 90' lang='lat' dir='ltr'><strong>nomine,</strong></span> <span class='ocrx_word' id='word_1_59' title='bbox 1072 1187 1124 1246; x_wconf 90' lang='lat' dir='ltr'><strong>sed</strong></span> <span class='ocrx_word' id='word_1_60' title='bbox 1206 1257 1209 1262; x_wconf 27' lang='grc' dir='ltr'>Ι</span> 
     </span>
    </p>
   </div>
   <div class='ocr_carea' id='block_1_5' title="bbox 86 1274 1128 2910">
    <p class='ocr_par' dir='ltr' id='par_1_5' title="bbox 86 1274 1128 2910">
     <span class='ocr_line' id='line_1_10' title="bbox 86 1274 1123 1354; baseline -0.004 -18"><span class='ocrx_word' id='word_1_61' title='bbox 86 1285 225 1354; x_wconf 88' lang='lat' dir='ltr'><strong>tyrannus</strong></span> <span class='ocrx_word' id='word_1_62' title='bbox 247 1278 369 1335; x_wconf 89' lang='lat' dir='ltr'><strong>actione.</strong></span> <span class='ocrx_word' id='word_1_63' title='bbox 411 1275 468 1335; x_wconf 88' lang='lat' dir='ltr'><strong>Hic</strong></span> <span class='ocrx_word' id='word_1_64' title='bbox 489 1293 556 1335; x_wconf 91' lang='lat' dir='ltr'><strong>oum</strong></span> <span class='ocrx_word' id='word_1_65' title='bbox 568 1274 613 1336; x_wconf 90' lang='lat' dir='ltr'><strong>die</strong></span> <span class='ocrx_word' id='word_1_66' title='bbox 632 1275 761 1350; x_wconf 76' lang='lat' dir='ltr'><strong>quadam</strong></span> <span class='ocrx_word' id='word_1_67' title='bbox 782 1275 911 1335; x_wconf 87' lang='lat' dir='ltr'><strong>vestibus</strong></span> <span class='ocrx_word' id='word_1_68' title='bbox 932 1276 1015 1334; x_wconf 83' lang='lat' dir='ltr'><strong>novis</strong></span> <span class='ocrx_word' id='word_1_69' title='bbox 1036 1279 1123 1348; x_wconf 89' lang='lat' dir='ltr'><strong>atque</strong></span> 
     </span>
     <span class='ocr_line' id='line_1_11' title="bbox 87 1359 1123 1460; baseline -0.006 -36"><span class='ocrx_word' id='word_1_70' title='bbox 87 1363 247 1424; x_wconf 87' lang='lat' dir='ltr'><strong>scarlaticis</strong></span> <span class='ocrx_word' id='word_1_71' title='bbox 256 1359 274 1442; x_wconf 83' lang='lat'><strong>¹)</strong></span> <span class='ocrx_word' id='word_1_72' title='bbox 295 1362 411 1422; x_wconf 88' lang='lat' dir='ltr'><strong>indutus</strong></span> <span class='ocrx_word' id='word_1_73' title='bbox 431 1365 462 1421; x_wconf 89' lang='lat' dir='ltr'><strong>in</strong></span> <span class='ocrx_word' id='word_1_74' title='bbox 474 1365 524 1422; x_wconf 81' lang='lat' dir='ltr'><strong>ria</strong></span> <span class='ocrx_word' id='word_1_75' title='bbox 546 1364 693 1460; x_wconf 58' lang='lat' dir='ltr'><strong>equitaret,</strong></span> <span class='ocrx_word' id='word_1_76' title='bbox 714 1365 853 1421; x_wconf 89' lang='lat' dir='ltr'><strong>rusticum</strong></span> <span class='ocrx_word' id='word_1_77' title='bbox 875 1377 940 1421; x_wconf 89' lang='lat' dir='ltr'><strong>eum</strong></span> <span class='ocrx_word' id='word_1_78' title='bbox 963 1377 1046 1420; x_wconf 89' lang='lat' dir='ltr'><strong>curru</strong></span> <span class='ocrx_word' id='word_1_79' title='bbox 1068 1361 1123 1419; x_wconf 92' lang='lat' dir='ltr'><strong>ob-</strong></span> 
     </span>
     <span class='ocr_line' id='line_1_12' title="bbox 86 1446 1123 1523; baseline -0.005 -14"><span class='ocrx_word' id='word_1_80' title='bbox 86 1453 168 1510; x_wconf 85' lang='lat' dir='ltr'><strong>vium</strong></span> <span class='ocrx_word' id='word_1_81' title='bbox 188 1449 298 1520; x_wconf 86' lang='lat' dir='ltr'><strong>habuit.</strong></span> <span class='ocrx_word' id='word_1_82' title='bbox 342 1447 431 1507; x_wconf 80' lang='lat' dir='ltr'><strong>Cuius</strong></span> <span class='ocrx_word' id='word_1_83' title='bbox 443 1466 509 1508; x_wconf 91' lang='lat' dir='ltr'><strong>cum</strong></span> <span class='ocrx_word' id='word_1_84' title='bbox 530 1451 701 1508; x_wconf 84' lang='lat' dir='ltr'><strong>vestimenta</strong></span> <span class='ocrx_word' id='word_1_85' title='bbox 713 1467 748 1508; x_wconf 89' lang='lat' dir='ltr'><strong>ex</strong></span> <span class='ocrx_word' id='word_1_86' title='bbox 769 1455 896 1509; x_wconf 88' lang='lat' dir='ltr'><strong>rotarum</strong></span> <span class='ocrx_word' id='word_1_87' title='bbox 916 1447 1042 1523; x_wconf 90' lang='lat' dir='ltr'><strong>impulsu</strong></span> <span class='ocrx_word' id='word_1_88' title='bbox 1062 1446 1123 1505; x_wconf 90' lang='lat' dir='ltr'><strong>luto</strong></span> 
     </span>
     <span class='ocr_line' id='line_1_13' title="bbox 87 1533 1124 1614; baseline -0.005 -18"><span class='ocrx_word' id='word_1_89' title='bbox 87 1542 315 1614; x_wconf 81' lang='lat' dir='ltr'><strong>aspergerentur,</strong></span> <span class='ocrx_word' id='word_1_90' title='bbox 336 1538 397 1611; x_wconf 91' lang='lat' dir='ltr'><strong>ipsc</strong></span> <span class='ocrx_word' id='word_1_91' title='bbox 410 1541 509 1610; x_wconf 87' lang='lat' dir='ltr'><strong>utpote</strong></span> <span class='ocrx_word' id='word_1_92' title='bbox 520 1535 753 1611; x_wconf 87' lang='lat' dir='ltr'><strong>miles&#39;superbus</strong></span> <span class='ocrx_word' id='word_1_93' title='bbox 775 1541 934 1595; x_wconf 90' lang='lat' dir='ltr'><strong>commotus</strong></span> <span class='ocrx_word' id='word_1_94' title='bbox 955 1533 1050 1610; x_wconf 86' lang='lat' dir='ltr'><strong>valde,</strong></span> <span class='ocrx_word' id='word_1_95' title='bbox 1072 1551 1124 1593; x_wconf 79' lang='lat' dir='ltr'><strong>ex-</strong></span> 
     </span>
     <span class='ocr_line' id='line_1_14' title="bbox 87 1621 1128 1702; baseline -0.006 -19"><span class='ocrx_word' id='word_1_96' title='bbox 87 1629 181 1683; x_wconf 89' lang='lat' dir='ltr'><strong>tracto</strong></span> <span class='ocrx_word' id='word_1_97' title='bbox 202 1621 308 1699; x_wconf 82' lang='lat' dir='ltr'><strong>gladio,</strong></span> <span class='ocrx_word' id='word_1_98' title='bbox 329 1622 437 1681; x_wconf 91' lang='lat' dir='ltr'><strong>homini</strong></span> <span class='ocrx_word' id='word_1_99' title='bbox 457 1621 560 1697; x_wconf 90' lang='lat' dir='ltr'><strong>p&#39;edem</strong></span> <span class='ocrx_word' id='word_1_100' title='bbox 582 1624 750 1697; x_wconf 74' lang='lat' dir='ltr'><strong>amputavit.</strong></span> <span class='ocrx_word' id='word_1_101' title='bbox 793 1621 849 1699; x_wconf 91' lang='lat' dir='ltr'><strong>Qui</strong></span> <span class='ocrx_word' id='word_1_102' title='bbox 866 1627 968 1697; x_wconf 90' lang='lat' dir='ltr'><strong>postea</strong></span> <span class='ocrx_word' id='word_1_103' title='bbox 981 1621 1045 1680; x_wconf 92' lang='lat' dir='ltr'><strong>Deo</strong></span> <span class='ocrx_word' id='word_1_104' title='bbox 1068 1622 1128 1702; x_wconf 78' lang='lat' dir='ltr'><strong>uri-¹</strong></span> 
     </span>
     <span class='ocr_line' id='line_1_15' title="bbox 88 1707 1123 1788; baseline -0.006 -18"><span class='ocrx_word' id='word_1_105' title='bbox 88 1715 203 1770; x_wconf 80' lang='lat' dir='ltr'><strong>serente</strong></span> <span class='ocrx_word' id='word_1_106' title='bbox 226 1708 261 1768; x_wconf 91' lang='lat' dir='ltr'><strong>dc</strong></span> <span class='ocrx_word' id='word_1_107' title='bbox 283 1710 410 1785; x_wconf 89' lang='lat' dir='ltr'><strong>peccetis</strong></span> <span class='ocrx_word' id='word_1_108' title='bbox 432 1711 490 1768; x_wconf 87' lang='lat' dir='ltr'><strong>suis</strong></span> <span class='ocrx_word' id='word_1_109' title='bbox 513 1707 629 1781; x_wconf 91' lang='lat' dir='ltr'><strong>dolens,</strong></span> <span class='ocrx_word' id='word_1_110' title='bbox 650 1710 679 1767; x_wconf 90' lang='lat' dir='ltr'><strong>in</strong></span> <span class='ocrx_word' id='word_1_111' title='bbox 701 1708 786 1768; x_wconf 93' lang='lat' dir='ltr'><strong>domo</strong></span> <span class='ocrx_word' id='word_1_112' title='bbox 810 1707 916 1768; x_wconf 87' lang='lat' dir='ltr'><strong>ordinis</strong></span> <span class='ocrx_word' id='word_1_113' title='bbox 937 1709 1025 1767; x_wconf 84' lang='lat' dir='ltr'><strong>nostri</strong></span> <span class='ocrx_word' id='word_1_114' title='bbox 1048 1723 1123 1788; x_wconf 82' lang='lat' dir='ltr'><strong>quae</strong></span> 
     </span>
     <span class='ocr_line' id='line_1_16' title="bbox 88 1793 1123 1870; baseline -0.005 -14"><span class='ocrx_word' id='word_1_115' title='bbox 88 1798 179 1856; x_wconf 88' lang='lat' dir='ltr'><strong>Porta</strong></span> <span class='ocrx_word' id='word_1_116' title='bbox 191 1801 321 1870; x_wconf 85' lang='lat' dir='ltr'><strong>vocetur,</strong></span> <span class='ocrx_word' id='word_1_117' title='bbox 342 1795 436 1854; x_wconf 86' lang='lat' dir='ltr'><strong>iactus</strong></span> <span class='ocrx_word' id='word_1_118' title='bbox 457 1800 501 1853; x_wconf 91' lang='lat' dir='ltr'><strong>est</strong></span> <span class='ocrx_word' id='word_1_119' title='bbox 513 1793 683 1853; x_wconf 88' lang='lat' dir='ltr'><strong>monachus.</strong></span> <span class='ocrx_word' id='word_1_120' title='bbox 724 1795 789 1853; x_wconf 88' lang='lat' dir='ltr'><strong>Non</strong></span> <span class='ocrx_word' id='word_1_121' title='bbox 812 1794 902 1854; x_wconf 91' lang='lat' dir='ltr'><strong>multo</strong></span> <span class='ocrx_word' id='word_1_122' title='bbox 924 1800 990 1870; x_wconf 90' lang='lat' dir='ltr'><strong>post</strong></span> <span class='ocrx_word' id='word_1_123' title='bbox 1010 1797 1040 1852; x_wconf 90' lang='lat' dir='ltr'><strong>in</strong></span> <span class='ocrx_word' id='word_1_124' title='bbox 1054 1810 1123 1870; x_wconf 79' lang='lat' dir='ltr'><strong>gra-</strong></span> 
     </span>
     <span class='ocr_line' id='line_1_17' title="bbox 89 1876 1123 1959; baseline -0.004 -17"><span class='ocrx_word' id='word_1_125' title='bbox 89 1900 173 1942; x_wconf 46' lang='lat' dir='ltr'><strong>vem-1</strong></span> <span class='ocrx_word' id='word_1_126' title='bbox 184 1881 377 1940; x_wconf 86' lang='lat' dir='ltr'><strong>infirmitatem</strong></span> <span class='ocrx_word' id='word_1_127' title='bbox 405 1881 548 1954; x_wconf 90' lang='lat' dir='ltr'><strong>incidens,</strong></span> <span class='ocrx_word' id='word_1_128' title='bbox 579 1897 644 1940; x_wconf 91' lang='lat' dir='ltr'><strong>cum</strong></span> <span class='ocrx_word' id='word_1_129' title='bbox 667 1880 793 1956; x_wconf 88' lang='lat' dir='ltr'><strong>quotidie</strong></span> <span class='ocrx_word' id='word_1_130' title='bbox 815 1899 833 1940; x_wconf 83' lang='lat' dir='ltr'><strong>a</strong></span> <span class='ocrx_word' id='word_1_131' title='bbox 856 1897 886 1940; x_wconf 89' lang='lat' dir='ltr'><strong>se</strong></span> <span class='ocrx_word' id='word_1_132' title='bbox 915 1876 1019 1959; x_wconf 83' lang='lat' dir='ltr'><strong>malc²)</strong></span> <span class='ocrx_word' id='word_1_133' title='bbox 1042 1896 1123 1939; x_wconf 88' lang='lat' dir='ltr'><strong>oom-</strong></span> 
     </span>
     <span class='ocr_line' id='line_1_18' title="bbox 90 1966 1122 2044; baseline -0.004 -16"><span class='ocrx_word' id='word_1_134' title='bbox 90 1971 180 2028; x_wconf 85' lang='lat' dir='ltr'><strong>missa</strong></span> <span class='ocrx_word' id='word_1_135' title='bbox 202 1968 401 2044; x_wconf 69' lang='lat' dir='ltr'><strong>deplangeret,</strong></span> <span class='ocrx_word' id='word_1_136' title='bbox 430 1974 460 2025; x_wconf 87' lang='lat' dir='ltr'><strong>et</strong></span> <span class='ocrx_word' id='word_1_137' title='bbox 480 1969 604 2026; x_wconf 85' lang='lat' dir='ltr'><strong>maxime</strong></span> <span class='ocrx_word' id='word_1_138' title='bbox 633 1967 823 2027; x_wconf 85' lang='lat' dir='ltr'><strong>abscisionem</strong></span> <span class='ocrx_word' id='word_1_139' title='bbox 843 1969 902 2026; x_wconf 87' lang='lat' dir='ltr'><strong>iam</strong></span> <span class='ocrx_word' id='word_1_140' title='bbox 932 1967 999 2026; x_wconf 92' lang='lat' dir='ltr'><strong>dicti</strong></span> <span class='ocrx_word' id='word_1_141' title='bbox 1026 1966 1122 2043; x_wconf 88' lang='lat' dir='ltr'><strong>pedis,</strong></span> 
     </span>
     <span class='ocr_line' id='line_1_19' title="bbox 89 2052 1124 2129; baseline -0.005 -14"><span class='ocrx_word' id='word_1_142' title='bbox 89 2055 245 2115; x_wconf 83' lang='lat' dir='ltr'><strong>infirmario</strong></span> <span class='ocrx_word' id='word_1_143' title='bbox 267 2072 299 2113; x_wconf 88' lang='lat' dir='ltr'><strong>se</strong></span> <span class='ocrx_word' id='word_1_144' title='bbox 322 2052 481 2114; x_wconf 84' lang='lat' dir='ltr'><strong>consolanti</strong></span> <span class='ocrx_word' id='word_1_145' title='bbox 502 2052 663 2129; x_wconf 88' lang='lat' dir='ltr'><strong>respondit:</strong></span> <span class='ocrx_word' id='word_1_146' title='bbox 690 2053 756 2112; x_wconf 89' lang='lat' dir='ltr'><strong>Non</strong></span> <span class='ocrx_word' id='word_1_147' title='bbox 777 2060 877 2129; x_wconf 90' lang='lat' dir='ltr'><strong>potero</strong></span> <span class='ocrx_word' id='word_1_148' title='bbox 900 2052 1049 2128; x_wconf 89' lang='lat' dir='ltr'><strong>consolari,</strong></span> <span class='ocrx_word' id='word_1_149' title='bbox 1070 2054 1124 2111; x_wconf 87' lang='lat' dir='ltr'><strong>nisi</strong></span> 
     </span>
     <span class='ocr_line' id='line_1_20' title="bbox 90 2140 1125 2216; baseline -0.003 -15"><span class='ocrx_word' id='word_1_150' title='bbox 90 2141 191 2201; x_wconf 88' lang='lat' dir='ltr'><strong>videro</strong></span> <span class='ocrx_word' id='word_1_151' title='bbox 212 2143 294 2216; x_wconf 80' lang='lat' dir='ltr'><strong>signa</strong></span> <span class='ocrx_word' id='word_1_152' title='bbox 314 2141 374 2200; x_wconf 88' lang='lat' dir='ltr'><strong>Job</strong></span> <span class='ocrx_word' id='word_1_153' title='bbox 397 2143 426 2198; x_wconf 92' lang='lat' dir='ltr'><strong>in</strong></span> <span class='ocrx_word' id='word_1_154' title='bbox 449 2156 567 2215; x_wconf 90' lang='lat' dir='ltr'><strong>corpore</strong></span> <span class='ocrx_word' id='word_1_155' title='bbox 589 2156 663 2198; x_wconf 91' lang='lat' dir='ltr'><strong>meo.</strong></span> <span class='ocrx_word' id='word_1_156' title='bbox 705 2140 744 2199; x_wconf 85' lang='lat' dir='ltr'><strong>Et</strong></span> <span class='ocrx_word' id='word_1_157' title='bbox 764 2157 832 2200; x_wconf 91' lang='lat' dir='ltr'><strong>ecce</strong></span> <span class='ocrx_word' id='word_1_158' title='bbox 853 2146 918 2215; x_wconf 88' lang='lat' dir='ltr'><strong>post</strong></span> <span class='ocrx_word' id='word_1_159' title='bbox 940 2140 1000 2199; x_wconf 89' lang='lat' dir='ltr'><strong>dies</strong></span> <span class='ocrx_word' id='word_1_160' title='bbox 1015 2155 1125 2215; x_wconf 89' lang='lat' dir='ltr'><strong>paucos</strong></span> 
     </span>
     <span class='ocr_line' id='line_1_21' title="bbox 92 2225 1124 2304; baseline -0.004 -16"><span class='ocrx_word' id='word_1_161' title='bbox 92 2228 265 2304; x_wconf 86' lang='lat' dir='ltr'><strong>cycatrioem</strong></span> <span class='ocrx_word' id='word_1_162' title='bbox 287 2226 435 2286; x_wconf 86' lang='lat' dir='ltr'><strong>adinstar</strong></span> <span class='ocrx_word' id='word_1_163' title='bbox 464 2225 505 2284; x_wconf 91' lang='lat' dir='ltr'><strong>fili</strong></span> <span class='ocrx_word' id='word_1_164' title='bbox 533 2228 657 2286; x_wconf 85' lang='lat' dir='ltr'><strong>coccinei</strong></span> <span class='ocrx_word' id='word_1_165' title='bbox 686 2226 894 2303; x_wconf 78' lang='lat' dir='ltr'><strong>contemplatus</strong></span> <span class='ocrx_word' id='word_1_166' title='bbox 923 2233 966 2288; x_wconf 88' lang='lat' dir='ltr'><strong>est</strong></span> <span class='ocrx_word' id='word_1_167' title='bbox 988 2228 1064 2286; x_wconf 85' lang='lat' dir='ltr'><strong>circa</strong></span> <span class='ocrx_word' id='word_1_168' title='bbox 1077 2232 1124 2298; x_wconf 57' lang='lat' dir='ltr'><strong>tae</strong></span> 
     </span>
     <span class='ocr_line' id='line_1_22' title="bbox 91 2312 1126 2388; baseline 0 -16"><span class='ocrx_word' id='word_1_169' title='bbox 91 2315 154 2372; x_wconf 93' lang='lat' dir='ltr'><strong>lum</strong></span> <span class='ocrx_word' id='word_1_170' title='bbox 166 2329 268 2388; x_wconf 69' lang='lat' dir='ltr'><strong>vsunm,</strong></span> <span class='ocrx_word' id='word_1_171' title='bbox 288 2315 318 2370; x_wconf 92' lang='lat' dir='ltr'><strong>in</strong></span> <span class='ocrx_word' id='word_1_172' title='bbox 340 2312 442 2372; x_wconf 90' lang='lat' dir='ltr'><strong>eodem</strong></span> <span class='ocrx_word' id='word_1_173' title='bbox 463 2312 537 2388; x_wconf 92' lang='lat' dir='ltr'><strong>pede</strong></span> <span class='ocrx_word' id='word_1_174' title='bbox 567 2315 645 2372; x_wconf 89' lang='lat' dir='ltr'><strong>etin</strong></span> <span class='ocrx_word' id='word_1_175' title='bbox 666 2313 768 2373; x_wconf 89' lang='lat' dir='ltr'><strong>eodem</strong></span> <span class='ocrx_word' id='word_1_176' title='bbox 789 2313 853 2373; x_wconf 90' lang='lat' dir='ltr'><strong>loco</strong></span> <span class='ocrx_word' id='word_1_177' title='bbox 875 2314 926 2372; x_wconf 91' lang='lat' dir='ltr'><strong>ubi</strong></span> <span class='ocrx_word' id='word_1_178' title='bbox 946 2315 1052 2372; x_wconf 90' lang='lat' dir='ltr'><strong>rustico</strong></span> <span class='ocrx_word' id='word_1_179' title='bbox 1071 2329 1126 2388; x_wconf 92' lang='lat' dir='ltr'><strong>pc·</strong></span> 
     </span>
     <span class='ocr_line' id='line_1_23' title="bbox 92 2399 1126 2476; baseline -0.002 -17"><span class='ocrx_word' id='word_1_180' title='bbox 92 2399 160 2459; x_wconf 90' lang='lat' dir='ltr'><strong>dem</strong></span> <span class='ocrx_word' id='word_1_181' title='bbox 178 2405 367 2459; x_wconf 82' lang='lat' dir='ltr'><strong>truncaverat.</strong></span> <span class='ocrx_word' id='word_1_182' title='bbox 412 2399 468 2476; x_wconf 79' lang='lat' dir='ltr'><strong>Qui</strong></span> <span class='ocrx_word' id='word_1_183' title='bbox 489 2399 628 2475; x_wconf 84' lang='lat' dir='ltr'><strong>paulatim</strong></span> <span class='ocrx_word' id='word_1_184' title='bbox 658 2401 752 2476; x_wconf 91' lang='lat' dir='ltr'><strong>coepit</strong></span> <span class='ocrx_word' id='word_1_185' title='bbox 774 2406 1010 2476; x_wconf 89' lang='lat' dir='ltr'><strong>computrescere,</strong></span> <span class='ocrx_word' id='word_1_186' title='bbox 1031 2402 1072 2458; x_wconf 87' lang='lat' dir='ltr'><strong>ita</strong></span> <span class='ocrx_word' id='word_1_187' title='bbox 1094 2405 1126 2457; x_wconf 92' lang='lat' dir='ltr'><strong>ut</strong></span> 
     </span>
     <span class='ocr_line' id='line_1_24' title="bbox 91 2485 1126 2563; baseline -0.002 -17"><span class='ocrx_word' id='word_1_188' title='bbox 91 2503 206 2546; x_wconf 90' lang='lat' dir='ltr'><strong>vermes</strong></span> <span class='ocrx_word' id='word_1_189' title='bbox 235 2485 270 2544; x_wconf 92' lang='lat' dir='ltr'><strong>de</strong></span> <span class='ocrx_word' id='word_1_190' title='bbox 299 2502 334 2546; x_wconf 91' lang='lat' dir='ltr'><strong>eo</strong></span> <span class='ocrx_word' id='word_1_191' title='bbox 357 2489 534 2546; x_wconf 84' lang='lat' dir='ltr'><strong>scaturirent.</strong></span> <span class='ocrx_word' id='word_1_192' title='bbox 577 2487 659 2546; x_wconf 83' lang='lat' dir='ltr'><strong>Tunc</strong></span> <span class='ocrx_word' id='word_1_193' title='bbox 680 2487 805 2563; x_wconf 91' lang='lat' dir='ltr'><strong>repletus</strong></span> <span class='ocrx_word' id='word_1_194' title='bbox 832 2487 937 2563; x_wconf 86' lang='lat' dir='ltr'><strong>gaudio</strong></span> <span class='ocrx_word' id='word_1_195' title='bbox 959 2488 1014 2545; x_wconf 89' lang='lat' dir='ltr'><strong>ait:</strong></span> <span class='ocrx_word' id='word_1_196' title='bbox 1036 2485 1126 2544; x_wconf 91' lang='lat' dir='ltr'><strong>Modo</strong></span> 
     </span>
     <span class='ocr_line' id='line_1_25' title="bbox 92 2571 1126 2650; baseline -0.001 -18"><span class='ocrx_word' id='word_1_197' title='bbox 92 2574 230 2632; x_wconf 86' lang='lat' dir='ltr'><strong>devonia</strong></span> <span class='ocrx_word' id='word_1_198' title='bbox 250 2587 343 2648; x_wconf 86' lang='lat' dir='ltr'><strong>spero,</strong></span> <span class='ocrx_word' id='word_1_199' title='bbox 364 2576 432 2650; x_wconf 86' lang='lat' dir='ltr'><strong>quia</strong></span> <span class='ocrx_word' id='word_1_200' title='bbox 443 2576 525 2650; x_wconf 85' lang='lat' dir='ltr'><strong>signe</strong></span> <span class='ocrx_word' id='word_1_201' title='bbox 538 2572 597 2634; x_wconf 90' lang='lat' dir='ltr'><strong>Job</strong></span> <span class='ocrx_word' id='word_1_202' title='bbox 608 2572 693 2634; x_wconf 85' lang='lat' dir='ltr'><strong>video</strong></span> <span class='ocrx_word' id='word_1_203' title='bbox 714 2577 743 2632; x_wconf 93' lang='lat' dir='ltr'><strong>in</strong></span> <span class='ocrx_word' id='word_1_204' title='bbox 765 2590 883 2649; x_wconf 93' lang='lat' dir='ltr'><strong>corpore</strong></span> <span class='ocrx_word' id='word_1_205' title='bbox 905 2589 979 2632; x_wconf 89' lang='lat' dir='ltr'><strong>meo.</strong></span> <span class='ocrx_word' id='word_1_206' title='bbox 1021 2571 1126 2648; x_wconf 83' lang='lat' dir='ltr'><strong>Sicque</strong></span> 
     </span>
     <span class='ocr_line' id='line_1_26' title="bbox 91 2659 1127 2736; baseline 0 -18"><span class='ocrx_word' id='word_1_207' title='bbox 91 2665 121 2719; x_wconf 91' lang='lat' dir='ltr'><strong>in</strong></span> <span class='ocrx_word' id='word_1_208' title='bbox 149 2659 240 2718; x_wconf 87' lang='lat' dir='ltr'><strong>multe</strong></span> <span class='ocrx_word' id='word_1_209' title='bbox 268 2660 361 2720; x_wconf 91' lang='lat' dir='ltr'><strong>cordis</strong></span> <span class='ocrx_word' id='word_1_210' title='bbox 383 2662 554 2720; x_wconf 88' lang='lat' dir='ltr'><strong>contritione</strong></span> <span class='ocrx_word' id='word_1_211' title='bbox 575 2667 662 2735; x_wconf 88' lang='lat' dir='ltr'><strong>etque</strong></span> <span class='ocrx_word' id='word_1_212' title='bbox 682 2663 839 2736; x_wconf 82' lang='lat' dir='ltr'><strong>gratiarum</strong></span> <span class='ocrx_word' id='word_1_213' title='bbox 860 2663 987 2733; x_wconf 87' lang='lat' dir='ltr'><strong>actione,</strong></span> <span class='ocrx_word' id='word_1_214' title='bbox 1014 2659 1127 2722; x_wconf 85' lang='lat' dir='ltr'><strong>invale-</strong></span> 
     </span>
     <span class='ocr_line' id='line_1_27' title="bbox 91 2747 1126 2823; baseline -0.003 -16"><span class='ocrx_word' id='word_1_215' title='bbox 91 2747 329 2821; x_wconf 73' lang='lat' dir='ltr'><strong>montemurlo,</strong></span> <span class='ocrx_word' id='word_1_216' title='bbox 357 2749 487 2823; x_wconf 83' lang='lat' dir='ltr'><strong>spiritum</strong></span> <span class='ocrx_word' id='word_1_217' title='bbox 514 2747 646 2806; x_wconf 84' lang='lat' dir='ltr'><strong>reddidit</strong></span> <span class='ocrx_word' id='word_1_218' title='bbox 687 2747 769 2808; x_wconf 90' lang='lat' dir='ltr'><strong>Haec</strong></span> <span class='ocrx_word' id='word_1_219' title='bbox 791 2747 859 2806; x_wconf 88' lang='lat' dir='ltr'><strong>mihi</strong></span> <span class='ocrx_word' id='word_1_220' title='bbox 886 2747 977 2808; x_wconf 84' lang='lat' dir='ltr'><strong>relata</strong></span> <span class='ocrx_word' id='word_1_221' title='bbox 997 2752 1064 2805; x_wconf 86' lang='lat' dir='ltr'><strong>sunt</strong></span> <span class='ocrx_word' id='word_1_222' title='bbox 1089 2747 1126 2806; x_wconf 85' lang='lat' dir='ltr'><strong>ab</strong></span> 
     </span>
     <span class='ocr_line' id='line_1_28' title="bbox 91 2832 943 2910; baseline -0.001 -17"><span class='ocrx_word' id='word_1_223' title='bbox 91 2832 211 2893; x_wconf 85' lang='lat' dir='ltr'><strong>Abbate</strong></span> <span class='ocrx_word' id='word_1_224' title='bbox 232 2832 379 2908; x_wconf 81' lang='lat' dir='ltr'><strong>Livoniae,</strong></span> <span class='ocrx_word' id='word_1_225' title='bbox 400 2835 449 2910; x_wconf 88' lang='lat' dir='ltr'><strong>qui</strong></span> <span class='ocrx_word' id='word_1_226' title='bbox 470 2832 544 2892; x_wconf 88' lang='lat' dir='ltr'><strong>filius</strong></span> <span class='ocrx_word' id='word_1_227' title='bbox 565 2840 611 2894; x_wconf 86' lang='lat' dir='ltr'><strong>est</strong></span> <span class='ocrx_word' id='word_1_228' title='bbox 631 2834 733 2894; x_wconf 86' lang='lat' dir='ltr'><strong>domus</strong></span> <span class='ocrx_word' id='word_1_229' title='bbox 753 2833 943 2910; x_wconf 88' lang='lat' dir='ltr'><strong>supradictae.</strong></span> 
     </span>
    </p>
   </div>
   <div class='ocr_carea' id='block_1_6' title="bbox 427 3017 801 3104">
    <p class='ocr_par' dir='ltr' id='par_1_6' title="bbox 427 3017 801 3104">
     <span class='ocr_line' id='line_1_29' title="bbox 427 3017 801 3104; baseline 0.003 -21"><span class='ocrx_word' id='word_1_230' title='bbox 427 3017 660 3085; x_wconf 75' lang='lat' dir='ltr'><strong>ommonem</strong></span> <span class='ocrx_word' id='word_1_231' title='bbox 682 3021 801 3104; x_wconf 67' lang='lat' dir='ltr'><strong>xmr)</strong></span> 
     </span>
    </p>
   </div>
   <div class='ocr_carea' id='block_1_7' title="bbox 134 3145 1091 3322">
    <p class='ocr_par' dir='ltr' id='par_1_7' title="bbox 134 3145 1091 3322">
     <span class='ocr_line' id='line_1_30' title="bbox 134 3145 1091 3220; baseline 0 -15"><span class='ocrx_word' id='word_1_232' title='bbox 134 3146 182 3205; x_wconf 88' lang='lat' dir='ltr'><strong>Dc</strong></span> <span class='ocrx_word' id='word_1_233' title='bbox 203 3153 298 3206; x_wconf 82' lang='lat' dir='ltr'><strong>morte</strong></span> <span class='ocrx_word' id='word_1_234' title='bbox 320 3145 438 3205; x_wconf 80' lang='lat' dir='ltr'><strong>Allurdi</strong></span> <span class='ocrx_word' id='word_1_235' title='bbox 459 3147 596 3220; x_wconf 76' lang='lat' dir='ltr'><strong>mococlu‘</strong></span> <span class='ocrx_word' id='word_1_236' title='bbox 617 3146 653 3205; x_wconf 84' lang='lat' dir='ltr'><strong>dc</strong></span> <span class='ocrx_word' id='word_1_237' title='bbox 674 3146 779 3206; x_wconf 65' lang='lat' dir='ltr'><strong>Incola</strong></span> <span class='ocrx_word' id='word_1_238' title='bbox 800 3149 848 3206; x_wconf 83' lang='lat' dir='ltr'><strong>cui</strong></span> <span class='ocrx_word' id='word_1_239' title='bbox 871 3145 1003 3207; x_wconf 71' lang='lat' dir='ltr'><strong>Christum</strong></span> <span class='ocrx_word' id='word_1_240' title='bbox 1024 3163 1091 3206; x_wconf 83' lang='lat' dir='ltr'><strong>cum</strong></span> 
     </span>
     <span class='ocr_line' id='line_1_31' title="bbox 314 3237 917 3322; baseline 0.005 -32"><span class='ocrx_word' id='word_1_241' title='bbox 314 3239 410 3298; x_wconf 76' lang='lat' dir='ltr'><strong>aratra</strong></span> <span class='ocrx_word' id='word_1_242' title='bbox 432 3239 459 3291; x_wconf 86' lang='lat' dir='ltr'><strong>ct</strong></span> <span class='ocrx_word' id='word_1_243' title='bbox 480 3237 588 3294; x_wconf 74' lang='lat' dir='ltr'><strong>coactis</strong></span> <span class='ocrx_word' id='word_1_244' title='bbox 609 3237 746 3322; x_wconf 56' lang='lat' dir='ltr'><strong>morienti</strong></span> <span class='ocrx_word' id='word_1_245' title='bbox 767 3237 917 3310; x_wconf 79' lang='lat' dir='ltr'><strong>apparuit.</strong></span> 
     </span>
    </p>
   </div>
   <div class='ocr_carea' id='block_1_8' title="bbox 93 3350 1133 3693">
    <p class='ocr_par' dir='ltr' id='par_1_8' title="bbox 93 3350 1133 3693">
     <span class='ocr_line' id='line_1_32' title="bbox 160 3350 1133 3430; baseline 0.003 -20"><span class='ocrx_word' id='word_1_246' title='bbox 160 3350 287 3412; x_wconf 85' lang='lat' dir='ltr'><strong>Alterius</strong></span> <span class='ocrx_word' id='word_1_247' title='bbox 310 3353 457 3412; x_wconf 90' lang='lat' dir='ltr'><strong>cuiusdam</strong></span> <span class='ocrx_word' id='word_1_248' title='bbox 479 3354 575 3413; x_wconf 88' lang='lat' dir='ltr'><strong>militis</strong></span> <span class='ocrx_word' id='word_1_249' title='bbox 596 3361 718 3414; x_wconf 91' lang='lat' dir='ltr'><strong>mortem</strong></span> <span class='ocrx_word' id='word_1_250' title='bbox 743 3354 828 3415; x_wconf 86' lang='lat' dir='ltr'><strong>valde</strong></span> <span class='ocrx_word' id='word_1_251' title='bbox 854 3356 1010 3430; x_wconf 85' lang='lat' dir='ltr'><strong>pretiosam</strong></span> <span class='ocrx_word' id='word_1_252' title='bbox 1037 3355 1133 3415; x_wconf 91' lang='lat' dir='ltr'><strong>retulit</strong></span> 
     </span>
     <span class='ocr_line' id='line_1_33' title="bbox 93 3437 1132 3517; baseline 0 -19"><span class='ocrx_word' id='word_1_253' title='bbox 93 3438 165 3498; x_wconf 89' lang='lat' dir='ltr'><strong>mihi</strong></span> <span class='ocrx_word' id='word_1_254' title='bbox 178 3437 276 3498; x_wconf 89' lang='lat' dir='ltr'><strong>Adam</strong></span> <span class='ocrx_word' id='word_1_255' title='bbox 289 3439 447 3499; x_wconf 82' lang='lat' dir='ltr'><strong>monachus</strong></span> <span class='ocrx_word' id='word_1_256' title='bbox 469 3440 505 3499; x_wconf 92' lang='lat' dir='ltr'><strong>de</strong></span> <span class='ocrx_word' id='word_1_257' title='bbox 519 3440 620 3500; x_wconf 89' lang='lat' dir='ltr'><strong>Lucka</strong></span> <span class='ocrx_word' id='word_1_258' title='bbox 641 3443 722 3500; x_wconf 88' lang='lat' dir='ltr'><strong>euius</strong></span> <span class='ocrx_word' id='word_1_259' title='bbox 743 3444 773 3500; x_wconf 92' lang='lat' dir='ltr'><strong>in</strong></span> <span class='ocrx_word' id='word_1_260' title='bbox 794 3442 1132 3517; x_wconf 87' lang='lat' dir='ltr'><strong>superioribus-memini.</strong></span> 
     </span>
     <span class='ocr_line' id='line_1_34' title="bbox 93 3525 1132 3604; baseline 0.001 -20"><span class='ocrx_word' id='word_1_261' title='bbox 93 3525 181 3599; x_wconf 88' lang='lat' dir='ltr'><strong>Erat,</strong></span> <span class='ocrx_word' id='word_1_262' title='bbox 202 3526 309 3600; x_wconf 89' lang='lat' dir='ltr'><strong>iuquit,</strong></span> <span class='ocrx_word' id='word_1_263' title='bbox 329 3528 359 3584; x_wconf 88' lang='lat' dir='ltr'><strong>in</strong></span> <span class='ocrx_word' id='word_1_264' title='bbox 381 3527 506 3586; x_wconf 77' lang='lat' dir='ltr'><strong>Saxonis</strong></span> <span class='ocrx_word' id='word_1_265' title='bbox 527 3526 609 3587; x_wconf 87' lang='lat' dir='ltr'><strong>rriiles</strong></span> <span class='ocrx_word' id='word_1_266' title='bbox 630 3527 747 3604; x_wconf 74' lang='lat' dir='ltr'><strong>quddam</strong></span> <span class='ocrx_word' id='word_1_267' title='bbox 768 3527 903 3588; x_wconf 84' lang='lat' dir='ltr'><strong>Allardus</strong></span> <span class='ocrx_word' id='word_1_268' title='bbox 924 3529 1055 3604; x_wconf 88' lang='lat' dir='ltr'><strong>nomine,</strong></span> <span class='ocrx_word' id='word_1_269' title='bbox 1084 3529 1132 3603; x_wconf 91' lang='lat' dir='ltr'><strong>qui</strong></span> 
     </span>
     <span class='ocr_line' id='line_1_35' title="bbox 94 3609 1132 3693; baseline 0.001 -23"><span class='ocrx_word' id='word_1_270' title='bbox 94 3613 139 3670; x_wconf 86' lang='lat' dir='ltr'><strong>vir</strong></span> <span class='ocrx_word' id='word_1_271' title='bbox 160 3617 258 3672; x_wconf 89' lang='lat' dir='ltr'><strong>tantae</strong></span> <span class='ocrx_word' id='word_1_272' title='bbox 279 3609 400 3693; x_wconf 62' lang='lat' dir='ltr'><strong>fueram)</strong></span> <span class='ocrx_word' id='word_1_273' title='bbox 422 3613 582 3690; x_wconf 86' lang='lat' dir='ltr'><strong>probitatis,</strong></span> <span class='ocrx_word' id='word_1_274' title='bbox 603 3617 685 3673; x_wconf 90' lang='lat' dir='ltr'><strong>utin</strong></span> <span class='ocrx_word' id='word_1_275' title='bbox 706 3617 796 3691; x_wconf 92' lang='lat' dir='ltr'><strong>prirno</strong></span> <span class='ocrx_word' id='word_1_276' title='bbox 819 3620 998 3675; x_wconf 88' lang='lat' dir='ltr'><strong>tornamento</strong></span> <span class='ocrx_word' id='word_1_277' title='bbox 1019 3616 1132 3688; x_wconf 79' lang='lat' dir='ltr'><strong>inquo</strong></span> 
     </span>
    </p>
   </div>
   <div class='ocr_carea' id='block_1_9' title="bbox 94 3719 1134 3887">
    <p class='ocr_par' dir='ltr' id='par_1_9' title="bbox 94 3719 1134 3887">
     <span class='ocr_line' id='line_1_36' title="bbox 94 3719 1134 3814; baseline 0.003 -19"><span class='ocrx_word' id='word_1_278' title='bbox 94 3719 277 3811; x_wconf 65' lang='lat' dir='ltr'><strong>epitomica.</strong></span> <span class='ocrx_word' id='word_1_279' title='bbox 291 3761 315 3812; x_wconf 78' lang='grc' dir='ltr'><strong>ρ.</strong></span> <span class='ocrx_word' id='word_1_280' title='bbox 329 3745 875 3814; x_wconf 54' lang='grc' dir='ltr'><strong>92.,-1)Αι)ιῑΕι&gt;εωιιαιῑε.-2)ΕΡ</strong></span> <span class='ocrx_word' id='word_1_281' title='bbox 893 3764 907 3800; x_wconf 73' lang='lat' dir='ltr'><strong>a</strong></span> <span class='ocrx_word' id='word_1_282' title='bbox 926 3762 959 3798; x_wconf 75' lang='lat' dir='ltr'><strong>e</strong></span> <span class='ocrx_word' id='word_1_283' title='bbox 977 3746 1072 3809; x_wconf 73' lang='lat' dir='ltr'><strong>mara,</strong></span> <span class='ocrx_word' id='word_1_284' title='bbox 1090 3745 1134 3798; x_wconf 87' lang='lat' dir='ltr'><strong>ou</strong></span> 
     </span>
     <span class='ocr_line' id='line_1_37' title="bbox 149 3815 1133 3887; baseline 0.004 -23"><span class='ocrx_word' id='word_1_285' title='bbox 149 3815 228 3864; x_wconf 86' lang='lat' dir='ltr'><strong>mala</strong></span> <span class='ocrx_word' id='word_1_286' title='bbox 247 3828 261 3866; x_wconf 84' lang='lat' dir='ltr'><strong>a</strong></span> <span class='ocrx_word' id='word_1_287' title='bbox 280 3831 322 3866; x_wconf 86' lang='lat' dir='ltr'><strong>se.</strong></span> <span class='ocrx_word' id='word_1_288' title='bbox 335 3817 406 3885; x_wconf 53' lang='grc' dir='ltr'><strong>Α)</strong></span> <span class='ocrx_word' id='word_1_289' title='bbox 424 3817 513 3869; x_wconf 87' lang='lat' dir='ltr'><strong>Homil.</strong></span> <span class='ocrx_word' id='word_1_290' title='bbox 526 3817 566 3870; x_wconf 86' lang='grc' dir='ltr'><strong>ΙΙΙ.</strong></span> <span class='ocrx_word' id='word_1_291' title='bbox 584 3834 608 3884; x_wconf 83' lang='grc' dir='ltr'><strong>ρ.</strong></span> <span class='ocrx_word' id='word_1_292' title='bbox 629 3820 686 3872; x_wconf 82' lang='lat'><strong>178.</strong></span> <span class='ocrx_word' id='word_1_293' title='bbox 703 3847 733 3858; x_wconf 97' lang='lat'><em>-</em></span> <span class='ocrx_word' id='word_1_294' title='bbox 746 3819 777 3887; x_wconf 82' lang='grc'><strong>3)</strong></span> <span class='ocrx_word' id='word_1_295' title='bbox 798 3817 864 3872; x_wconf 82' lang='lat' dir='ltr'><strong>CFP</strong></span> <span class='ocrx_word' id='word_1_296' title='bbox 882 3817 996 3868; x_wconf 82' lang='lat' dir='ltr'><strong>fueret</strong></span> <span class='ocrx_word' id='word_1_297' title='bbox 1013 3823 1133 3868; x_wconf 78' lang='lat' dir='ltr'><strong>tantae.</strong></span> 
     </span>
    </p>
   </div>
   <div class='ocr_carea' id='block_1_10' title="bbox 0 0 1329 4310">
    <p class='ocr_par' dir='ltr' id='par_1_10' title="bbox 0 0 1329 4310">
     <span class='ocr_line' id='line_1_38' title="bbox 0 0 1329 4310; baseline 0 0"><span class='ocrx_word' id='word_1_298' title='bbox 0 0 1329 4310; x_wconf 95' lang='lat' dir='ltr'><strong> </strong></span> 
     </span>
    </p>
   </div>
  </div>
 </body>
</html>
