2580 4316
152 263 192 321 50
479 255 707 319 DISTINCTIO
725 256 856 318 PRIMA

151 389 336 457 sustentante,
358 381 396 440 ad
416 387 521 441 terram
543 381 668 440 demissa
682 377 700 462 ¹)
722 383 809 440 stetit.
852 381 917 457 Quo
939 382 1002 440 viso
1024 381 1114 440 territi
1133 396 1191 457 pa-

149 477 240 531 stores
260 470 402 547 fugerunt
444 468 581 544 Dixitque
603 469 629 528 ei
651 467 769 546 angelus
790 468 924 527 Domini:
945 467 1023 528 Ecce
1043 467 1135 528 libera
1149 484 1193 541 es,

150 557 226 618 vade
259 573 316 633 quo
337 556 415 616 libet
457 555 616 632 Respondit
635 555 700 614 illa:
732 554 857 615 Domine
878 551 959 635 mi²),
980 555 1127 615 Veronam
1148 557 1192 614 ire

151 646 296 721 proposui.
339 643 498 718 Statimque
519 646 549 701 in
577 650 722 702 momento
755 643 892 702 trmrshta
920 648 964 701 est
991 644 1071 701 iuxta
1092 643 1192 702 Vero-

152 727 263 811 naml).
305 726 343 788 Et
364 732 404 789 ait
425 729 556 807 angelus:
577 731 695 790 Verona
716 729 782 789 hinc
805 730 892 789 distat
909 729 1191 788 tribusmilliaribus.

152 820 230 879 Inter
250 818 414 894 Augustam
434 812 536 895 vero⁴)
559 822 588 876 et
608 817 755 876 Veronam
776 823 886 892 septem
908 815 1001 876 dietae
1033 833 1193 876 numeran-

153 915 207 966 tur.
250 903 452 964 NOVIOIUS:
474 904 615 964 Videntur
636 904 706 962 mihi
726 906 756 962 iu
777 903 833 963 hac
853 904 950 979 puella
964 895 1082 978 antiqua
1095 906 1192 963 iusto·

152 1011 216 1052 rum
236 991 374 1050 miracula
394 997 547 1065 renovata,
580 991 712 1050 videlicet
733 993 824 1051 sancti
845 990 995 1050 Benedicti
1015 989 1140 1050 Abbatis
1163 997 1195 1050 et

154 1080 274 1140 Abacuc
295 1077 471 1154 Prophetae:
504 1094 539 1136 ex
561 1079 665 1153 quibus
685 1078 762 1153 prior
783 1095 850 1137 cum
871 1078 976 1137 absens
998 1082 1087 1152 esset,
1118 1077 1195 1137 vidit

152 1182 306 1244 germanae
328 1183 397 1224 suae
419 1165 613 1225 Scholasticae
635 1167 760 1224 animam
781 1167 810 1222 in
831 1167 926 1241 specie
950 1163 1099 1224 columbae
1118 1165 1194 1224 coeli

152 1259 263 1314 secreta
283 1258 431 1328 penetrare
444 1248 480 1330 5);
503 1251 574 1310 alter
595 1268 678 1326 vero,
699 1251 845 1327 Propheta
866 1251 988 1326 scilicet,
1018 1251 1053 1310 de
1074 1249 1195 1311 Judaea
1285 1245 1286 1254 ’

151 1344 182 1399 iu
213 1341 420 1414 momento‘in
441 1337 621 1414 Babylonem
632 1336 653 1417 6)
676 1339 830 1398 translatus
860 1345 912 1398 est.
954 1337 1193 1398 MONACHUS:

153 1428 263 1488 Verum
285 1426 370 1500 dicis,
398 1443 452 1484 nec
473 1427 568 1484 minna
599 1427 693 1500 miror,
723 1426 800 1501 quod
822 1424 920 1486 audire
941 1427 1045 1484 meruit
1065 1427 1195 1484 animam

154 1509 286 1592 sororis⁷)
309 1531 375 1572 cum
397 1517 537 1571 concentu
565 1513 694 1588 angeheo
723 1519 803 1572 tanto
829 1513 960 1572 locorum
981 1514 1072 1588 spatio
1101 1515 1195 1572 inter-

153 1603 246 1677 posito
269 1600 370 1658 deferri
390 1601 420 1657 in
441 1599 572 1673 coelum,
595 1616 682 1674 quam
704 1600 781 1674 quod
802 1601 905 1659 heatus
927 1599 1079 1659 Scaeuinus
1102 1597 1195 1658 Colo-

153 1691 218 1748 niae
239 1689 358 1763 positus,
380 1689 504 1745 animam
526 1689 617 1745 sancti
636 1686 753 1745 Martini
775 1704 840 1745 cum
863 1683 1028 1766 cmsimilill
1051 1693 1195 1746 concentu
1286 1703 1287 1710 ¹

153 1775 307 1835 ascendere
330 1775 466 1849 cognovit
486 1773 524 1832 ad
545 1772 702 1831 Dominum
711 1770 741 1852 ⁹).
784 1774 890 1833 Adhuc
912 1773 969 1832 alia
990 1773 1047 1833 duo
1068 1791 1196 1850 maguae

85 1900 90 1919 .
153 1861 261 1939 gloriae
282 1860 422 1920 beneficia
442 1866 508 1919 sunt
530 1862 556 1919 ei
578 1860 712 1934 exhibita,
734 1860 842 1920 scilicet
863 1860 941 1936 qnod
962 1859 1064 1937 angelo
1077 1866 1196 1919 susten-

154 1955 249 2024 tante,
282 1947 371 2008 eculei
401 1945 513 2006 dclcres
534 1963 592 2005 non
613 1949 716 2021 sensit,
746 1953 774 2006 et
804 1947 882 2023 quod
910 1946 997 2006 finem
1029 1963 1113 2006 suum
1134 1953 1198 2006 tam

154 2037 238 2112 louge
257 2031 284 2114 ¹⁰)
302 2041 374 2095 ante·
389 2033 550 2110 praescivit.
583 2034 723 2109 Prospere
744 2051 814 2093 vero
836 2033 913 2111 apud
934 2034 1081 2094 Veronam
1102 2051 1198 2111 nego-

153 2127 193 2183 tio
213 2119 240 2201 ¹¹)
262 2127 388 2198 peraeto,
411 2139 476 2180 eum
499 2121 610 2180 rediens
620 2121 784 2180 Dioecesim
805 2123 938 2181 intrasset
954 2118 982 2200 ¹²)
995 2120 1198 2181 Wormacien·
1287 2159 1288 2180 2

155 2228 225 2284 seru,
246 2227 304 2268 non
324 2211 436 2284 ingrata
458 2208 569 2267 divinae
591 2207 809 2282 misericordiae,
830 2225 914 2284 prece
937 2213 966 2266 et
980 2224 1034 2282 ope
1046 2207 1199 2268 cuiusdam

156 2295 326 2356 uenerabilis
347 2294 474 2353 inclusae
497 2296 635 2368 obtinuit,
657 2301 691 2352 ut
711 2312 729 2353 a
752 2295 866 2354 domino
888 2293 1056 2354 Theobaldc
1077 2294 1199 2355 Abbate

154 2383 315 2444 Sconaviae
346 2383 376 2439 in
409 2383 554 2441 novicium
589 2384 788 2457 susciperetur.
836 2381 890 2441 Est
922 2386 1020 2441 autem
1051 2381 1200 2443 Scenavia

156 2471 238 2530 locus
260 2470 496 2542 amoenissimus,
517 2485 621 2527 nomen
642 2467 758 2527 trahens
780 2485 798 2527 a
819 2485 858 2528 re.
900 2468 1011 2528 Putans
1034 2485 1098 2528 eam
1118 2469 1200 2528 idem

155 2557 259 2616 Abbas
275 2554 304 2635 ¹³)
327 2572 389 2615 esse
411 2554 670 2630 adolescentulum,
697 2561 764 2631 post
792 2561 904 2631 tergum
933 2573 1016 2614 suum
1041 2557 1071 2614 in
1094 2556 1200 2616 ecdem

157 2661 231 2720 equo
260 2643 359 2703 sedere
386 2644 476 2701 iussit.
532 2641 612 2718 Quae
642 2658 708 2701 cum
736 2642 901 2718 loqueretur
928 2658 1001 2702 voce
1022 2642 1145 2702 leminea
1167 2651 1200 2703 et

155 2731 263 2807 gracili,
285 2730 355 2789 dixit
377 2731 403 2788 ci
424 2728 540 2788 Abbas:
562 2729 664 2787 Frater
685 2729 806 2806 Joseph,
828 2729 955 2787 nondum
965 2731 1083 2788 mutasti
1092 2745 1200 2790 vocem

155 2816 257 2877 tuam?
278 2816 437 2892 Respondit
447 2816 510 2874 illa:
532 2815 665 2891 Domine,
676 2833 824 2892 nunquam
836 2815 916 2875 illam
926 2816 1043 2875 mutabo
1050 2811 1088 2896 ι1).
1110 2811 1199 2876 Αᾶο-Ι

154 2905 311 2966 lescentem
332 2921 363 2963 se
385 2902 537 2978 simulans,
563 2919 669 2961 nomen
690 2906 782 2964 sancti
803 2902 916 2979 Joseph
938 2904 991 2962 sibi
1012 2905 1200 2978 imposuerat,

155 2999 188 3052 ut
209 3009 275 3051 eum
297 3007 382 3066 quem
404 2989 514 3049 validas
536 2993 707 3049 tentationes
729 2991 832 3049 vicisse
853 2995 988 3064 noverat,
1018 2995 1117 3050 eontra
1139 2989 1199 3049 du-

155 3079 260 3155 phcem
280 3077 393 3138 hostem
414 3084 590 3153 pugnatma,
621 3094 737 3136 earnem
758 3076 866 3136 sciHcet
888 3083 916 3135 et
938 3075 1099 3152 diabolum,
1130 3095 1199 3138 me-

156 3168 264 3226 moriae
286 3181 355 3224 snac
377 3164 484 3225 arctius
505 3165 693 3240 imprimeret,
716 3171 745 3224 ct
764 3181 816 3239 per
837 3163 974 3223 auxilium
994 3163 1106 3240 plenius
1127 3181 1198 3223 sen-

175 3282 206 3349 1)
223 3279 265 3334 Cl)
289 3255 430 3331 dimissa.
451 3308 482 3318 -
501 3280 533 3348 2)
551 3279 683 3331 Domine
709 3281 749 3331 mi
773 3278 911 3333 01110-
939 3277 1009 3348 3)P
1031 3278 1198 3331 translata

225 3359 276 3402 est
299 3351 330 3399 iu
353 3348 524 3412 Veronam,
546 3349 566 3401 D
591 3348 751 3400 translata
775 3358 825 3401 est
848 3350 1019 3413 Veronam,
1042 3349 1062 3401 G
1084 3350 1198 3417 posita

226 3428 276 3471 est
301 3421 392 3469 iuxta
409 3418 573 3470 Veronam.
608 3418 722 3470 Forsitan
740 3421 840 3487 scripsit
862 3428 963 3472 auctor:
987 3420 1199 3486 transposita

225 3497 289 3551 est,
307 3495 335 3538 ut
352 3488 417 3538 iulra
434 3487 476 3552 Vl,
496 3487 542 3540 10:
561 3491 785 3555 transpositus
809 3497 860 3540 est
883 3491 973 3540 iuxta
996 3497 1142 3540 castrum.
1163 3519 1196 3529 -

224 3560 257 3627 4)
275 3572 351 3609 vero
369 3573 410 3608 om
428 3557 455 3609 Ο.
476 3587 506 3596 -
526 3558 557 3623 5)
576 3558 678 3625 Gregor.
702 3557 800 3627 Dialog.
818 3559 852 3623 ll,
871 3559 913 3611 31.
932 3589 963 3598 -
983 3559 1015 3626 6)
1033 3558 1075 3610 ΒΙ)
1093 3557 1199 3625 Baby·

224 3629 354 3680 loniam.
389 3625 452 3677 Dan.
472 3627 513 3690 ll,
531 3628 574 3679 35.
594 3657 624 3665 -
644 3629 676 3694 7)
694 3627 714 3679 G
732 3627 780 3678 add
799 3644 884 3680 suae.
904 3657 935 3668 ·-
954 3629 987 3694 8]
1005 3627 1065 3680 GDP
1083 3629 1197 3680 simili.

226 3727 257 3736 -
276 3697 308 3762 9)
326 3695 510 3762 Sevensllpist.
528 3695 561 3746 ad
584 3696 711 3748 Bassnlam
736 3697 767 3747 do
789 3701 895 3750 transitu
919 3698 944 3750 S.
963 3698 1070 3750 Martini.
1089 3727 1121 3737 -
1146 3697 1198 3767 10)

225 3764 329 3828 Odia,
346 3767 440 3817 omisso
458 3773 540 3817 ante.
561 3795 591 3806 —
613 3765 660 3833 11)
678 3765 720 3819 Bc
737 3766 786 3817 add
804 3783 911 3820 sum—
932 3767 980 3835 12)
998 3767 1016 3819 P
1034 3769 1198 3819 intrasset

225 3836 459 3889 Dloecesim.-
472 3836 520 3904 13)
538 3834 558 3889 0
575 3835 683 3889 Abbas
701 3835 835 3888 idem-
853 3835 932 3904 14)c
949 3836 1078 3890 mutabo
1097 3835 1196 3889 illam.
