2564 4306
1013 187 1017 196 ‘
1078 176 1141 239 3⁷3

112 267 196 321 LXII.
232 267 373 334 Quomodo
392 278 467 322 sacra
484 270 644 324 eucharistia
662 271 732 324 sumi
750 271 854 328 debeat
894 312 1072 326 .....
1090 275 1142 328 213

111 337 209 390 LXIII.
244 338 285 390 De
303 337 407 392 Wirieo
426 353 554 392 converso
581 341 628 409 qui
652 340 780 394 carbones
804 356 908 396 sumere
932 341 1006 396 visua
1033 348 1074 396 est

163 408 225 461 Ioco
243 407 408 476 sacramenti.
466 447 1071 465 ...............
1089 411 1141 466 213

110 475 209 529 LXIV.
243 475 284 529 Da
302 491 432 557 converso
455 477 633 546 proprietario
655 477 702 547 qui
725 493 821 548 corpus
845 477 1073 540 Christisumere

109 560 216 695 1112ΪοΙΙ
228 552 600 695 diffininitione·
611 585 644 668 aa
663 585 797 685 corporali
807 587 943 683 'resurae'
956 587 992 671 ou
1010 549 1140 678 ier-'²1⁴

160 684 291 736 mrculum
307 699 337 736 1n
356 699 387 737 ea
405 684 553 739 decoctum.
596 723 1029 740 ...........
1040 735 1041 742 ,
1064 727 1071 741 .
1089 687 1141 742 215

108 750 205 806 LXVI.
240 752 282 805 De
300 753 435 823 corporali
452 753 577 822 quodob
595 759 695 806 tactum
711 753 909 824 impraegnatae
926 756 1071 810 sanctimo-

160 821 241 874 nialis
259 823 432 892 sanguineam
450 823 583 876 contraxit
600 823 731 876 maculam
733 863 1070 879 .........
1088 826 1140 880 216

108 889 219 943 LXVII.
254 890 322 943 Item
340 891 373 944 de
392 892 527 972 corporali
544 891 618 961 quod
640 891 820 946 Godescalcus
843 893 872 944 in
891 893 1071 947 exsiccatione
1152 939 1154 949 .

161 960 241 1029 rupit,
260 966 287 1013 et
304 960 399 1014 divina
415 967 500 1014 vrrtus
518 962 652 1030 reparavit
653 1001 1070 1018 ...........
1088 963 1139 1016 213

298 1085 493 1134 Btsttrrctlo
513 1085 663 1134 decima
681 1086 729 1135 de
747 1085 951 1150 mtracuiis.

109 1168 129 1222 I.
166 1167 238 1234 Quid
256 1169 292 1222 sit
308 1168 481 1238 miraculum3
499 1183 586 1237 aquo
604 1169 649 1222 vel
667 1170 793 1238 aquibus
810 1170 881 1235 fiant
899 1185 946 1224 seu
963 1171 992 1224 in
1009 1172 1071 1240 qui-

160 1238 225 1307 bus3
243 1251 310 1306 quae
328 1238 409 1290 etiam
426 1239 462 1290 sit
481 1253 559 1290 causa
576 1238 766 1296 miraculorum
768 1279 1068 1296 ........
1086 1241 1136 1296 217

107 1306 141 1360 11.
178 1308 217 1360 De
233 1307 369 1360 Winando
388 1307 436 1377 qui
453 1307 522 1359 intra
538 1323 618 1360 unam
635 1307 728 1360 horam
746 1307 780 1360 ab
792 1309 940 1362 Jerusalem
958 1310 1070 1362 mansla-

160 1383 202 1430 tus
221 1384 261 1430 est
278 1377 308 1428 in
325 1376 477 1429 Dioecesim
495 1375 679 1430 Leodiensem.
721 1415 1068 1432 .........
1086 1379 1138 1434 218

107 1444 154 1499 III.
189 1445 230 1499 De
248 1445 378 1500 monacho
396 1445 483 1498 idiota
494 1446 540 1516 qui
557 1446 587 1498 in
604 1445 705 1500 somnis
718 1446 822 1515 accepit
834 1447 974 1502 scientiam
991 1462 1071 1516 prae·

160 1515 271 1568 dicandi
294 1552 1068 1570 ...................
1086 1517 1138 1572 219
1206 1530 1208 1536 ’

106 1585 153 1637 IV.
188 1583 229 1637 De
247 1583 345 1637 clerico
358 1583 406 1654 qni
422 1598 471 1651 per
484 1583 661 1638 minutionem
678 1585 854 1638 litteraturam
865 1584 992 1653 perdidit,
1010 1601 1069 1638 rur-

158 1669 218 1706 sum
235 1653 337 1722 recepit
354 1651 465 1706 eandem
483 1668 552 1706 anno
570 1654 692 1706 revoluto
710 1653 866 1734 sauguinem
884 1654 1038 1708 minuendo.
1060 1656 1138 1710 ,220

107 1722 141 1776 V.
176 1723 217 1775 De
234 1737 364 1775 converso
383 1720 564 1776 Eberbacensi
582 1722 657 1777 euius
673 1728 744 1774 tactu
761 1722 861 1774 rudrmi
878 1723 1045 1778 sanabantur.
1062 1763 1068 1778 .
1085 1725 1136 1778 221

107 1790 155 1845 VI.
190 1792 231 1845 De
248 1790 379 1844 monacho
399 1797 503 1844 contem
523 1796 580 1842 tore
598 1792 786 1859 temporalium
804 1791 879 1845 cuius
897 1798 969 1844 tactu
985 1793 1069 1846 vesti·

159 1869 309 1914 mentorum
325 1859 426 1913 infirmi
443 1805 604 1913 uariantur
605 1898 1068 1916 ............
1086 1863 1136 1916 221

107 1929 167 1984 VII.
202 1930 243 1983 De
269 1929 368 1984 nustico
394 1929 497 1982 fornaci
518 1928 548 1982 in
565 1927 745 1984 Hemersbach
768 1929 874 1983 incluso
898 1936 925 1982 et
940 1943 990 1998 per
1006 1945 1069 1984 san-

160 2005 232 2053 ctum
249 1998 381 2054 iacobum
399 1998 513 2052 liberato
515 2035 1067 2053 ..............
1085 2000 1137 2054 222

105 2067 177 2123 Vlll.
212 2069 253 2122 De
276 2067 384 2122 Abbate
407 2068 507 2137 quiid
530 2067 638 2122 caritate
656 2083 671 2120 a
688 2067 819 2126 monacho
843 2080 892 2119 suo
914 2066 1068 2128 admonitus

159 2151 250 2191 carnes
268 2137 385 2192 comedit
386 2173 1066 2193 .................
1084 2138 1136 2192 223

105 2206 154 2260 IX.
188 2206 229 2260 De
247 2206 377 2259 monacho
415 2206 442 2258 ui
461 2221 566 2262 carnem
588 2205 716 2260 foetidam
734 2205 824 2272 coepit
841 2205 987 2270 comedere,
1007 2220 1068 2260 cum

157 2275 260 2329 Abbati
277 2291 326 2329 suo
345 2222 456 2329 obedire
473 2276 559 2330 nollet
575 2275 609 2328 ad
628 2289 702 2328 esum
721 2273 848 2328 earnium.
889 2311 896 2326 .
931 2311 938 2326 .
974 2291 988 2328 .’
1017 2313 1024 2328 .
1060 2276 1135 2330 ,223

103 2343 139 2399 X.
174 2345 215 2398 De
233 2345 331 2398 temina
347 2361 364 2397 a
382 2345 525 2398 daemonio
547 2345 660 2400 liberata
678 2352 705 2398 et
721 2343 755 2397 ab
774 2343 870 2398 eodem
887 2343 922 2396 ob
940 2342 1067 2398 inobedi-

156 2415 255 2466 entiam
274 2413 414 2467 confracta.
459 2451 765 2468 ........
781 2429 783 2448 ²
802 2449 1065 2466 .......
1083 2414 1135 2468 224

103 2483 152 2537 XI.
187 2482 228 2536 De
247 2483 376 2536 daemone
394 2497 473 2552 quem
490 2483 619 2536 Albertua
637 2476 783 2536 Scodehart
805 2481 961 2536 ioculariter
978 2482 1065 2536 eiecit
1084 2484 1136 2537 224

102 2552 164 2606 XII.
200 2553 241 2606 De
264 2552 432 2606 Theoderico
461 2553 549 2606 milite
572 2553 606 2608 de
633 2553 730 2606 Rulant
758 2552 805 2621 qui
831 2551 906 2604 fluxu
929 2551 1066 2622 sanguinis
1111 2595 1116 2608 .

155 2621 280 2674 laborans
298 2622 454 2676 Sarracenos
472 2623 633 2676 miraculose
650 2621 760 2692 fugavit
801 2658 979 2674 .....
1058 2661 1064 2676 .
1082 2621 1134 2675 226

102 2690 178 2744 XIII.
213 2690 253 2743 De
276 2691 363 2743 milite
382 2692 456 2744 cuius
475 2691 554 2744 vinea
572 2692 696 2757 collecta
715 2689 757 2748 'ob
780 2689 973 2759 perfectionem
990 2689 1065 2744 deci-

155 2760 280 2812 mationis
298 2761 401 2828 repleta
418 2765 459 2812 eat
475 2760 635 2814 miraculose
636 2796 1064 2815 ...........
1081 2759 1132 2812 227

101 2828 177 2883 XIV.
212 2828 253 2882 De
271 2843 398 2882 converso
427 2828 501 2882 cuius
526 2829 645 2884 oratione
673 2829 729 2882 olla
752 2828 884 2882 confracta
907 2827 1066 2882 miraculose

153 2898 203 2952 illa
219 2905 341 2967 reparata
358 2904 406 2950 est.
459 2935 1063 2952 ...............
1081 2896 1133 2950 228

101 2967 163 3022 XV.
198 2968 239 3020 De
263 2981 392 3020 converso
417 2965 454 3021 ob
480 2966 555 3020 cuius
573 2966 741 3020 obdientiam
757 2966 816 3034 pisa
833 2965 863 3018 iu
880 2981 944 3038 agro
961 2965 1065 3018 siccans

154 3033 313 3090 miiaculose
331 3051 408 3088 versa
425 3043 465 3088 est
466 3072 1062 3090 ...............
1081 3033 1132 3087 229
1182 3065 1201 3082 .1

101 3105 180 3186 xvl.
211 3105 251 3158 De
270 3104 370 3180 Sophia
387 3105 534 3158 Abbatissa
560 3104 604 3158 cui
629 3103 717 3158 tenuis
740 3101 853 3158 cervisia
878 3118 955 3158 versa
978 3103 1064 3156 estin
1081 3171 1132 3224 229

154 3190 247 3228 vrnnm
249 3211 1062 3228 .....................

100 3243 189 3299 XVII.
224 3243 265 3297 De
273 3243 383 3313 pistrice
397 3243 456 3296 blns
477 3241 685 3296 hemantecuius
702 3242 1062 3310 partaveraaestindmum.
1081 3241 1133 3294 230

100 3312 201 3368 XVIII.
236 3313 277 3366 De
295 3313 393 3366 Ottone
411 3311 444 3366 de
457 3259 613 3366 {cantatur
648 3311 695 3380 qui
717 3325 765 3379 per
786 3317 869 3364 totam
887 3309 1064 3380 Quadragesi·

153 3397 224 3435 mam
242 3397 332 3434 carnes
351 3381 476 3446 comedit,
496 3388 522 3435 et
538 3387 600 3449 post
610 3327 713 3435 {ascha
730 3379 787 3432 iilis
805 3379 878 3432 vesci
895 3394 950 3433 non
966 3379 1063 3447 potuit.
1081 3377 1131 3431 231

99 3450 177 3505 XIX.
212 3450 252 3504 De
271 3451 397 3504 crucifixo
415 3450 487 3519 apud
504 3458 624 3503 sanctum
642 3447 758 3502 Goarem
774 3447 928 3512 vulnerato,
952 3447 986 3500 de
1009 3463 1063 3517 quo

153 3535 199 3572 san
238 3520 260 3573 's
278 3520 371 3574 exivit.
413 3555 1019 3572 ...............
1035 3515 1131 3569 „232
1176 3539 1178 3544 ·

98 3587 163 3644 XX.
212 3596 266 3642 tem
282 3589 315 3642 de
334 3603 411 3642 cruce
428 3589 548 3641 lanceata
567 3586 611 3640 cui
628 3585 717 3639 simile
735 3586 854 3656 contigit.
884 3621 891 3637 .
922 3624 934 3646 ,.
969 3625 975 3638 .
1012 3624 1018 3639 .
1047 3584 1131 3640 ’.232

98 3656 177 3712 XXI.
210 3657 252 3711 De
268 3657 372 3710 furibus
390 3658 437 3726 qui
460 3656 489 3708 in
507 3655 630 3710 Traiecto
655 3669 761 3708 erucem
781 3654 861 3708 furati
883 3661 945 3707 sunt
968 3660 995 3708 et
1016 3669 1061 3706 su-
1078 3721 1129 3774 233

153 3739 242 3795 spensr
244 3761 1078 3784 .....................
