2580 4316
421 260 502 322 DE
534 257 829 330 CONVERSIONE.
1124 280 1162 342 51

69 377 122 438 titel.
151 377 190 440 Et
208 379 357 442 videtur
385 384 430 443 in
462 401 511 444 ea
537 383 620 442 illud
640 383 798 449 Salomonis
819 389 980 469 impletumr
1008 397 1164 464 Mulierem

72 465 149 541 iuteo
168 473 236 545 qtae
262 474 436 532 inveniet
452 469 511 550 ¹)?
572 469 642 530 Non
669 480 712 532 est
731 478 881 538 inventum
902 483 993 544 simile
1014 488 1044 546 in
1065 488 1164 552 ordine

75 560 150 630 nostro,
170 563 198 616 et
218 558 301 617 ideo
331 562 415 618 sine
435 558 608 634 exemplo.
650 560 820 638 Mulierem,
841 568 947 644 inquit,
970 589 1006 631 es
1028 575 1163 638 omnibus

75 659 118 700 ooo
133 643 277 720 bocum).
331 646 517 722 Ingressa
541 645 744 721 probationem
752 646 782 729 ³),
804 670 1016 718 mannmsuem
1028 664 1104 720 misit
1124 663 1162 724 od

76 725 166 811 foreat).
208 733 306 792 Inter
343 735 451 792 viros
488 732 650 806 dormint,
677 751 743 793 cum
770 740 838 797 viris
867 744 991 803 comedit
1018 754 1047 806 ct
1075 750 1162 825 bibit,

77 813 148 897 dim)
170 819 210 878 ad
235 820 449 896 disciplinas
467 819 601 878 dorsum
623 837 706 898 suum
720 824 847 884 nudavit
889 829 1005 890 Etcum
1018 845 1094 896 esset
1113 839 1161 896 iu·

76 905 172 966 scocula
198 909 331 966 multae
369 908 570 984 gravitatis,
605 912 701 967 tamen
729 927 765 969 ne
794 928 879 974 sexus
909 920 968 978 eius
997 929 1161 999 notaretur,

76 993 227 1070 quandoque
254 997 329 1054 suis
358 996 472 1054 sociis
505 996 539 1050 in
561 993 731 1067 probatione
752 1000 834 1074 signa
855 1001 952 1078 aliqua
972 1009 1096 1068 ostendit
1116 1011 1160 1071 le-

75 1081 165 1157 vitatis,
195 1100 277 1140 nam
312 1084 471 1140 absente
495 1081 656 1156 magistro,
684 1085 872 1176 monpohum,
906 1094 954 1165 qui
975 1092 1048 1154 haec
1075 1098 1159 1158 nobis

75 1167 156 1243 rotulit,
176 1169 422 1228 Hermannum
441 1169 582 1240 nomine,
604 1172 672 1226 tunc
693 1187 815 1244 puerum
829 1178 1044 1249 quatuordeeim
1065 1201 1159 1244 anno-

73 1270 134 1330 rum,
160 1257 201 1314 ad
226 1256 405 1333 scyphum
439 1271 539 1312 suum
563 1252 686 1329 ducens,
715 1260 769 1316 ait:
801 1261 1018 1326 Consideremus
1047 1271 1076 1328 in
1103 1271 1159 1332 hoc

71 1334 172 1422 ritro⁶),
196 1347 271 1418 quis
296 1350 465 1402 nostrum
489 1342 531 1398 sit
551 1339 709 1400 formosior.
752 1347 791 1404 ut
812 1366 878 1408 cum
890 1352 1049 1414 relucentes
1071 1361 1100 1415 in
1122 1376 1157 1418 eo

68 1427 143 1488 iacies
164 1431 373 1504 attenderet,
409 1427 532 1486 iterum
555 1428 664 1486 aiebat:
686 1429 865 1510 Hermanno,
897 1443 1040 1513 quomodo
1061 1444 1158 1520 placet

67 1515 111 1574 tibi
130 1506 223 1578 facies
247 1517 355 1590 mea?
411 1513 592 1588 Respondit
611 1514 672 1574 ille:
694 1519 816 1578 Videtur
835 1523 907 1588 mihi
926 1536 1055 1589 mentum
1075 1539 1157 1594 tuum

66 1602 236 1678 dispositum
260 1608 352 1664 sicut
377 1607 531 1660 mentum
552 1601 687 1660 mulieris.
730 1606 812 1667 Tunc
824 1609 873 1669 illa
887 1618 969 1686 qussi
979 1617 1156 1694 indignando

66 1694 189 1749 recessit.
243 1692 377 1750 Postea
412 1703 475 1764 pro
512 1685 645 1762 neglecto
654 1686 674 1768 7)
707 1692 819 1753 silentio
851 1700 937 1758 ambo
969 1706 1156 1778 vapulabant.

67 1775 280 1838 NOVIGIUS:
305 1777 428 1850 Miror,
455 1776 483 1832 si
507 1772 620 1847 adquae
641 1778 670 1834 in
685 1777 782 1839 ordine
797 1781 930 1856 habuerit
946 1791 1157 1876 tentationes⁸).
1220 1799 1227 1812 “

69 1861 320 1926 MONACHUS:
356 1864 414 1921 De
451 1863 518 1919 eius
541 1864 746 1925 tentationibus
772 1868 842 1928 nihil
863 1873 973 1952 audivi3
1003 1879 1054 1938 sed
1077 1883 1155 1956 quod

71 1948 132 2009 stus
161 1951 252 2012 inerit
285 1969 392 2016 causa
416 1949 602 2021 tentationis,
624 1952 692 2009 satis
720 1955 854 2014 intellexi.
898 1959 971 2020 Cum
998 1971 1155 2044 appropia.

74 2045 179 2110 queret
199 2045 327 2114 tempus
361 2033 563 2095 resolutionis
586 2037 644 2094 eius
656 2032 692 2115 ⁹),
722 2045 816 2117 eoepit
843 2045 986 2108 infirmari.
1028 2053 1153 2116 Etcum

78 2139 148 2196 prae
171 2127 265 2183 nimia
289 2123 460 2183 debilitate
473 2120 514 2179 ad
537 2120 642 2196 lectum
664 2141 748 2184 sunm
761 2137 922 2203 portaretur
937 2134 975 2215 ¹⁰),
996 2143 1154 2204 monachus

84 2209 205 2282 qnidam
227 2229 297 2270 eam
320 2214 462 2282 intuens,
485 2209 568 2266 iuxta
583 2205 611 2288 ¹¹)
633 2227 665 2268 se
687 2216 828 2275 stantibus
840 2219 916 2279 clara
927 2241 1000 2285 voce
1023 2227 1152 2289 dicebat:

85 2293 186 2364 Homo
201 2300 257 2358 iste
280 2297 335 2356 vel
357 2297 479 2354 femina
502 2300 546 2352 est
560 2294 605 2354 vel
618 2297 757 2375 diabolus,
780 2307 848 2377 quia
863 2304 891 2386 ¹²)
913 2328 1059 2387 nunquam
1072 2315 1152 2376 illum

90 2385 235 2457 respicere
262 2385 353 2460 potui
385 2385 453 2440 sine
485 2385 651 2442 tentatione.
701 2386 740 2444 Et
765 2392 834 2450 satis
864 2398 1004 2468 probatur
1033 2419 1069 2460 ex
1096 2404 1153 2465 hoo

93 2467 160 2527 ioco
174 2467 217 2548 13),
238 2471 321 2546 qnod
342 2470 431 2528 fortis
454 2469 493 2526 sit
506 2469 550 2526 vis
568 2477 695 2530 naturae.
733 2473 907 2554 Vocansque
928 2484 1064 2564 Priorem,
1086 2509 1152 2550 cum

100 2554 128 2612 ei
146 2565 270 2629 peccata
291 2555 447 2632 quaedam
469 2553 547 2612 levia
569 2557 761 2636 eonfiteretur,
789 2570 818 2622 et
838 2567 885 2625 ille
906 2571 1106 2652 interrogaret,
1128 2581 1153 2638 si

99 2655 232 2716 unquam
245 2639 275 2722 11)
299 2643 434 2717 aliquam
450 2645 635 2716 cognovisset
648 2647 803 2724 mulierem,
824 2657 971 2730 respondit
984 2661 1047 2720 illa:
1068 2664 1152 2724 Nun·

102 2741 204 2802 quam,
225 2729 351 2803 domine,
372 2746 441 2787 reus
457 2725 487 2808 ¹⁵)
512 2727 552 2786 tui
572 2731 692 2791 alieuius
713 2736 858 2815 mulieris,
879 2745 940 2803 sive
962 2750 1014 2813 viri
1029 2743 1074 2830 16);
1096 2752 1152 2814 hoo

103 2811 244 2874 adiiciens
270 2823 391 2892 propter
413 2833 526 2874 sexum.
568 2817 681 2892 Deinde
709 2825 839 2884 recitavit
861 2831 886 2887 ei
902 2827 930 2910 Π)
952 2837 1152 2908 perordinem

104 2913 140 2958 eo
163 2901 253 2960 modo
275 2920 333 2977 quo
362 2903 544 2978 praedictum
573 2913 630 2980 est,
659 2910 793 2970 universa
822 2930 895 2988 quae
923 2921 998 2980 circa
1026 2941 1057 2982 se
1086 2932 1153 2986 acta

105 2988 194 3062 suist,
213 2991 299 3048 tacito
322 3007 403 3048 sexu.
447 2985 547 3048 Priore
569 2998 714 3070 stupente,
736 3014 771 3056 ac
794 2998 918 3064 dicente:
940 3005 1055 3084 Frater,
1078 3029 1152 3086 quae

106 3069 237 3146 loqueris
263 3075 350 3134 fidem
372 3075 514 3135 excedere
534 3077 681 3155 videntur,
711 3088 739 3140 et
761 3102 818 3159 quo
840 3101 1009 3166 argumento
1030 3100 1153 3170 probare

108 3165 215 3232 potero
234 3161 282 3220 illa
310 3180 375 3222 esse
403 3161 499 3222 vera?
527 3166 672 3240 respondit
692 3171 803 3243 puella:
824 3173 920 3237 Hodie
942 3181 1087 3243 biennium
1110 3187 1153 3245 ef-

130 3273 168 3342 1)
189 3274 299 3330 Proverb.
318 3279 367 3342 31,
389 3279 433 3330 10.
455 3309 485 3317 -
505 3279 537 3346 2)
555 3281 695 3358 Ecclesi,
713 3286 755 3338 29.
776 3318 806 3328 -
826 3291 858 3358 3)
876 3293 896 3345 Β
920 3295 957 3346 ad
982 3300 1153 3364 probatio.

190 3361 266 3412 nem,
289 3348 358 3400 Cin
386 3347 624 3416 probationem.
651 3383 681 3392 —-
706 3357 738 3423 4)
757 3358 876 3412 Proverb.
894 3365 943 3428 31,
970 3369 1011 3420 19.
1032 3400 1063 3410 -
1082 3373 1153 3440 5)c

190 3431 250 3467 cum
267 3419 365 3480 viris,
384 3427 489 3482 et,mox
506 3417 766 3488 disciplinam-
781 3431 812 3496 6)
831 3431 892 3483 BDP
910 3437 1003 3501 vino;
1021 3441 1087 3492 coni.
1106 3443 1153 3508 lX,

190 3483 217 3547 33
232 3487 305 3552 paulo
323 3495 384 3554 post
403 3487 424 3539 C
442 3487 617 3543 formosior
635 3496 686 3544 sit.
702 3525 733 3534 -
752 3498 784 3565 7)
801 3500 820 3552 G
838 3513 953 3567 postea
971 3517 1078 3560 autem
1096 3528 1152 3578 pro

187 3553 295 3608 fracto.
316 3585 349 3596 -·
380 3557 414 3623 8)
433 3558 498 3608 conl.
516 3559 562 3623 lll,
585 3563 626 3614 33.
645 3562 703 3628 Vll,
728 3565 770 3617 37.
791 3598 821 3609 -
848 3571 879 3639 9)
898 3574 918 3625 G
936 3577 1005 3628 eius
1023 3580 1153 3634 resolu-

185 3627 282 3678 tionis
300 3635 441 3692 tempus.
460 3657 491 3666 -
510 3628 556 3696 10)
575 3630 594 3682 C
612 3631 857 3698 deportaretur.
878 3672 909 3683 -
930 3645 978 3713 11)
997 3647 1017 3700 G
1035 3665 1150 3704 coram.

183 3723 215 3734 —-
234 3697 281 3764 12)
300 3697 384 3762 quia
403 3693 453 3744 add
471 3695 537 3748 C.—·
555 3699 602 3766 13)
621 3700 677 3752 libri
701 3703 780 3758 loco.
802 3739 832 3750 -
854 3709 902 3779 14)
921 3713 962 3766 BG
980 3733 1150 3786 nunquam.

179 3795 210 3806 ..
232 3767 280 3834 15)
300 3765 369 3818 BGl)
388 3779 454 3814 rea.
474 3795 502 3804 -
521 3765 568 3837 16)
585 3769 605 3824 G
623 3773 687 3823 viri
705 3776 776 3828 sive
793 3779 950 3835 mulieris.
971 3814 1001 3825 -
1019 3787 1067 3856 17)
1086 3790 1105 3842 G
1123 3791 1152 3841 ei

174 3837 356 3889 recitavit.
