2628 4310
446 289 501 352 DI}
526 289 754 354 nmncims.

404 481 640 543 CAPITULUM
667 481 809 542 LXVIII.

80 601 156 660 Item
177 600 214 659 de
235 599 346 677 bosom
368 605 421 678 qui
436 605 468 662 iu
488 605 601 682 phyolu
624 603 715 663 bibuli
736 602 895 664 abradote
916 608 1050 676 repertus
1072 609 1121 662 cet

94 725 102 731 ”
144 721 180 780 In
201 723 295 798 Berge
316 722 386 782 villa
403 723 552 784 Dioecesis
576 724 752 785 Coloniensis
775 723 912 784 sacerdos
934 723 1051 799 quidam
1072 740 1123 784 ce·

80 808 188 883 lebrat,
216 807 303 868 homo
325 812 394 868 satis
416 810 568 887 mirabilis,
598 817 627 870 et
654 811 739 888 gulae
767 816 845 870 totus
876 809 998 869 deditus.
1046 810 1122 871 Nolo

82 912 148 954 curn
168 897 331 971 nominare3
361 914 444 972 spero
468 897 546 973 quod
567 896 662 956 adhuc
685 901 773 956 dmm
794 915 875 957 auam
898 896 1002 956 debeat
1024 912 1123 956 ernen-

82 981 159 1040 dare.
201 982 279 1041 Huic
301 982 477 1042 consuetudo
500 989 544 1042 eet
565 989 694 1061 ternpore
723 986 847 1058 aestivo,
877 989 993 1059 propter
1020 984 1123 1042 incita·

82 1075 179 1128 menta
199 1069 293 1144 gulae,
315 1075 427 1129 tantum
448 1072 478 1128 in
499 1070 613 1147 phyalis
635 1072 750 1146 bibero,
770 1069 800 1128 id
823 1076 867 1130 est
887 1073 916 1128 in
940 1069 1055 1146 scyphis
1076 1073 1123 1130 vi-

82 1157 157 1214 treis.
201 1155 257 1215 Die
270 1156 395 1230 quadarn
411 1156 549 1234 phyalam
571 1175 653 1216 suam
675 1159 741 1216 vino
764 1157 902 1234 repletam
923 1156 1034 1232 tollens,
1057 1174 1122 1216 oum

82 1243 177 1300 nascio
194 1244 239 1300 cui
253 1241 332 1301 illam
353 1242 392 1301 ad
411 1243 570 1319 potandum
582 1240 598 1323 ¹)
621 1246 785 1320 porrigeret,
808 1244 876 1302 bufo
893 1261 1015 1319 magnus
1036 1242 1123 1302 iundo

82 1327 193 1387 Insedit.
214 1328 261 1388 De
276 1346 333 1403 qua
346 1332 455 1389 visione
469 1330 554 1389 valde
566 1333 662 1407 territi,
673 1331 849 1390 mirabantur
860 1329 1004 1405 quomodo
1021 1347 1124 1405 corpus

82 1423 142 1474 tam
162 1415 272 1490 grande
287 1418 392 1474 intrare
410 1420 557 1491 potuisset,
578 1435 644 1476 cum
664 1417 833 1476 eidemvasi
847 1417 925 1492 quod
938 1416 1054 1475 inferius
1068 1416 1124 1474 dis-

83 1501 261 1577 iundobatur,
280 1510 356 1561 esset
374 1503 478 1562 collum
492 1503 611 1580 longum
619 1511 647 1564 et
661 1504 733 1563 exile
748 1506 840 1564 niuniu.
881 1503 1012 1577 Cumque
1026 1520 1125 1563 sacer-

85 1588 137 1646 dos
157 1605 215 1646 non
237 1596 335 1663 posset
358 1607 484 1648 vermem
507 1593 615 1664 eiicere,
637 1608 730 1665 neque
752 1608 805 1650 vas
826 1590 914 1650 vellet
934 1590 1073 1665 frangere,
1094 1591 1123 1648 In

84 1674 180 1733 locum
201 1675 278 1734 unde
298 1673 397 1756 illud²)
427 1676 530 1735 tulerat
551 1680 694 1752 reposuit,
719 1683 748 1735 et
769 1683 835 1753 post
855 1678 956 1735 horam
978 1685 1124 1750 reversus,

83 1761 153 1819 nihil
174 1764 202 1819 in
226 1779 259 1821 eo
281 1765 394 1836 reperit.
412 1833 415 1838 Ι
436 1763 575 1822 Nimirum
594 1764 687 1839 liquor
707 1763 755 1822 illc
777 1763 947 1823 miraculose
970 1779 1125 1823 conversus

83 1849 177 1907 iuerat
196 1851 226 1906 iu
247 1865 375 1908 vermem
396 1849 550 1926 horridum,
572 1856 605 1908 nt
625 1852 686 1910 eius
708 1850 838 1927 exemplo
861 1848 996 1909 sacerdos
1017 1850 1125 1910 abhor-

86 1941 167 1995 reret
183 1937 359 1995 ebrietatem.
689 1951 694 1957 ·

422 2126 656 2190 onrrnmun
680 2127 794 2218 nxm.

88 2250 137 2306 De
159 2248 270 2324 bufone
298 2253 351 2325 qui
379 2257 512 2324 repertus
540 2258 582 2309 cst
602 2269 692 2326 cuper
721 2252 818 2310 ultore
838 2249 1030 2309 iudaeorum
1060 2268 1128 2309 cum

396 2337 576 2396 celebrarent
597 2339 774 2413 cenopbcpta
783 2334 815 2411 ³).

152 2457 219 2516 Non
232 2463 276 2517 cst
290 2457 337 2516 diu
351 2457 429 2534 quod
442 2475 493 2534 per
506 2458 669 2518 huiusmodi
686 2476 814 2518 vermem
827 2458 909 2519 Deus
930 2457 1062 2518 Judaeos
1080 2461 1137 2533 qui,

86 2562 208 2620 corpore
224 2551 252 2603 et
266 2544 343 2603 cultu
359 2547 473 2614 omnino
486 2546 624 2604 immundi
642 2552 715 2621 sunt,
728 2546 896 2626 miraculose
910 2548 979 2604 satis
994 2544 1128 2605 confudit.

86 2632 122 2691 In
135 2631 205 2690 villa
216 2633 346 2706 proxima
359 2649 434 2706 quaa
447 2631 576 2692 Wintcre
588 2635 758 2708 nominatur,
776 2640 904 2708 tempore
926 2632 1051 2709 quodam
1070 2630 1128 2691 Ju-

87 2718 218 2777 daeiillic
234 2724 450 2792 commorantes,
463 2721 492 2777 in
505 2718 590 2780 domo
603 2719 751 2778 cuiusdam
761 2719 857 2778 militis
879 2738 965 2796 quam
981 2718 1128 2779 conduxe-

87 2809 163 2877 rant,
179 2802 319 2878 quasdam
334 2804 536 2864 sollemnitates
550 2806 743 2866 celebrabant.
772 2806 902 2883 Cumque
917 2806 1005 2866 altare
1027 2808 1129 2882 pannis

87 2888 188 2948 multis
209 2906 244 2948 ao
266 2891 591 2968 mundisoperuissent,
612 2899 741 2969 tempore
763 2894 893 2952 sacrificii
912 2894 1067 2970 vespertini
1087 2893 1128 2951 si-

87 2974 152 3035 mul
175 2978 321 3051 intrantes,
343 2976 476 3036 sacerdos
497 2979 535 3036 ad
556 2979 645 3038 altare
667 2979 823 3055 accedens,
844 2986 998 3055 postquam
1018 2996 1129 3056 pannos

86 3062 228 3137 revolvit,
250 3062 304 3120 sub
327 3065 368 3122 eis
390 3065 466 3123 circa
486 3065 611 3125 medium
632 3065 729 3124 altaris
750 3069 906 3126 maximum
927 3066 1062 3126 barionem
1083 3068 1128 3124 in·

87 3152 178 3209 venit.
221 3150 279 3226 Qui
291 3167 357 3209 oum
378 3168 415 3210 ex
427 3152 514 3210 nimio
530 3151 647 3211 horrore
669 3152 828 3228 clamasset,
849 3171 997 3213 accurrere
1014 3151 1129 3228 Jirdaei,

87 3243 275 3297 accurrerunt
297 3242 326 3296 ct
347 3236 513 3313 Christiani3
549 3256 603 3298 neo
631 3241 725 3315 potuit
751 3238 840 3299 latere
861 3242 933 3299 visio
955 3247 1015 3300 tam
1043 3255 1128 3298 mon-

87 3331 214 3384 struosa.
246 3323 347 3383 Plures
362 3327 437 3384 enim
452 3325 564 3399 milites,
586 3331 728 3384 eteorum
741 3343 845 3386 uxores
867 3326 905 3385 ad
933 3326 1128 3402 spectaculum

87 3411 303 3484 confluxerant,
331 3399 379 3486 qui
407 3415 436 3470 in
462 3415 550 3471 risum
572 3412 704 3486 resoluti,
732 3412 911 3472 Judaeorum
933 3413 1129 3478 confusionem

86 3504 358 3575 augmentaverunt.
401 3499 458 3558 Per
472 3516 544 3574 quos
557 3501 644 3559 etiam
665 3501 815 3558 recitatum
838 3507 881 3559 est
902 3507 970 3559 tunc
992 3501 1128 3573 temporis

86 3585 206 3643 domino
222 3584 357 3644 Govardo
370 3584 479 3645 Abbati
501 3593 608 3659 nostro,
629 3605 647 3645 a
669 3602 727 3660 quo
749 3603 803 3662 ego
825 3585 930 3645 andivi.
973 3582 1128 3645 NOVIOI-

107 3770 200 3838 1)οΡ
224 3770 261 3821 ud
289 3771 460 3836 potandum
491 3769 593 3835 illam,
616 3770 637 3823 F
662 3771 701 3822 ad
726 3770 912 3837 potandum.
945 3799 974 3810 —
1006 3768 1038 3835 2)
1062 3767 1129 3824 na?

114 3871 116 3876 ·
161 3840 266 3903 illurn,
283 3840 304 3892 l)
322 3843 436 3908 ipsum.
456 3871 485 3881 -·
506 3842 538 3909 3)
556 3843 740 3910 scenopegiam.
