2538 4314
390 303 450 364 DE
473 301 747 366 comessores.
1028 303 1087 364 123

54 425 194 504 Johrrnes,
214 413 296 488 sient
319 427 466 488 mirabilis
486 427 552 502 fuit,
571 429 615 487 ita
635 407 765 487 mirabile
785 426 920 502 verbum,
941 423 1020 503 qnod
1042 425 1088 485 di-

55 515 328 664 pplrecpprmecmrdor,
358 513 522 591 respondit,
548 513 697 574 diabolum
716 513 851 590 irridens,
882 521 913 574 et
942 515 980 574 de
1001 530 1089 592 opere

426 791 657 854 enerrULUM
675 791 732 853 XI.

59 913 97 972 De
114 915 246 974 Hero-ico
270 914 498 986 ctoeSosocioe,
520 918 571 988 qui
593 933 613 973 a
636 915 778 974 donnons
798 917 831 974 in
851 918 942 990 specie
963 917 1092 974 mulieris

131 1009 248 1077 raptare,
274 1009 303 1061 et
324 1005 360 1059 in
375 1001 503 1076 pesculo
524 1002 680 1078 depositus,
703 1019 804 1060 arnan
826 1002 943 1079 efferim
964 1008 1031 1062 est..

112 1123 144 1180 ln
166 1125 291 1202 civitate·
312 1123 438 1182 Susacia
450 1119 466 1201 ¹)
489 1125 557 1182 civis
580 1122 698 1198 quidam
719 1130 780 1182 erat
800 1123 942 1182 Henricus
964 1125 1093 1198 nominc,

62 1217 240 1286 cognomento
265 1209 402 1269 Gemma
445 1209 537 1269 Huius
567 1207 685 1280 ollicii²i
707 1211 759 1268 fuit
787 1212 885 1269 vinum
910 1213 941 1268 in
969 1211 1095 1270 tabernis

63 1297 180 1356 rendere.
225 1297 371 1356 Habebat
393 1301 490 1354 autem
511 1297 660 1356 tabernam
682 1295 889 1373 aliquantulum
910 1295 1028 1356 adomo
1043 1314 1096 1356 sua

63 1391 197 1442 remotam
244 1384 304 1460 Qui
327 1401 397 1441 cum
420 1389 504 1442 nocte
530 1383 656 1460 quadam
680 1384 838 1456 secundum
861 1384 1096 1444 consuetudinem

64 1471 132 1530 tarde
153 1471 189 1530 de
212 1473 340 1530 taberna
360 1468 483 1544 rediens,
504 1478 533 1530 et
553 1473 706 1546 pecuniam
728 1471 764 1530 de
786 1474 853 1530 vino
875 1471 1026 1530 collectam
1047 1488 1095 1530 se·
1189 1509 1192 1522 ·

65 1575 121 1616 eum
138 1564 271 1634 portans,
293 1557 413 1615 domum
433 1557 592 1632 festinaret,
624 1557 696 1616 vidit
716 1557 861 1634 quandam
882 1559 1008 1634 speeiem
1030 1576 1096 1618 rnu-

65 1643 169 1704 llebrem
188 1648 222 1703 in
246 1645 314 1704 alba
336 1650 419 1704 veste
441 1650 470 1702 et
490 1644 565 1704 linea
585 1649 709 1704 stantem
729 1647 759 1704 in
784 1645 849 1704 loco
878 1645 1018 1720 quodam,
1044 1646 1096 1704 ubi

68 1733 133 1790 cives
153 1732 251 1791 solent
271 1731 411 1807 placitare
419 1727 449 1810 ³).
481 1731 568 1814 nNihil
596 1731 665 1790 mali
687 1732 722 1792 de
745 1749 780 1790 ea
801 1735 958 1808 suspicans,
979 1731 1096 1791 cunrad

68 1817 154 1878 locum
170 1821 316 1892 venisset,
348 1816 399 1876 illa
425 1835 477 1893 per
504 1825 616 1878 vestem
636 1819 783 1878 hominem
804 1821 903 1894 traxit,
931 1826 961 1880 et
980 1822 1035 1878 eit:
1070 1817 1095 1878 Ο

70 1909 165 1981 unice,
188 1907 241 1964 diu
262 1912 292 1964 te
314 1904 361 1963 hic
380 1909 563 1981 exspectavi3
585 1923 682 1966 amare
703 1923 751 1966 me
773 1906 868 1966 debes.
911 1905 965 1965 Illo
987 1912 1097 1966 vastem

72 1991 101 2050 de
117 2012 204 2054 mann
227 1995 289 2052 eius
308 1993 482 2066 *excidente
503 2010 537 2052 ac
560 1993 686 2054 dicente:
719 1993 786 2052 Sine
813 2010 861 2052 me
886 1994 942 2067 ire,
969 1993 1099 2052 luxuriae

73 2085 128 2138 tuae
155 2099 216 2140 non
244 2081 438 2152 consentiam,
469 2079 522 2140 sed
557 2079 663 2140 vadam
691 2079 729 2138 ad
755 2097 875 2140 uxorem
906 2097 1019 2155 meam,
1051 2078 1101 2138 ille

73 2164 167 2228 fortiter
185 2169 305 2241 institit,
334 2165 376 2226 ad
404 2167 633 2226 commixtionem
655 2184 721 2226 cunr
741 2169 873 2228 invitans.
924 2167 1006 2242 Quae
1033 2181 1101 2226 cnm
1182 2225 1189 2240 ,

75 2255 157 2314 vorbis
178 2271 236 2314 non
258 2253 420 2329 proliceret,
440 2255 512 2312 inter
534 2253 652 2312 brechia
672 2272 725 2312 sue
746 2257 839 2312 virum
852 2253 965 2327 tollens,
985 2260 1014 2313 et
1024 2253 1101 2312 mul·

77 2345 129 2398 trm
148 2344 352 2416 comprimere,
381 2341 410 2398 in
438 2356 506 2398 aera
533 2340 655 2414 levavit,
687 2346 773 2416 atque
801 2339 877 2400 ultra
897 2342 1102 2400 monasterinm
1204 2347 1210 2356 '

77 2431 157 2487 suncti
176 2428 318 2501 PatroclI,
344 2426 425 2501 quod
453 2429 521 2486 satis
543 2427 633 2486 albim
654 2434 713 2501 est,
745 2427 825 2486 illum
853 2427 1040 2502 transferens,
1072 2429 1101 2486 in

79 2514 185 2586 pesculo
207 2514 349 2590 deposuit.
393 2513 449 2589 Qui
469 2513 616 2589 dimissus,
646 2521 726 2574 extra
753 2521 879 2573 mentem
897 2516 1004 2589 lactus,
1035 2532 1104 2574 cum

80 2608 137 2674 post
155 2601 253 2660 horem
274 2603 409 2660 resumtis
429 2601 537 2660 viribus
558 2604 740 2676 respirasset,
763 2604 902 2676 surrexit,
932 2608 960 2661 et
988 2601 1026 2660 ad
1048 2600 1102 2660 do-

83 2704 152 2746 mum
171 2707 251 2747 suam
273 2688 398 2747 claustro
420 2690 558 2762 vicinam,
585 2688 719 2746 manibus
751 2689 929 2764 pedibusque
956 2687 1106 2764 reptando,

85 2789 142 2832 curu
160 2774 254 2836 labore
276 2777 404 2848 veniens,
424 2774 464 2832 ad
484 2777 589 2833 ostium
610 2774 744 2850 pulsavit
786 2775 926 2852 Surgente
947 2775 1053 2835 familia
1073 2781 1106 2834 ut

85 2857 170 2920 lumen
189 2861 366 2934 accenderet,
387 2861 522 2936 clamavit
542 2861 607 2920 ille:
629 2862 723 2922 Nolite
745 2862 841 2921 lumen
862 2863 1028 2936 accendere,
1048 2879 1107 2920 non

87 2949 153 3004 enim
183 2950 251 3008 mihi
281 2947 397 3028 expedn
428 2948 498 3006 illud
526 2948 631 3008 videre.
674 2949 713 3007 Et
741 2949 951 3010 reclinaverunt
985 2967 1051 3009 cum
1078 2951 1108 3007 in

87 3031 179 3093 lectudo
200 3052 268 3111 suo,
302 3038 370 3110 quia
390 3035 491 3094 debilis
513 3043 574 3094 erat
595 3035 693 3110 valde,
721 3043 782 3096 tam
813 3039 843 3094 in
864 3053 950 3096 sensu
971 3054 1059 3112 quarn
1079 3038 1109 3094 in

93 3135 201 3196 corpore.
251 3123 358 3180 Tribus
383 3122 517 3182 noctibus
553 3125 687 3182 continue
719 3126 889 3198 intempesta
921 3141 1005 3192 nocte
1034 3123 1110 3182 idem

94 3204 255 3268 daemonium
278 3208 405 3285 prdsavit
436 3208 474 3267 ad
503 3212 622 3284 ostium,
655 3209 779 3270 Henrico
810 3208 1014 3290 clamitanteslz
1045 3210 1110 3270 Scio

96 3295 280 3371 quiapropter
302 3313 349 3354 me
370 3299 462 3371 venit3
485 3299 544 3356 scio
566 3300 634 3372 quia
655 3304 771 3373 propter
792 3315 839 3356 me
857 3297 962 3373 pulsnt.
1006 3297 1113 3357 Postea

96 3385 234 3454 aspervixit
261 3401 382 3457 annum,
411 3383 512 3442 debilis
541 3391 570 3442 et
595 3385 757 3443 infatuatus.
811 3384 894 3443 Haec
922 3384 991 3442 mihi
1018 3385 1113 3444 retulit

98 3469 237 3529 nonachus
258 3476 355 3528 noster
376 3469 566 3530 Theodericus
589 3470 776 3545 Susaciensis,
798 3470 895 3530 dicens
919 3471 1030 3530 celebre
1052 3489 1116 3532 esse

100 3552 169 3612 valde
188 3558 216 3615 in
237 3557 339 3616 eadem
361 3559 488 3632 civitate,
521 3560 602 3617 culus
629 3558 715 3617 irater
735 3558 831 3617 adhuc
853 3559 924 3617 vivit
944 3560 973 3616 in
996 3558 1117 3619 ecclesia

118 3737 143 3806 l)
157 3739 253 3792 Susaeiu
270 3739 389 3808 oppidum
408 3743 596 3811 Westphaliae,
621 3741 696 3798 bodie
714 3743 813 3795 Soest
831 3742 933 3794 dictum.
953 3773 981 3782 -
1003 3743 1035 3810 2]
1053 3745 1120 3795 coni.

160 3805 428 3932 Blle,ctlpmprrplpp'epost
448 3813 471 3902 ‚¹³
494 3813 642 3865 taberna.
664 3843 693 3852 --
722 3814 754 3881 3)
772 3813 815 3865 ΑΒ
834 3811 1015 3880 placidare.
1036 3841 1068 3850 -
1090 3814 1123 3879 t)
