2628 4310
419 249 487 310 'DE
507 247 788 312 MORIENTIBUS.
940 259 947 271 ‘
1066 250 1128 310 303

91 369 164 430 haec
185 371 275 430 verba
296 372 440 448 prorupit:
462 371 618 448 computat
638 378 788 449 argentum
809 369 964 447 Walterus,
987 370 1130 431 subtrahit

90 456 169 516 illud.
212 456 326 518 Deinde
348 459 480 518 menibus
503 458 666 534 complosis,
688 476 754 518 eum
775 458 864 518 multo
876 457 1015 518 cachinno
1030 458 1129 516 subie-

90 546 144 602 cit:
176 543 247 604 Plus
284 561 372 621 quam
402 544 540 604 ducentas
573 546 716 604 subtraxit
747 544 877 606 Waltero
906 562 1027 605 mareas.
1080 543 1129 604 Sic
1196 563 1200 574 ’

90 633 167 691 enim
189 648 225 691 cx
247 631 372 706 quadam
394 633 528 708 superbia
544 635 640 692 vocari
661 630 782 691 solebat.
824 631 960 692 Excitans
982 631 1129 692 dominum

89 734 173 777 suum
197 717 385 793 Godelridus‚
418 718 486 794 quid
518 718 620 778 viderit
647 719 786 778 recitavit.
828 717 867 776 Et
888 725 1064 794 compertum
1086 724 1129 777 est

90 805 168 879 quod
202 804 304 865 eadem
347 804 419 864 hora
448 807 642 881 exspiraverit.
702 804 887 880 Praepositus
918 821 986 865 vero
1015 821 1129 865 omnem

88 891 164 951 illius
184 887 336 968 pecuniam
359 892 432 967 tulit,
454 909 585 952 asserens
606 892 684 950 illam
705 909 789 950 suam
810 891 906 951 ludsse.

424 1081 658 1144 CAPITULUM
686 1081 797 1142 XLIV.

114 1207 164 1264 De
184 1211 280 1264 morte
303 1203 457 1280 Godefm'di
479 1207 613 1262 cononici
634 1207 729 1262 sancti
750 1203 889 1262 Andreae
909 1205 942 1262 io
964 1201 1097 1262 Colonia.

155 1343 327 1405 Godelridus
349 1361 498 1404 veronen
526 1346 621 1403 minus
653 1346 756 1402 misere
785 1342 936 1403 defunctus
964 1347 1016 1401 est.
1058 1341 1129 1402 Erat

85 1432 229 1507 siquidem
251 1448 355 1490 avarus
377 1430 478 1505 valde,
508 1437 537 1489 et
558 1447 693 1506 magnam
714 1433 743 1488 in
766 1433 845 1489 ouria
865 1430 1017 1505 pecuniam
1039 1427 1128 1488 colle·

86 1528 178 1594 gerat.
199 1518 255 1577 Die
279 1517 404 1592 quadam
426 1527 554 1592 tempore
567 1515 586 1588 ¹)
608 1517 733 1592 Philippi
749 1516 837 1592 Regis
847 1516 970 1574 Romani
992 1531 1129 1591 magnum

86 1606 117 1661 in
148 1605 234 1664 domo
264 1623 318 1664 sua
340 1603 516 1663 debitoribus
544 1603 650 1662 domini
679 1607 724 1662 sui
753 1604 860 1663 fecerat
881 1603 1061 1676 convivium,
1092 1619 1129 1662 ex

84 1694 217 1767 p'ecuniis
248 1690 377 1750 eiusdem
414 1690 554 1766 Philippi,
598 1708 670 1766 quas
696 1689 833 1766 Adolpho
863 1706 915 1766 pro
944 1689 1128 1749 coronatione

85 1777 223 1854 dederat,
255 1778 309 1836 illis
331 1776 550 1836 accommodate
570 1780 719 1836 restituere
740 1788 911 1852 proponens.
953 1774 1031 1835 Ante
1053 1776 1128 1834 enim

85 1861 206 1945 quam²)
229 1864 265 1924 de
288 1863 390 1924 eodem
412 1866 544 1924 convivio
566 1869 717 1940 gustasset,
739 1863 892 1939 apoplexia
911 1868 1005 1923 tactus
1022 1863 1127 1922 obmu-

83 1954 149 2026 tuit,
172 1959 202 2011 et
223 1953 282 2010 sine
305 1951 482 2011 confessione
504 1955 592 2026 atque
614 1967 697 2010 sacra
718 1952 917 2010 communione
929 1951 1059 2025 spiritum
1074 1966 1128 2008 ex-

82 2039 205 2099 halavit.
258 2038 330 2098 Post
358 2040 439 2098 cuius
467 2044 589 2098 mortem
619 2037 732 2096 cuidam
766 2036 908 2098 sacerdoti
936 2036 1001 2095 talis
1034 2036 1069 2096 de
1092 2052 1127 2095 eo

82 2127 159 2186 visio
183 2130 301 2184 ostensa
323 2132 375 2189 est.
428 2124 509 2184 Vidit
531 2141 596 2183 eum
618 2123 755 2184 Coloniae
777 2130 843 2183 ante
865 2129 1011 2182 monetam
1031 2123 1127 2182 incudi

82 2214 268 2290 impositum3
302 2229 388 2288 quem
408 2210 539 2272 Jacobns
560 2209 706 2286 Judaeus,
734 2213 791 2270 imo
813 2209 992 2271 Judaeorum
1013 2211 1127 2286 episeo-

81 2317 157 2376 pus,
187 2298 347 2359 enituerat
368 2298 528 2373 familiaris,
560 2297 664 2356 malleo
694 2298 821 2357 extendit
846 2297 998 2373 usquead
1020 2293 1128 2356 denarii

81 2389 263 2446 tenuitatem.
311 2385 350 2442 Et
385 2386 459 2445 bene
496 2384 691 2444 concordabat
725 2402 820 2460 poena
854 2383 965 2460 culpae.
1018 2384 1127 2442 Fuerat

78 2476 159 2534 enim
184 2475 321 2548 magister
341 2478 482 2547 monetae,
505 2479 534 2531 et
544 2474 765 2531 monetariorum
776 2473 888 2547 socius;
910 2477 939 2530 et
961 2471 1028 2546 quia
1049 2469 1126 2528 mul-
1171 2511 1176 2516 -

63 2570 142 2620 tam
164 2561 206 2618 ibi
228 2566 454 2636 congregaverat
474 2561 635 2634 pecuniam,
656 2559 734 2617 luere
756 2557 863 2618 ibidem
884 2561 964 2617 visus
987 2565 1031 2616 est
1053 2575 1126 2617 ava-

76 2650 164 2707 ritiae
186 2663 317 2722 poenam.
362 2643 443 2722 Quae
466 2645 501 2706 de
530 2654 621 2705 morte
642 2645 799 2706 Hermanni
821 2643 940 2705 secundi
961 2644 1074 2704 Decani
1096 2646 1124 2702 in

79 2733 350 2809 Coloniapercepi,
372 2751 430 2794 non
452 2733 555 2793 tacebo
565 2730 596 2812 ³).
644 2735 646 2740 '

426 2921 659 2982 CAPITULUM
689 2920 785 2982 XLV.

184 3045 233 3103 De
254 3050 350 3102 morie
371 3043 541 3101 Hermaoni
562 3042 682 3100 secundi
703 3042 819 3101 Decani
840 3045 873 3102 io
896 3040 1029 3102 Colonia.

147 3167 221 3226 Erat
242 3165 318 3226 idem
340 3164 524 3224 Hermennus
557 3163 643 3222 homo
666 3163 788 3223 multum
809 3181 929 3244 agarus,
958 3168 987 3222 et
1014 3168 1126 3223 amator

74 3255 233 3333 pecuniae.
282 3251 397 3311 Accidit
431 3256 498 3310 ante
527 3249 583 3309 hoc
604 3251 751 3336 biennium
772 3257 804 3310 ut
832 3252 986 3330 canonicus
1009 3249 1124 3326 quidam

74 3343 246 3402 Bonnensis
267 3339 412 3399 Wiuricus
434 3339 564 3412 nomine,
592 3344 782 3413 cognomento
803 3336 932 3412 Stempel
958 3343 1125 3398 moreretur.

76 3431 140 3506 Qui
165 3429 263 3487 statim
285 3429 493 3502 postmortem
514 3423 629 3482 Erwino
659 3425 774 3483 maioris
796 3423 934 3484 ecclesiae
955 3426 984 3482 in
1007 3423 1126 3484 Colonia
1213 3467 1221 3482 .

76 3515 234 3588 canonico,
255 3515 284 3570 in
307 3513 414 3572 somnis
435 3527 578 3586 apparens
600 3512 654 3569 ait:
676 3510 760 3587 Rogo
782 3517 811 3570 te
825 3516 858 3570 ut
878 3511 916 3570 ad
933 3509 1008 3570 diem
1030 3527 1126 3572 meum

73 3605 200 3674 venias,
229 3605 296 3660 aute
324 3598 465 3674 capellam
486 3599 578 3657 saneti
598 3595 749 3673 Nyoholai.
797 3597 883 3675 Quod
910 3613 974 3657 cum
997 3596 1127 3656 Erwinus

94 3756 129 3822 1)
150 3761 303 3818 tempore
327 3765 367 3802 orn
392 3747 530 3802 ARCDEF.
551 3777 581 3788 -
600 3748 632 3817 2)
650 3747 692 3802 GE
710 3757 884 3817 antequam
901 3747 990 3800 enlm.
1011 3776 1040 3786 -
1056 3746 1088 3815 3)
1107 3746 1127 3799 B

103 3849 109 3860 ·
154 3818 374 3888 adpraesens
393 3820 455 3874 tibi
473 3835 535 3872 nou
553 3817 681 3872 tacebo.
807 3847 809 3850 ·
