2654 4308
150 283 209 345 lea
463 275 693 342 nisumcflo
716 273 881 342 OCTAVA

151 406 210 468 Sed
231 403 312 464 militi
335 405 421 464 cessit
441 403 480 464 ad
500 403 638 481 gloriam,
659 403 738 479 quod
758 403 890 464 dabolrm
910 411 1135 481 praeparaverat
1154 403 1194 466 ed

151 496 277 568 ruinam,
299 497 328 551 et
344 491 411 551 inda
432 491 479 552 ille
500 491 623 568 amplius
645 498 690 552 est
709 508 862 566 accensus,
884 491 959 552 unde
980 495 1036 552 isle
1056 493 1194 554 contusus

151 585 197 640 est
223 596 259 640 ae
286 580 403 654 punitus
416 573 442 658 ¹).
492 577 568 638 liam
595 594 685 654 parvo
714 595 826 638 emerso
838 575 860 658 ²)
888 585 1017 655 tempore
1046 579 1194 640 lietardus

148 667 247 726 limina
274 666 352 726 beati
372 665 504 724 'l'homas
531 665 611 726 adire
638 665 757 740 volens,
789 682 856 725 oum
884 673 961 725 esset
987 669 1017 726 in
1044 669 1195 742 procinctu

150 757 274 832 positus,
302 749 468 831 circulum⁸)
497 768 616 812 aureum
641 754 672 811 in
699 752 790 812 oeulis
817 754 914 814 uxoris
940 755 970 812 in
997 753 1070 814 duas
1095 759 1196 830 partes

151 840 289 915 dividens,
312 855 418 915 easque
432 855 529 898 eoram
542 838 592 898 illa
606 841 788 916 coniungens,
809 855 897 899 unam
917 839 958 898 illi
972 839 1053 900 dedit
1072 845 1102 901 et
1118 839 1196 902 alte·

150 945 213 988 ram
233 927 289 986 sibi
308 928 474 1000 reservavit,
496 925 608 986 diceus:
628 925 706 985 Huic
727 928 808 1003 signo
831 926 946 986 credere
968 927 1066 988 debes.
1107 927 1196 1005 Rogo

150 1017 237 1076 stiam
258 1020 291 1073 ut
312 1013 437 1089 quinque
458 1015 540 1072 annis
560 1012 684 1072 reditum
704 1029 802 1072 meum
823 1021 988 1090 exspectes,
1012 1015 1117 1094 quibus
1140 1031 1196 1075 ex·

150 1101 235 1179 pletis
261 1101 355 1160 nubas
384 1102 430 1160 oui
457 1100 591 1160 volueris.
633 1100 672 1158 Et
698 1102 828 1176 promisit
858 1103 893 1160 ei.
936 1100 993 1176 Qui
1012 1103 1065 1162 ria·
1081 1100 1196 1162 vadens

150 1189 330 1266 longissima,
361 1186 478 1247 tandem
500 1201 566 1246 cum
587 1187 699 1264 magnis
721 1189 854 1262 expensis
874 1190 1063 1264 maximisque
1083 1187 1196 1248 labori·

150 1276 206 1335 bus
233 1277 364 1352 pervenit
391 1272 430 1332 ad
457 1275 602 1334 ciutatem
630 1275 722 1333 sancti
744 1273 873 1334 Thomas
893 1273 1036 1350 Apostoli.
1077 1275 1112 1334 In
1134 1291 1195 1351 qua

151 1379 169 1423 a
191 1363 302 1423 civibus
316 1360 520 1421 officiosissime
542 1366 586 1420 est
599 1360 749 1437 salutatus,
771 1367 799 1420 et
821 1377 886 1420 cum
900 1367 981 1422 lanta
994 1364 1111 1422 caritate
1125 1379 1195 1422 sus·

150 1456 265 1526 ceptus,
286 1465 322 1508 ae
351 1450 376 1507 si
403 1464 478 1506 unus
498 1446 611 1506 illomm
633 1453 710 1507 esset
731 1449 829 1524 eisque
850 1451 1025 1508 notissimus.
1061 1447 1194 1508 Gratiam

149 1536 271 1597 eandem
292 1534 437 1594 ascribens
459 1534 545 1594 beato
566 1533 724 1610 Apostolo,
756 1537 910 1594 oratorium
943 1538 1004 1595 eius
1024 1537 1142 1596 intravit
1163 1541 1194 1596 et

151 1625 260 1698 oravit,
280 1639 327 1696 se,
348 1637 483 1696 morem,
511 1627 539 1680 et
561 1624 656 1680 omnia
677 1620 715 1680 ad
737 1615 960 1696 se'pertinentia
980 1622 1021 1682 illi
1042 1638 1194 1682 commen-

150 1709 231 1770 dans.
273 1708 344 1767 Post
364 1703 470 1786 haec⁴)
491 1709 604 1766 termini
624 1709 669 1767 sul
689 1710 890 1784 reminiscens,
921 1711 999 1768 etin
1022 1709 1124 1770 eodem
1146 1708 1194 1770 die

150 1797 374 1874 quinquennium
403 1793 576 1870 completum
605 1789 803 1870 considerans,
835 1797 972 1872 ingemuit
993 1802 1023 1855 ct
1044 1799 1096 1858 ait:
1125 1797 1195 1856 Heu

150 1883 238 1944 modo
259 1899 332 1942 uxor
352 1899 418 1942 mea
438 1883 500 1940 viro
523 1881 604 1941 alteri
624 1882 723 1941 nubet.
764 1881 939 1958 Impedierat
953 1883 1035 1944 Deus
1056 1885 1110 1944 iter
1130 1885 1196 1944 eius

49 1971 51 1978 “
149 1977 265 2049 propter
292 1968 348 2028 hoc
377 1967 456 2044 quod
484 1969 619 2043 sequitur.
663 1967 720 2045 Qui
747 1985 814 2029 eum
840 1971 926 2029 tristis
947 1972 1195 2046 circumspiceret,

149 2057 221 2120 vidit
245 2055 424 2133 praedictum
445 2053 614 2115 daemonem
634 2057 663 2114 in
686 2073 778 2132 eappa
798 2071 853 2116 sua
871 2056 1111 2118 deambulantem.
1153 2057 1195 2118 Et

149 2147 191 2207 ait
211 2144 348 2215 daemon:
371 2140 526 2219 Cognoscis
547 2159 594 2202 mc
616 2140 765 2204 Gerardel
807 2143 889 2218 Nou,
909 2146 1009 2220 inquit,
1029 2151 1058 2204 te
1081 2161 1193 2221 cogno·

153 2249 221 2307 sco,
254 2229 307 2290 sed
333 2235 466 2306 cappam.
505 2228 666 2305 Respondit
691 2229 752 2290 ille:
784 2229 848 2308 Ego
869 2247 935 2290 sum
956 2234 1005 2307 qui
1024 2234 1055 2291 in
1074 2234 1193 2294 nomine

151 2317 284 2396 Apostoli
303 2316 459 2392 hospitium
481 2332 500 2374 a
520 2321 549 2375 te
569 2318 667 2393 petivi,
688 2323 718 2376 at
731 2333 855 2392 cappam
875 2318 927 2377 tibi
947 2318 1000 2376 tuli
1007 2315 1037 2398 ⁵‹),
1057 2335 1110 2395 pro
1132 2335 1193 2394 qua

150 2413 179 2468 et
199 2405 284 2466 valde
298 2406 414 2480 punitus
435 2420 508 2462 sum.
540 2402 579 2462 llt
599 2403 716 2464 adiecta
737 2404 801 2481 Ego
814 2419 879 2464 sum
893 2405 1035 2481 diabolus,
1055 2413 1085 2465 ct
1101 2421 1192 2481 prae·

150 2499 266 2570 ceptum
294 2496 339 2550 est
366 2489 451 2566 mihi,
479 2495 513 2548 ut
533 2496 689 2566 mitequam
708 2489 840 2550 homines
861 2492 989 2552 cubitum
1009 2493 1133 2573 vadant,
1158 2495 1201 2554 in'

149 2580 267 2640 domum
292 2583 373 2637 tuam
401 2583 431 2636 te
457 2577 641 2652 transieram,
670 2593 705 2638 eo
735 2577 813 2652 quod
840 2595 913 2638 uxor
940 2584 991 2638 tua
1018 2579 1099 2640 alteri
1126 2581 1191 2641 viro

149 2667 291 2742 nupserit,
323 2671 353 2724 et
372 2665 430 2723 iam
450 2666 480 2722 in
501 2665 607 2740 nuptiis
629 2681 695 2724 cum
715 2664 765 2724 illo
786 2664 894 2724 sedeat
936 2663 1083 2748 ToItens‘)
1106 2683 1191 2743 aum,

146 2757 177 2814 iu
204 2758 286 2830 parte
316 2751 372 2811 diei
392 2752 430 2810 ab
451 2750 536 2810 India
556 2753 586 2809 in
607 2749 812 2827 Theutomam,
841 2752 878 2812 ab
901 2759 967 2812 ortu
987 2753 1055 2813 solis
1075 2756 1105 2812 in
1126 2756 1190 2814 eius

148 2857 283 2902 occasum
295 2839 461 2912 transvexit,
483 2843 512 2898 et
526 2839 608 2898 eirca
622 2837 821 2913 crepusculum
840 2839 871 2897 in
888 2841 967 2899 ouria
978 2843 1095 2916 propria
1106 2839 1191 2902 illum

31 2999 35 3010 ,
147 2931 209 2989 sine
240 2927 367 2987 laesione
399 2924 540 3000 deposuit.
590 2923 648 3000 Qui
680 2923 798 2985 domum
829 2943 913 2986 suam
945 2928 1019 2987 sicut
1046 2929 1190 2989 barbarus

146 3019 262 3089 intrans,
284 3030 350 3073 cum
370 3028 489 3070 uxorem
502 3013 648 3087 propriam
669 3027 735 3072 oum
757 3029 863 3087 sponso
885 3029 938 3073 suo
952 3013 1071 3074 vidisset
1088 3029 1189 3076 come-

147 3102 277 3176 dentem,
304 3100 421 3176 propius
449 3099 583 3175 accessit,
612 3115 703 3174 eaque
731 3101 886 3175 aspiciente
907 3106 1020 3176 partem
1041 3101 1138 3162 circuli
1157 3104 1189 3164 iu

145 3186 288 3267 scyphum
301 3188 416 3245 mittens
437 3186 570 3245 abcessit.
613 3184 699 3261 Quod
719 3186 771 3244 ubi
791 3186 840 3246 illa
861 3185 939 3262 vidit,
960 3203 1028 3247 mox
1050 3191 1189 3265 extraxit,

145 3283 174 3338 et
194 3282 304 3352 partem
326 3273 381 3332 sibi
402 3271 549 3332 dimusam
570 3271 743 3348 adiungens,
771 3275 909 3350 cognorit
928 3291 994 3334 eum
1016 3291 1101 3335 suum
1123 3292 1188 3338 esse

143 3364 284 3424 maritum.
315 3355 448 3438 statim)
471 3358 587 3420 exiliens
604 3361 634 3418 in
649 3359 799 3436 amplexus
820 3362 881 3420 eius
901 3363 965 3436 ruit,
985 3365 1080 3422 virtum
1100 3381 1188 3423 suum

146 3447 306 3511 Gerardum
344 3443 457 3525 illumi)
496 3463 559 3506 asse
598 3446 793 3522 proclamans,
836 3463 943 3523 sponso
953 3445 974 3528 ν)
1012 3448 1188 3510 valedicens.

144 3535 239 3616 Quem
266 3541 364 3594 tamen
385 3531 530 3596 (letardus
558 3533 607 3594 illa
634 3539 719 3594 noete
747 3549 799 3611 pro
822 3533 972 3596 honestato
993 3551 1093 3614 secum
1114 3540 1187 3598 rati-

160 3653 191 3724 ¹³
209 3649 296 3776 iffi?
306 3649 888 3788 ..illeilleaddititii}
901 3648 1023 3792 [³033
1041 3653 1186 3776 iiiiii}

209 3807 284 3860 que,
308 3788 329 3842 0
351 3788 473 3842 tollens
496 3789 606 3857 igitur.
625 3817 658 3830 -
676 3791 709 3859 7)
726 3789 769 3844 BP
791 3794 974 3862 statimque.
994 3821 1024 3834 -
1043 3794 1077 3863 8)
1094 3793 1184 3848 illum

207 3877 248 3914 om
265 3857 316 3914 BC.
336 3888 366 3900 -
386 3859 418 3927 9)
436 3858 457 3912 0
474 3873 591 3927 sponso
608 3871 672 3912 suo.
