2580 4316
427 269 491 329 DE
519 265 800 332 OONVERSIONE.
835 317 841 326 .
1095 279 1131 334 13

99 387 279 450 NOVIOEUS:
313 391 439 453 Videris
456 391 540 450 mihi
565 393 703 467 praeferre
725 394 852 454 ordinem
868 391 885 472 1)
907 395 1133 472 peregrinationi.

100 474 315 538 MONACHUS:
338 481 412 539 Non
427 497 509 554 mea,
532 479 581 538 sed
594 483 761 540 auctoritate
772 481 920 540 Ecclesiae
934 482 1089 556 praefertur
1095 479 1131 563 ²),

100 562 172 622 habet
190 563 257 624 ordo
282 565 495 626 cisterciensis
516 585 535 624 a
556 567 630 626 Sede
651 569 705 626 sibi
725 567 893 644 Apostolica
914 567 1069 644 indultum,
1100 577 1132 630 ut

100 666 169 708 emec
197 655 345 729 signatus,
379 654 432 714 vel
468 663 540 714 voto
567 655 716 714 cuiuslibet
747 655 862 714 alterius
898 658 1131 732 peregrinationis

99 737 229 814 obligatus,
252 742 277 799 si
299 745 429 800 transire
453 740 578 800 voluerit
599 741 637 799 ad
659 741 792 814 ordinem,
815 759 911 801 coram
921 743 986 802 Deo
1009 749 1037 802 et
1057 743 1130 803 iacie

98 823 226 885 Ecclesiae
247 831 286 886 sit
309 828 479 888 absolutus.
523 827 607 903 Quod
628 831 653 886 si
673 831 745 888 istae
775 828 848 887 duae
881 846 992 903 omces,
1025 830 1130 890 ordinis

98 911 212 972 videlicet
234 922 262 972 et
283 915 540 992 peregrinationis,
562 932 654 990 acque
677 921 771 975 essent
783 916 919 990 salubres,
940 916 1130 976 indifferenter

97 997 164 1058 fieret
192 1007 384 1066 commutatio
420 1003 539 1061 alterius
567 1004 596 1059 in
635 1002 763 1060 alterum.
812 1002 973 1061 Monachus
1002 1003 1129 1062 ordinem

98 1084 214 1145 deserens
236 1096 266 1147 et
289 1107 411 1148 crucem
435 1090 601 1163 suscipiens,
622 1089 677 1163 vel,
700 1089 777 1164 quod
798 1087 973 1150 tolerabilius
995 1094 1129 1165 estsine

96 1183 233 1250 praecepto
257 1173 319 1256 et³)
342 1177 462 1235 licentia
486 1176 590 1234 ordinis
612 1176 705 1234 eidem
725 1173 971 1254 peregrinatioui⁴)
994 1194 1025 1235 sc
1044 1195 1129 1236 man-

98 1262 189 1335 cipans,
209 1264 403 1323 non'Christi
425 1265 601 1338 peregrinus,
623 1262 675 1320 sed
696 1269 829 1338 apostata
850 1262 999 1322 iudicatur.
1041 1263 1129 1324 Novit

96 1364 230 1408 mccessor
251 1351 348 1424 Petri,
384 1353 432 1409 cui
461 1349 621 1424 specialiter
652 1353 822 1409 commissae
844 1357 910 1408 sunt
932 1349 1027 1410 claves
1048 1353 1129 1428 regni

96 1435 234 1511 coelomm,
256 1437 353 1496 multo
375 1439 437 1496 lore
461 1436 601 1495 salubrius
615 1438 698 1494 intus
719 1435 856 1516 semper⁵)
880 1436 1013 1497 dimicare
1028 1445 1128 1498 contra

96 1523 225 1582 incentiva
245 1527 402 1599 vitiomm,
437 1541 526 1600 quam
553 1524 619 1582 loris
651 1523 690 1582 ad
718 1530 831 1599 tempus
863 1521 1027 1604 adversus⁶)
1050 1527 1127 1586 acies

96 1608 317 1670 Sarracenomm.
362 1610 544 1687 Quibusdam
565 1616 662 1668 tamen
683 1613 810 1670 converti
831 1610 992 1670 volentibus
1010 1618 1126 1672 sanctus

96 1695 246 1756 Bemardus
268 1715 330 1756 nou
354 1699 513 1769 consensit,
541 1696 593 1756 sed
615 1713 698 1756 eruce
720 1699 838 1774 signari,
855 1704 903 1756 ut
924 1705 1025 1773 postea
1047 1698 1126 1758 diee-

96 1781 165 1863 tur⁷)‚
185 1789 346 1861 praecepit.
373 1783 577 1844 NOVICIUS:
599 1785 665 1843 Non
685 1801 732 1844 me
753 1787 879 1860 poenitet
905 1785 979 1843 hanc
1001 1787 1126 1846 movisse

96 1875 299 1947 quaestionem,
329 1874 398 1947 quia
418 1870 542 1929 multum
561 1867 636 1950 me⁸)
659 1870 782 1930 delectat
802 1871 888 1930 talem
911 1871 1055 1931 audivisse
1075 1889 1126 1932 so·

96 1956 229 2018 lationem.
282 1957 522 2018 MONACHUS:
555 1957 676 2017 Secutus
706 1964 750 2016 est
776 1960 835 2017 iam
866 1958 941 2016 fatus
949 1955 970 2036 ⁹)
1006 1958 1125 2020 clericus
1230 1973 1238 1984 ¹

96 2052 215 2104 sanctum
237 2045 421 2105 Bemardum
452 2062 517 2104 cum
545 2047 622 2104 socio
650 2061 703 2103 suo
726 2043 854 2104 Waltcro
887 2044 1125 2105 ad'Claremval-

97 2131 152 2206 lem,
171 2133 298 2208 factique
320 2139 388 2191 sunt
408 2131 516 2190 ibidem
537 2131 623 2190 ambo
645 2131 787 2190 monachi.
825 2131 957 2207 *Contigit
976 2149 1028 2207 per
1048 2132 1125 2192 idem
1160 2133 1165 2151 ¹

98 2227 215 2296 tempus,
246 2225 279 2277 ut
307 2225 468 2278 conventus
497 2218 695 2278 aClaravalle
727 2217 883 2277 mittendus
905 2225 980 2277 essct
999 2220 1029 2276 iu
1049 2215 1128 2280 Alna

97 2308 292 2365 monasterium
313 2307 434 2372 fratrum
456 2305 641 2381 regularium,
675 2322 709 2364 eo
732 2305 810 2380 quod
830 2305 916 2364 iidem
937 2305 1037 2364 irenes
1058 2305 1127 2372 red-

98 2394 156 2452 dere
183 2411 215 2452 se
246 2393 337 2452 ordini
375 2395 592 2452 consensissent.
641 2392 779 2452 Habebat
814 2399 911 2455 autem
945 2393 1126 2467 saepedictus

99 2480 256 2540 Leodiensis
272 2477 301 2559 ¹⁰)
312 2498 450 2556 magnum
465 2479 635 2538 desiderium
656 2478 742 2538 eundi
756 2479 966 2538 cumfratribus
981 2480 1126 2555 adipsum

98 2567 197 2642 locum,
219 2566 272 2626 sed
291 2570 387 2626 timuit
408 2566 501 2626 dicere
522 2569 614 2642 patri,
636 2573 738 2626 verens
760 2583 797 2626 ne
818 2567 889 2625 sorte
911 2565 1062 2642 deputaret
1081 2566 1126 2626 le-

100 2657 185 2730 vitati3
208 2670 422 2729 conversusque
445 2652 483 2712 ad
503 2653 660 2713 Dominum
682 2654 781 2728 oravit,
803 2659 943 2730 quatenus
966 2655 1019 2712 sibi
1040 2671 1126 2713 reve-

100 2739 175 2816 laret,
207 2741 277 2818 quid
303 2743 398 2800 lacere
433 2739 557 2800 deberet.
607 2741 645 2798 Et
670 2741 747 2800 lacta
776 2746 819 2799 est
850 2757 908 2798 vox
936 2741 974 2799 ad
996 2758 1062 2800 eum
1081 2738 1125 2820 ¹¹):

100 2827 161 2888 Pete
182 2829 259 2905 quod
281 2831 334 2902 vis,
356 2834 385 2887 et
399 2826 449 2886 liet
469 2828 529 2887 tibi.
573 2828 654 2886 Tunc
671 2827 811 2886 accedens
826 2826 1020 2886 adAbbatem
1033 2845 1125 2901 suum,

101 2915 225 2975 audacter
255 2916 340 2974 dixit:
362 2915 465 2988 Pater,
487 2917 512 2973 si
532 2920 608 2974 esset
628 2914 761 2974 voluntas
783 2921 894 2988 vestra,
915 2914 1035 2973 libenter
1055 2916 1126 2974 irem

103 3004 308 3062 cumfratribus
331 3004 401 3061 istis.
443 3001 482 3058 Et
503 3001 662 3076 respondit:
692 3001 775 3060 Vade
804 3003 939 3060 cumeis
960 3004 989 3058 in
1010 3003 1125 3062 nomine

104 3087 212 3148 Domini.
255 3091 294 3148 Et
315 3092 420 3148 missus
443 3093 487 3146 est
507 3095 567 3146 tam
596 3091 657 3165 ipse
687 3106 774 3163 quam
794 3087 938 3147 Waltcrus
961 3106 1026 3147 cum
1047 3106 1124 3148 novo

104 3184 229 3236 conventu
258 3180 288 3235 iu
316 3175 427 3234 Aina
454 3175 520 3233 Non
548 3175 637 3234 multo
670 3182 736 3250 post
767 3176 858 3234 faetus
882 3182 925 3233 est
946 3175 1027 3233 Prior
1044 3173 1073 3255 ¹²)
1094 3177 1124 3234 in

102 3263 189 3323 eodem
208 3266 283 3325 loco.
328 3263 386 3320 Die
409 3261 534 3337 quadam
556 3280 622 3321 cum
643 3265 670 3322 ci
690 3280 764 3320 unus
785 3262 989 3320 monachorum
1003 3261 1038 3320 de
1053 3279 1124 3322 eon·

100 3349 206 3412 laesione
225 3350 253 3432 ¹³)
287 3353 405 3426 signum
431 3349 552 3423 iaceret,
583 3348 644 3421 ille,
673 3366 707 3408 eo
738 3347 816 3423 quod
843 3355 953 3407 sextam
981 3347 1123 3409 Dominae

115 3501 142 3569 1)
157 3501 175 3555 G
190 3501 336 3556 ordinem
354 3498 535 3568 praeferre.
553 3475 589 3539 -’
604 3501 635 3566 2)
653 3500 673 3554 C
691 3499 1071 3568 preclerturEcclesiac.
1090 3530 1120 3540 -

159 3573 188 3640 3)
205 3573 225 3625 G
242 3572 305 3624 vel.
326 3601 358 3610 -
378 3571 410 3638 4)
429 3569 531 3620 eidem
549 3572 810 3639 peregrinationi
833 3570 910 3622 hebet
928 3569 948 3622 G
966 3579 1025 3621 ante
1043 3571 1122 3622 sine.

161 3671 189 3680 -
208 3643 238 3710 5)
257 3643 277 3695 G
295 3638 530 3708 spiritualiter.
550 3669 581 3678 -
600 3641 631 3707 6)
649 3640 691 3692 BG
708 3649 830 3692 contra.
850 3669 880 3682 -
910 3641 941 3708 7)
959 3649 992 3691 ut
1010 3649 1122 3706 postea

161 3711 285 3764 dicetur
312 3727 355 3762 orn
374 3709 423 3762 Dl’.
444 3737 474 3748 -
502 3708 533 3775 8)
551 3725 596 3760 me
614 3725 655 3761 om
673 3711 700 3762 G.
721 3739 751 3750 —-
779 3709 1122 3777 9)Ciampreelatus.

163 3783 256 3850 -10)
283 3781 326 3834 BD
356 3777 573 3830 Leodicensis.
594 3808 624 3817 -
655 3778 867 3847 iIJGipsum.
895 3779 1122 3847 -12)Cipse

164 3849 254 3904 l’rior.
276 3883 306 3892 -
329 3849 379 3917 13)
399 3847 435 3898 dc
454 3849 664 3900 confessione
685 3849 762 3901 babet
778 3849 799 3901 G
816 3857 874 3916 post
892 3849 1029 3902 iaceret.
