2642 4330
142 244 204 306 eos
463 241 691 316 nsrmcmo
714 243 865 326 Qunam

141 364 275 442 praelatis
296 381 383 442 quam
404 369 484 445 regni
504 367 683 444 Principibus
703 367 810 429 ibidem
831 367 1024 445 congregatis,
1052 371 1082 428 ct
1103 371 1181 427 esset

142 455 182 513 ibi
204 452 399 514 Godescalcus
426 454 585 514 monachus
605 461 716 530 noster,
744 461 814 514 tunc
842 457 957 514 mmoris
985 453 1122 514 ecclesiae
1149 455 1181 512 in

71 573 74 584 .
143 538 262 600 Colonia
284 543 450 616 canonicus,
472 558 538 600 cum
558 542 644 602 tratre
664 559 717 601 suo
738 541 905 602 Everhardo
927 541 1065 602 canonico
1085 541 1179 600 sancti

144 625 293 702 Gereonis,
315 627 420 704 hospes
441 627 553 687 illorum
574 645 648 703 pene
662 628 779 705 singulis
800 630 932 688 noctibus
953 643 1128 697 oumuxore
1151 632 1180 687 et

142 713 201 772 filia
223 713 258 773 de
281 713 366 774 domo
392 717 509 790 propria
530 731 661 792 egressus
684 722 736 774 est
780 713 865 791 Quod
886 733 951 775 cum
973 713 1181 774 considerasset

142 799 338 876 Everhardus,
367 803 551 878 interrogarit
571 804 668 862 nescio
690 818 776 878 quem
796 801 924 874 illorum,
946 818 1002 877 quo
1024 802 1111 876 irent,
1132 798 1181 860 vel

143 885 212 963 quid
233 886 372 964 agerent?
416 887 470 947 Cui
492 905 558 948 oum
576 905 745 964 responsum
758 894 841 963 esset,
862 889 928 948 veni
950 894 979 948 et
999 887 1074 962 vide,
1093 903 1179 946 secu-

142 979 190 1034 tus
212 979 256 1033 est
275 973 340 1033 illos
360 975 390 1032 in
412 974 527 1033 domum
550 973 694 1049 quandam
716 975 939 1049 subterraneam,
960 973 1086 1050 amplam
1101 975 1180 1049 satis,

144 1058 174 1120 in
189 1077 247 1136 qua
261 1060 358 1120 multis
369 1078 404 1120 ex
415 1067 537 1138 utroque
550 1067 621 1120 sexu
633 1064 820 1138 congregatis,
838 1061 955 1137 quidam
968 1059 1180 1121 haeresiarches

143 1164 304 1208 sermonem
333 1146 518 1223 blasphemiis
545 1148 662 1223 plenum
691 1150 801 1208 cunctis
829 1149 989 1209 tacentibus
1017 1147 1098 1222 fecit,
1128 1162 1181 1222 per

144 1251 230 1311 quem
250 1236 340 1292 vitam
362 1241 392 1292 et
411 1251 504 1294 mores
525 1234 638 1294 illorum
659 1237 788 1302 instituit.
819 1234 932 1294 Deinde
950 1236 1089 1293 exstincta
1109 1249 1181 1292 can·

144 1320 224 1395 dela,
256 1322 452 1397 unusquisque
484 1322 538 1381 sibi
561 1323 723 1397 proximam
754 1323 874 1396 invasit,
905 1319 1013 1380 nullam
1041 1318 1181 1379 babentes

144 1407 330 1466 differentiam
355 1408 428 1467 inter
455 1406 613 1484 legitimam
634 1414 663 1468 et
689 1407 851 1468 absolutam
864 1404 889 1488 ¹),
919 1409 994 1466 inter
1014 1405 1131 1466 viduam
1152 1411 1182 1464 et

143 1496 297 1570 virginem,
324 1495 398 1554 inter
430 1493 573 1556 dominam
602 1501 632 1553 et
659 1494 806 1570 ancillam,
839 1500 882 1570 et,
915 1492 993 1570 quod
1021 1491 1182 1552 horribilius

145 1587 221 1655 erat,
241 1581 314 1639 inter
346 1596 471 1640 sororem
493 1587 522 1640 et
542 1580 639 1639 filiam.
688 1579 873 1640 Everhardus
893 1597 962 1640 vero
977 1580 1050 1640 haec
1071 1579 1181 1652 videns,

143 1672 244 1742 utpote
257 1669 368 1726 iuvenis
381 1667 543 1726 luxuriosus
556 1673 642 1743 atque
655 1685 748 1744 vagus
756 1664 787 1746 ²),
808 1667 944 1726 simulans
957 1683 989 1726 se
1004 1665 1184 1742 discipulum,

143 1753 264 1830 hospitis
287 1755 331 1812 sui
352 1752 442 1828 filiae,
470 1753 518 1814 vel
539 1754 619 1813 alteri
648 1755 764 1814 cuilibet
790 1753 905 1830 puellae
932 1755 961 1812 in
990 1769 1121 1813 sermone
1148 1767 1182 1811 se

145 1840 298 1915 coniunxit,
320 1857 386 1900 oum
407 1857 465 1916 qua
478 1843 619 1900 exstincta
640 1840 760 1900 candela
772 1843 912 1916 peccavit.
944 1839 1075 1915 Cumque
1094 1834 1181 1917 hoc⁸)

144 1928 292 1986 actitasset
319 1943 392 2002 pene
414 1944 520 1986 annum
541 1927 695 2003 dimidium,
716 1929 852 2004 magister
873 1929 982 1987 cunctis
1000 1925 1183 1986 audientibus

145 2014 200 2073 ait:
226 2012 348 2072 Juvenis
369 2015 422 2073 iste
444 2020 504 2074 tam
525 2013 652 2074 studiose
672 2014 833 2090 frequentat
853 2013 1025 2073 auditorium
1045 2017 1183 2086 nostrum,

145 2102 201 2160 cito
224 2099 326 2159 habilis
348 2102 400 2159 erit
421 2099 459 2160 ad
482 2096 642 2160 docendum
663 2100 743 2159 alios.
785 2100 851 2160 Hoc
872 2100 961 2159 verbo
982 2100 1096 2175 audito,
1123 2114 1184 2158 non

144 2179 266 2262 amplihs
287 2188 410 2245 intravit
453 2185 505 2262 Et,
534 2189 607 2246 sicut
628 2187 698 2244 mihi
718 2187 814 2246 rehrlit
834 2186 996 2262 praedictus
1020 2183 1184 2250 Godescal-

145 2289 206 2348 cus,
228 2289 294 2332 cum
314 2272 393 2331 illum
416 2272 452 2332 de
474 2273 529 2334 hoc
545 2279 686 2350 argueret,
706 2273 867 2348 respondit:
888 2273 1001 2348 Sciatis,
1020 2273 1114 2347 trater,
1134 2288 1184 2332 me

143 2375 202 2418 non
229 2359 409 2434 frequentare
438 2361 637 2419 conventicula
664 2359 872 2420 haereticorum
899 2365 1014 2436 propter
1034 2359 1185 2433 haereses,

144 2444 196 2505 sed
217 2451 332 2522 propter
351 2445 471 2522 puellas.
513 2445 591 2506 Ecce
613 2446 678 2505 talis
691 2453 734 2506 est
745 2449 806 2506 vite
819 2452 848 2506 et
869 2440 944 2525 lex'⁴)
966 2446 1184 2506 haereticorum.

143 2531 206 2592 Nec
227 2534 343 2607 mirum,
372 2535 518 2608 quianon
540 2533 660 2592 credunt
680 2535 915 2592 resurrectionem
936 2533 983 2592 vel
1004 2531 1184 2608 gehennam,

144 2620 206 2679 sive
226 2635 350 2695 poenam
371 2618 526 2695 malorum;
553 2621 669 2696 impune
697 2621 772 2679 enim
785 2615 805 2699 ⁵)
826 2621 946 2678 transire
967 2625 1069 2695 putant
1081 2613 1184 2693 'quae-

136 2722 259 2781 cunque
274 2712 379 2782 ‚agerat
421 2705 624 2766 NOVICIUS:
647 2705 754 2766 Audivi
776 2705 950 2782 quod'multi
969 2701 1106 2765 haeretici
1126 2705 1186 2764 sint

143 2794 174 2850 in
194 2792 377 2853 Lombardia.
430 2789 665 2852 MONAGHUS:
693 2792 759 2852 Hoc
780 2795 884 2851 mirum
904 2808 963 2851 non
985 2798 1055 2867 est‚.·
1075 2791 1187 2850 habent

145 2880 221 2939 anim
242 2896 310 2939 suos
327 2881 479 2956 magistros
500 2881 530 2937 in
552 2878 670 2938 diversis
685 2881 856 2954 civitatibus,
877 2885 975 2955 aperte
996 2879 1132 2956 legentes,
1153 2883 1188 2938 et

144 2982 257 3026 sacram
276 2968 413 3044 paginam
432 2983 565 3043 perverse
588 2972 770 3042 exponentes.

470 3135 702 3199 oaeruunuos
722 3136 825 3198 xxv.
830 3132 861 3218 ⁴⁶)

102 3273 104 3280 ’
166 3261 215 3320 De
236 3261 395 3332 homodeo,
425 3263 477 3335 pra·
505 3259 657 3318 diabolum
678 3259 791 3318 dicebat
813 3277 872 3320 csse
887 3261 1052 3336 pnaapea
1072 3259 1161 3320 batus

369 3345 482 3418 mundi,
505 3363 538 3404 eo
560 3346 643 3422 qaod
661 3346 808 3404 mundum
829 3353 961 3406 acutam.

210 3467 254 3526 Eo
275 3473 402 3542 tempore
425 3483 482 3543 quo
505 3464 590 3526 Otto'
596 3466 660 3527 Rex
681 3466 825 3543 proiectus
847 3474 891 3526 est
908 3467 1033 3527 Romam
1054 3470 1188 3528 coronari

164 3615 196 3686 1)
213 3615 266 3679 xli
283 3618 314 3668 5:
333 3614 440 3680 „nullam
459 3613 555 3667 habens
573 3615 737 3668 differentiam
755 3618 822 3668 inter
838 3625 943 3668 matrem
962 3624 988 3668 et
1005 3617 1095 3681 liliam,
1116 3617 1187 3670 inter

126 3729 138 3749 ,
215 3685 351 3755 legitimam
370 3693 396 3735 et
413 3684 670 3737 absolutamf‘-
696 3685 794 3755 2)libri
812 3701 923 3738 vanus.
941 3684 1013 3740 Conf.
1031 3685 1074 3752 ΧΙ,
1092 3687 1135 3740 59.
1149 3716 1185 3728 ·-

129 3777 145 3824 p
215 3754 248 3822 3)
259 3752 301 3806 ΑΡ
320 3754 410 3817 haee;
429 3754 504 3821 paulo
516 3755 730 3823 postcannurrr
749 3764 780 3807 et
799 3753 971 3807 dimidium.
984 3754 1114 3824 -t)BG
1131 3755 1185 3808 lax

130 3827 145 3887 ’ξ
215 3824 387 3884 eluite.-
356 3824 715 3893 -5)enirnomBO.-
734 3824 1020 3895 *)Homit....111pt
