2664 4308
150 271 197 345 ,io
461 269 689 332 DISTINOTIO
712 269 886 332 SEPTIMA

156 409 222 452 nem
243 391 395 468 gloriosam
425 393 502 454 clara
529 411 602 453 voce
625 392 781 454 dicentem:
811 392 932 470 Oportet
953 409 999 452 me
1020 391 1155 452 recedere
1177 410 1195 452 a

156 479 224 553 loco,
251 482 316 540 isto.
358 479 480 540 Dicente
501 498 653 542 converso:
682 480 748 556 Quo
776 481 831 540 ibis
860 478 1007 539 Domina?
1035 480 1195 555 respondit:

159 565 208 626 Ad
229 565 318 626 lilium
339 584 451 642 meum,
473 570 608 644 conqueri
630 567 665 628 dc
687 567 843 628 Wilhelmo
866 565 902 626 de
923 566 1118 643 Hclpinstein,
1147 569 1195 643 qui

159 671 206 714 me
219 670 278 712 non
291 656 357 712 sinit
378 656 524 730 quiescere
551 657 581 712 in
603 656 659 716 boc
680 654 754 714 loco.
785 654 874 714 Mane
896 671 965 712 vero
988 656 1127 715 visionem
1148 670 1197 713 re-

158 740 250 800 ferens
264 739 409 800 cellerario
430 731 489 800 iam
506 744 655 802 memorati
667 741 824 816 Wilhelmi,
844 741 1006 801 subiunxit:
1028 741 1131 802 Sciatis
1145 758 1198 817 pro

143 833 246 902 certo,
268 826 345 903 quod
359 828 491 887 dominus
505 835 601 888 vester
614 825 629 908 ¹)
653 830 708 888 cito
730 831 866 888 morietur
887 833 1003 904 propter
1025 830 1220 888 conventum·

159 914 231 976 Loci
258 921 374 975 sanctae
404 914 523 976 Mariae.
574 913 627 974 Cui
658 915 706 974 ille
735 915 908 974 subridendo
939 914 1100 991 respondit:
1132 915 1199 975 Non

77 1029 79 1037 ·
162 1003 278 1078 curetis,
309 1007 406 1062 tamen
426 1002 565 1061 vellemus
586 1019 649 1062 esse
670 1001 794 1062 absoluti
815 1003 852 1060 ab
876 1019 919 1062 eo.
964 1002 1020 1078 Qui
1051 1008 1118 1079 post
1139 1001 1200 1062 dies

160 1105 270 1166 paucos
301 1089 375 1164 pede
403 1095 566 1160 truncatus,
597 1105 720 1164 poenam
749 1088 835 1148 solvit
846 1085 866 1168 ²)
894 1090 1039 1148 irrisionis.
1087 1087 1199 1150 Eadem

111 1243 114 1250 ‚
162 1192 231 1236 vero
254 1174 299 1248 die
321 1192 387 1234 cum
402 1175 573 1236 Wilheimus
595 1178 671 1236 cirea
691 1192 793 1234 nemus
814 1178 993 1251 spatiaretur,
1014 1178 1108 1236 nisum
1129 1193 1200 1252 por-

162 1270 226 1323 tans
247 1280 333 1337 super
353 1268 497 1338 pugnum,
525 1262 678 1323 advobus
700 1265 789 1324 servis
814 1262 931 1330 Comitis
953 1262 1122 1339 Seynensis,
1149 1265 1201 1339 qui

162 1349 307 1408 hominem
327 1351 372 1408 sui
392 1350 460 1408 iuris
483 1351 629 1424 captivum
657 1349 814 1424 ducebant,
842 1367 928 1425 quem
948 1351 1009 1425 ipse
1032 1347 1200 1430 exerrtere³)

162 1439 241 1496 nisus
256 1441 308 1510 cst,
320 1435 422 1496 lancea
435 1437 614 1511 transio'ssus,
628 1439 752 1494 animam
766 1438 895 1511 protinus
908 1436 1061 1497 exhalavit.
1088 1436 1201 1496 Eadem

162 1523 234 1583 hora
255 1523 374 1582 obsessa
395 1522 538 1599 quaedam
558 1525 587 1581 in
609 1522 690 1597 villa,
712 1539 786 1599 quae
799 1520 904 1603 Trici)
927 1523 1044 1600 dieitur,
1066 1541 1084 1582 a
1106 1531 1202 1584 castro

162 1609 343 1685 Helpinstein
374 1612 443 1668 satis
474 1616 597 1686 remota,
628 1612 668 1668 ita
689 1613 784 1686 coepit
803 1607 920 1686 saltare,
952 1628 1112 1686 manusque
1134 1629 1202 1670 eum

164 1697 301 1776 caehinno
333 1696 529 1782 complodere,
562 1703 594 1756 ut
626 1699 674 1769 vix
706 1715 724 1756 a
757 1693 936 1776 duodecim⁵)
969 1704 1068 1773 posset
1102 1700 1202 1758 teneri.

163 1784 343 1860 Interrogata
364 1783 432 1858 quid
454 1783 596 1866 haberet?
623 1783 781 1859 respondit:
803 1783 892 1842 Modo
914 1786 943 1842 in
964 1783 1021 1845 hac
1041 1784 1114 1843 hora
1135 1801 1203 1844 ma-

164 1873 251 1948 gister
272 1887 353 1929 meus
375 1872 526 1946 acquisivit
553 1877 611 1930 tres
633 1873 751 1930 animas.
793 1870 936 1930 Noveritis
957 1870 1144 1932 Wilhelmum
1166 1871 1204 1931 dc

164 1957 344 2038 Helpinstein
372 1959 430 2016 iam
458 1959 593 2016 occisum.
643 1955 847 2016 NOVICIUS:
880 1957 962 2033 Quae
993 1957 1107 2017 fuerunt
1137 1957 1206 2019 illae

140 2052 222 2104 *tres
255 2043 389 2103 animae?
436 2042 674 2104 'MONACHUS:
709 2041 805 2103 Occisi
836 2050 865 2103 et
893 2044 1099 2120 occidentium,
1130 2046 1207 2104 sieut

5 2201 6 2208 ,
167 2133 299 2208 coniicio,
329 2148 363 2190 eo
393 2131 470 2207 quod
491 2133 617 2190 animam
638 2133 743 2190 mortui
763 2130 896 2190 habuerit
915 2133 944 2188 in
966 2150 1011 2206 re,
1039 2131 1109 2191 alias
1132 2130 1206 2192 duas
1273 2188 1275 2192 .

82 2217 85 2222 ‘
165 2223 194 2278 in
216 2236 277 2294 spe.
318 2218 384 2278 Non
406 2217 498 2290 multo
524 2224 591 2294 post
610 2220 801 2294 interrogatus
824 2217 954 2277 diabolus
975 2220 1005 2276 in
1026 2219 1145 2278 Brisclre
1168 2219 1205 2279 de

166 2308 262 2366 anima
283 2303 411 2372 eiusdem
432 2304 594 2380 Wilhelmi,
622 2322 673 2380 per
702 2321 734 2364 os
764 2304 880 2364 alterius
901 2304 1023 2364 feminae
1044 2305 1205 2382 respondit:

156 2393 304 2469 Magister
325 2409 406 2451 meus
427 2391 516 2451 habet
538 2409 611 2466 eam,
635 2398 665 2452 et
685 2398 800 2467 propter
821 2391 978 2452 monachos
1001 2409 1073 2468 quos
1094 2393 1205 2468 spolia-

167 2487 257 2555 verat,
277 2481 340 2555 pice
363 2485 391 2538 et
409 2479 545 2554 sulphure
565 2478 643 2536 illam
664 2478 765 2536 infudit
776 2473 808 2557 ⁶),
827 2496 919 2554 usquc
940 2479 979 2538 ad
992 2497 1135 2538 summum
1155 2497 1206 2541 re-

159 2567 254 2644 plens.
297 2565 376 2626 Uxor
407 2582 475 2624 vero
501 2582 576 2641 quaa
598 2565 768 2624 adtentum
789 2565 896 2624 malum
917 2568 1105 2643 instigaverat
1123 2584 1205 2641 eum,

167 2660 233 2730 post
253 2655 340 2712 breve
361 2660 474 2728 tempus
497 2648 731 2730 apraevingnob
754 2651 790 2710 de
812 2658 905 2712 castro
928 2652 1101 2712 cumliberis
1114 2656 1205 2714 eiecta

168 2748 219 2802 est.
261 2740 337 2800 Nam
359 2757 425 2800 cum
453 2741 491 2798 sit
516 2737 753 2814 inexpugnabile,
783 2755 848 2798 oum
870 2740 955 2798 scalis
982 2747 1068 2799 nocto
1095 2742 1205 2800 intrans

165 2828 244 2888 illam
265 2830 384 2903 turpiter
406 2828 501 2900 eiecit,
522 2827 653 2884 iniuriam
674 2825 776 2884 beatae
798 2825 855 2886 Dei
877 2825 1027 2886 Genitricis
1047 2827 1205 2887 vindicans.

167 2916 215 2975 Ab
227 2914 275 2974 illo
289 2922 418 2990 tempore
432 2929 524 2987 usque
537 2911 622 2971 bodie
637 2915 840 2972 monasterium
855 2916 956 2972 curtim
970 2914 1091 2994 eandem
1109 2919 1205 2990 quiete

166 3003 300 3080 possidet,
321 3003 427 3060 meritis
442 2999 584 3076 gloriosae
595 2999 720 3076 Virginis
733 3000 872 3059 adiutum.
903 2999 1106 3062 NOVICIUS:
1127 3002 1205 3062 Satis

185 3156 215 3223 1)
234 3151 349 3222 unod
364 3131 479 3202 noster
494 3151 661 3214 inimicus,
678 3149 795 3218 Pquod
810 3149 1025 3204 adversarius
1039 3162 1201 3208 noster.-

235 3223 267 3290 2)
285 3222 305 3274 B
323 3221 477 3273 exsolvit.
499 3249 528 3259 -
549 3221 580 3289 3)
599 3221 697 3287 eripere
715 3220 878 3272 demonibus
896 3222 994 3274 illorum
1013 3239 1151 3276 servorum.
1171 3255 1201 3265 -

181 3297 183 3301 '
234 3294 267 3360 4)
285 3291 384 3343 videtur
402 3306 459 3342 esse
478 3290 563 3342 Triach
581 3306 661 3358 prope
681 3289 815 3342 Uclreruth.
836 3321 866 3331 -
892 3292 923 3360 5]
942 3292 985 3343 bit
1002 3292 1051 3344 add
1068 3293 1204 3348 homiui·

233 3363 300 3414 bus.
321 3391 351 3401 —
371 3361 403 3428 6)
421 3359 442 3412 D
460 3359 624 3422 infundit,
642 3359 662 3412 B
680 3359 992 3428 perfundit.-7)CP
1010 3366 1203 3433 praevigno,

197 3457 199 3463 ⁴
232 3431 454 3498 Bprivingio,
473 3430 493 3480 R
511 3431 674 3498 privigno.
710 3429 788 3482 Simili
811 3429 885 3482 modo
910 3439 1027 3483 auctores
1048 3432 1124 3485 medii
1147 3435 1203 3486 aevi

233 3503 392 3570 gingnera
415 3499 621 3568 progignere
640 3498 791 3550 scribebant.
810 3499 1094 3568 UudesupralV,312
1119 3503 1203 3568 „Gon-

234 3569 340 3622 suetudo
364 3571 451 3622 vitium
474 3569 584 3621 accidiae
611 3584 642 3619 ex
666 3585 694 3620 se
723 3569 833 3636 gignit,“
864 3571 933 3622 iuxta
956 3571 979 3623 Α
1002 3571 1143 3640 legendum¹
1164 3581 1203 3624 eat

234 3641 367 3710 gingnit.
404 3637 493 3691 Hamil.
511 3638 577 3690 ined.
601 3637 684 3704 „Vitio
708 3638 849 3691 discordiae
873 3641 949 3692 etiarn
967 3656 1059 3694 nomen
1077 3641 1203 3694 Barrabae

233 3710 357 3778 congruit,
375 3717 478 3777 propter
495 3724 584 3762 sonum
603 3707 764 3772 stridentem,
788 3725 862 3777 quern
881 3708 1066 3777 duplex.r.iu
1084 3727 1116 3765 eo
1134 3714 1203 3784 gin.

233 3781 325 3846 gnit.“
353 3779 425 3844 Quod
444 3788 527 3831 autem
546 3781 635 3832 attinet
653 3777 685 3830 ad
704 3777 824 3850 syllabam
845 3794 932 3845 prae,
959 3790 1120 3849 comparetur
1144 3799 1202 3836 ver-

231 3851 290 3902 bum
308 3849 561 3920 praevileglare.
1021 3873 1024 3878 Δ
