2538 4314
159 233 200 297 88
461 227 689 295 DISTINOTIO
710 229 896 294 SECUNDA

158 377 228 417 ram
256 360 385 416 contines
406 357 543 432 dronae,
566 364 594 416 et
616 355 739 434 abyssos
763 359 901 428 intactis,
925 337 1037 413 terram
1057 367 1169 429 paparo
1185 348 1209 426 ¹)

159 445 322 518 scalada,
346 444 455 504 eraudi
475 461 530 503 noa
551 447 584 502 ia
605 443 758 518 palmitibus
778 446 894 501 anama.
947 440 1014 517 Ipse
1035 455 1109 500 vero
1134 457 1206 499 san-

160 537 222 606 etus
243 533 352 590 intrans
373 534 536 606 oratorium,
557 530 657 612 effudit
677 533 802 590 animam
824 547 907 588 suam
927 529 956 586 in
973 529 1114 602 oratione,
1138 544 1207 586 cum

159 618 255 677 multis
276 618 537 696 lacrimisdivinam
561 617 744 692 interpellans
767 615 955 676 clementiam.
998 613 1208 689 Acquiescen-

159 713 203 764 tes
226 707 291 765 eins
309 703 426 765 consilio
447 706 563 779 fratres,
593 704 715 763 eandem
732 703 918 778 antiphonam
935 707 1015 760 tanto
1027 703 1172 761 intentius
1183 697 1206 780 ²)

160 793 327 866 cantabant,
349 799 456 869 quanto
478 794 578 852 lortius
601 798 747 850 cantantes
770 793 902 867 angustia
922 789 1090 865 premebat,
1115 794 1145 846 et
1167 786 1206 848 ad

158 879 332 939 cantandum
353 880 498 939 incitabat.
540 878 648 937 Flexus
668 881 733 954 pins
747 876 889 936 Dominus
903 877 1026 935 lacrimis
1049 891 1205 934 servorum

157 983 275 1025 suorum
286 963 316 1046 ³),
337 967 520 1042 Imperatoris
543 983 592 1024 eor
613 967 743 1038 mutavit,
767 956 795 1023 et
807 967 912 1023 missae
926 970 1001 1046 ⁸sunt
1021 963 1126 1021 literae
1148 961 1204 1020 sub

155 1053 348 1128 festinatione,
377 1060 409 1111 ut
437 1059 599 1126 manerent,
627 1059 797 1127 orarentque
826 1069 877 1126 pro
904 1050 1037 1125 Imperio.
1082 1049 1131 1107 Ex
1159 1048 1204 1107 his

157 1143 263 1216 poteris
286 1140 431 1216 colligere,
454 1157 541 1214 quam
562 1139 695 1198 efficaces
718 1140 824 1198 sintin
845 1138 962 1197 auribus
983 1137 1040 1195 Dei
1063 1135 1205 1195 lacrimae

158 1222 341 1286 contritionis.
394 1225 595 1286 NOVICIUS:
627 1227 728 1285 Potest
758 1227 822 1300 quis
850 1225 931 1283 alteri
962 1225 1036 1283 tales
1070 1224 1204 1282 obtinere

158 1313 291 1372 lacrimas
323 1317 429 1372 meritis
462 1316 523 1371 sive
555 1312 710 1388 precibus?
760 1311 996 1371 MONACHUS:
1032 1311 1123 1386 Quod
1156 1309 1204 1369 alii

159 1400 221 1460 aliis
242 1400 405 1459 huiusmodi
427 1403 548 1476 gratiam
570 1401 698 1459 obtinere
719 1402 830 1475 possint
851 1399 947 1476 aDeo
969 1400 1088 1472 meritis,
1111 1397 1204 1456 habes

159 1491 290 1563 superius
313 1486 436 1564 capitulo
459 1489 556 1561 tertio,
578 1488 628 1546 ubi
649 1493 781 1562 apostata
801 1486 960 1545 monachus
981 1487 1091 1544 meritis
1113 1485 1203 1560 patris

160 1580 189 1634 et
209 1574 329 1650 hospitis
352 1576 395 1632 sui
417 1576 507 1632 sancti
528 1573 668 1632 Bernardi
689 1591 740 1649 per
761 1573 894 1632 lacrimas
918 1573 1096 1631 contritionis
1117 1572 1202 1628 iusti-

159 1661 261 1720 ficatus
277 1667 328 1720 est.
351 1659 438 1718 Aliud
448 1661 539 1720 habes
553 1661 716 1737 exemplum
730 1663 759 1718 in
774 1661 897 1736 capitulo
914 1665 994 1718 sexto
1010 1658 1134 1732 decimo,
1152 1657 1202 1715 ubi

159 1748 241 1806 miles
263 1747 341 1823 apud
362 1743 504 1826 Remist),
531 1751 560 1805 in
582 1750 643 1808 eius
662 1750 827 1823 praesentia
847 1749 1072 1820 communicans,
1094 1745 1202 1804 meritis

46 1878 51 1887 1
158 1837 247 1910 ipsius
268 1853 319 1911 per
341 1835 447 1894 donum
470 1837 652 1909 contritionis,
675 1852 741 1894 cum
762 1838 792 1893 in
813 1837 945 1893 maximis
968 1839 1044 1892 esset
1065 1832 1202 1910 peccatis,

158 1925 262 1982 meruit
288 1921 448 1980 illuminari.
498 1922 554 1981 Pro
584 1913 662 1981 nullo
694 1922 797 1980 horum
830 1922 932 2001 dicitur
964 1937 1073 1980 orasse.
1127 1919 1201 1977 Item

160 2008 238 2084 qnod
268 2009 384 2084 quidam
414 2009 476 2068 aliis
498 2005 630 2068 lacrimas
654 2011 844 2082 contritionis,
876 2009 980 2084 quibus
1001 2013 1126 2083 peccata
1148 2021 1200 2064 sua

160 2095 277 2172 diluant,
297 2099 449 2172 impetrare
472 2097 594 2172 valeant,
617 2095 735 2156 diversis
756 2097 808 2155 tibi
830 2095 979 2156 ostendam
1002 2093 1153 2170 exemplis.

510 2234 744 2332 enarratum
763 2267 853 2330 xm

217 2411 266 2471 Dc
286 2411 424 2487 relipioaa
443 2411 566 2488 femina,
589 2428 668 2486 quac
689 2416 734 2469 ter
754 2413 786 2468 in
807 2409 992 2468 hebdomoda
1014 2407 1143 2468 obtinuit

377 2499 521 2556 monacho
544 2497 683 2556 lacrimas
704 2497 788 2574 infra
810 2501 982 2556 matutinas.

224 2633 333 2696 Retulit
360 2637 443 2696 nobis
471 2637 528 2696 hoa
556 2653 631 2696 anno
662 2635 793 2695 doninus
821 2634 968 2694 Waltcrus
989 2633 1094 2694 Abbas
1115 2630 1198 2692 Vils·
1259 2653 1260 2656 ¹

159 2723 275 2798 riensis,
297 2729 326 2783 te
347 2729 435 2798 teste,
458 2723 536 2799 quod
557 2723 715 2782 monachus
738 2722 870 2799 quidam,
893 2739 958 2781 cum
979 2724 1139 2781 mitteretur
1159 2717 1196 2776 ab

159 2808 277 2870 Abbate
299 2829 351 2870 suo
375 2812 412 2870 ad
432 2811 601 2871 coenobium
623 2809 768 2885 quoddam
789 2809 1047 2869 sanctimonialium
1055 2806 1076 2889 ε)
1093 2805 1196 2868 ordinis

158 2900 262 2972 nostri,
290 2901 433 2975 rogaverit
459 2915 547 2958 unam
569 2916 604 2957 ex
627 2900 682 2973 eis,
714 2915 802 2972 quam
828 2897 971 2973 amplioris
1000 2898 1093 2955 meriti
1120 2887 1196 2968 apud

158 2982 256 3046 Deum
269 2986 410 3061 sperabat,
432 3003 483 3060 pro
507 3002 537 3044 se
560 3002 650 3045 orare.
693 2983 852 3060 Respondit
873 2983 937 3042 illa:
959 2982 1035 3058 Quid
1056 2981 1144 3041 vultis
1164 2981 1195 3034 ut
1259 3051 1260 3070 Χ

159 3087 238 3132 orem
269 3072 449 3148 provehis?
492 3072 530 3130 Et
552 3071 724 3132 monachus:
752 3071 828 3131 Volo
858 3077 890 3128 nt
912 3071 1063 3130 obtineatis
1091 3065 1194 3126 aDo-

158 3160 236 3218 mino
258 3165 301 3217 ter
322 3159 391 3218 mihi
411 3161 440 3217 in
462 3159 646 3218 hebdomada
672 3158 710 3218 ad
731 3157 881 3218 sollemnes
903 3157 1030 3234 vigilias,
1060 3156 1117 3214 hoc
1139 3155 1193 3222 est,

80 3303 82 3308 .
158 3244 229 3304 feria
250 3246 384 3320 secunda,
407 3248 476 3305 seria
498 3249 598 3321 quinta
620 3250 649 3304 et
670 3246 808 3320 sabbato,
831 3245 947 3320 quando
966 3244 1109 3320 longiores
1130 3240 1194 3298 sunt

117 3365 119 3370 ,
159 3332 280 3408 vigiliae,
303 3333 456 3409 specialem
475 3335 598 3409 gratiam
618 3332 799 3392 lacrimarum
822 3331 1037 3394 siderationis,
1074 3328 1127 3388 Cui
1145 3321 1193 3382 illa

81 3485 86 3496 ¹
178 3465 209 3536 1)
227 3466 268 3518 Bl)
287 3467 399 3534 palmo.
418 3497 451 3506 -
470 3467 502 3533 2)
521 3466 541 3520 G
559 3467 732 3518 attentius.
753 3496 783 3507 -
807 3465 840 3533 3]
858 3465 878 3519 G
896 3482 1023 3518 suorum
1047 3455 1191 3516 lacrimis

229 3552 413 3600 servorum3
440 3537 515 3604 paulo
544 3545 602 3604 post
624 3537 644 3588 D
669 3538 856 3589 immutavit.
886 3567 915 3576 -
942 3537 974 3604 4)
1002 3535 1101 3587 Caesar.
1127 3522 1190 3608 apud

229 3606 361 3658 Boehrner.
380 3607 486 3658 inFont.
505 3606 562 3659 lter.
582 3607 664 3660 Germ,
682 3607 712 3660 ll.
731 3623 756 3673 p.
774 3607 839 3658 279:
860 3605 1017 3672 ,Episcopus
1035 3601 1100 3670 apud
1110 3598 1189 3675 Remi!

228 3678 325 3729 occisus
344 3680 406 3727 est.“
427 3676 498 3729 Conl.
518 3679 592 3728 etiarn
611 3678 701 3728 iuxta
720 3677 936 3746 Aquisgrani,
954 3674 1022 3744 quod
1039 3673 1114 3726 variis
1131 3667 1188 3718 ioca
1259 3699 1260 3708 ,

228 3747 254 3798 in
276 3746 325 3797 hoc
343 3745 447 3816 Dialogo
472 3749 589 3799 occurrit.
609 3776 639 3787 -
660 3747 691 3816 5)
709 3746 750 3799 Gl)
775 3745 977 3810 monialium3
1001 3743 1075 3813 paulo
1097 3729 1187 3808 postd
1259 3769 1260 3772 ,

228 3818 373 3886 rogavit,
391 3817 455 3869 aur
472 3818 721 3888 rogaveritqnc.
