2664 4308
462 314 516 374 DE
539 313 696 376 SANcTA
713 312 855 374 MARIA.
1136 313 1176 372 33

106 472 107 478 κ
140 436 284 498 candidior
303 443 355 510 cst,
377 434 472 495 adhuc
487 437 658 513 cycetricem
679 438 708 494 in
729 416 795 495 loco
816 435 998 511 praecisionis
1011 431 1028 514 ¹)
1051 449 1178 494 servans.

137 525 231 584 Huius
259 523 389 583 miraculi
416 525 495 583 testis
525 530 569 582 est
596 525 746 582 universus
769 522 997 582 Oluntacensium
1019 527 1179 582 conventus

137 628 230 687 usquc
251 609 346 670 hodie.

471 749 704 826 enarrentur
729 765 847 824 xxiv.

136 891 183 950 De
205 891 306 948 Adam
328 889 474 948 monacho
497 889 532 946 de
553 887 643 946 Luto
660 905 716 962 per
738 894 873 946 sonetum
887 885 1021 945 Martum
1043 907 1063 946 o
1084 887 1179 946 scabie

158 981 262 1054 cupitis
283 983 407 1050 canoto,
431 981 458 1034 et
484 975 519 1032 de
540 973 717 1033 sanitatibus
740 991 815 1050 quas
838 981 981 1049 operatur
1001 978 1034 1033 ia
1054 974 1157 1033 Monte

278 1063 453 1135 Peeeulaao,
476 1068 505 1120 et
527 1064 658 1136 imopr'rte
680 1064 740 1120 eius
763 1061 847 1136 opud
867 1059 1039 1138 sauconay.

201 1182 299 1242 Adam
315 1182 448 1242 sacerdos
466 1190 495 1242 et
508 1182 666 1242 monachus
688 1184 717 1240 in
731 1181 840 1258 Luchs,
863 1183 943 1241 cuius
960 1198 1047 1257 supra
1062 1183 1179 1242 memini
1240 1174 1243 1182 ’

136 1270 261 1348 capitulo
286 1269 396 1329 decimo
418 1272 555 1346 septimo,
582 1269 764 1328 considerans
785 1287 832 1328 me
853 1271 883 1328 hr
903 1267 1067 1328 huiusmodi
1088 1270 1179 1328 mira·

136 1358 207 1418 cuhs
230 1356 373 1432 delectari,
394 1375 430 1415 ex
451 1355 542 1416 multa
557 1359 674 1415 caritate
695 1356 766 1414 mihi
788 1356 824 1416 dc
846 1373 877 1415 se
898 1358 960 1431 ipso
984 1355 1079 1414 retudit
1100 1354 1178 1431 quod

136 1446 264 1504 dicturus
286 1461 358 1502 sum.
403 1443 491 1516 Cum,
513 1445 734 1518 inquit,cssem
755 1461 842 1518 puer,
863 1446 903 1501 ita
926 1449 1013 1518 caput
1033 1443 1179 1502 habebam
1226 1457 1230 1464 ’

136 1533 309 1605 scabiosum,
330 1536 363 1590 ut
384 1547 453 1606 prae
474 1530 583 1588 loctcre
605 1529 761 1606 putredinis
784 1532 852 1604 cius,
874 1547 987 1588 mecum
1009 1529 1109 1590 sedere
1131 1530 1180 1590 vel

134 1618 231 1696 legere
243 1615 264 1698 ²)
286 1616 431 1678 scholares
452 1622 625 1676 recusarent.
667 1617 765 1674 Prima
786 1618 876 1676 oratio
900 1634 986 1691 quam
1008 1617 1107 1693 didici,
1129 1635 1179 1676 sa·

134 1705 236 1764 lutatio
260 1711 321 1764 crat
342 1703 487 1780 angehca,
519 1703 614 1762 adhuc
643 1701 778 1779 puerulus
808 1706 877 1762 satis
901 1720 965 1761 eam
987 1703 1179 1779 frequentans.

136 1792 210 1852 Cum
238 1790 317 1868 apud
338 1790 546 1849 Monasterium
567 1789 735 1848 Westlaliae
763 1791 874 1864 positus
903 1790 1019 1848 fuissem
1041 1791 1079 1850 ed
1099 1791 1179 1850 litte·

136 1897 191 1954 ras,
214 1885 243 1938 ct
256 1877 352 1937 eundo
375 1875 413 1936 ad
426 1876 540 1936 scholas
562 1879 623 1937 sive
645 1875 682 1936 ad
696 1879 860 1952 matutinas,
882 1876 1008 1951 quotidie
1029 1880 1180 1938 transirem

135 1983 187 2042 per
201 1964 347 2041 quandam
362 1963 512 2024 eeclesiam
535 1962 752 2022 conventualem
775 1979 810 2022 cx
831 1965 1001 2022 necessitate
1022 1965 1096 2038 viae,
1118 1967 1179 2024 sine

135 2054 343 2112 intermissione
365 2058 431 2110 ante
454 2054 608 2110 oratorium
630 2051 659 2108 in
680 2050 788 2108 honore
805 2049 862 2108 Dei
887 2049 1039 2110 Genitriois
1061 2049 1179 2111 dedica-

135 2146 206 2214 tum,
230 2156 296 2198 cum
316 2138 408 2196 tribus
430 2139 520 2197 veniis
541 2136 660 2196 totidem
681 2135 736 2195 ieci
752 2129 957 2196 salutationes(
989 2137 1082 2197 Nocte
1104 2156 1222 2214 qua-v·

135 2225 203 2286 dam
217 2232 323 2302 putans
341 2224 378 2284 ad
393 2227 546 2284 matutinas
557 2219 654 2284 'luisse
677 2224 895 2299 compulsatum,
916 2227 1025 2283 surrexi
1046 2231 1179 2300 tremens,

137 2321 166 2372 et
188 2330 255 2372 cum
276 2314 420 2372 venissem
442 2311 480 2370 ad
501 2313 559 2370 iam
581 2311 689 2370 dictum
711 2313 928 2385 monasterium,
958 2318 1089 2388 essetque
1112 2329 1179 2372 ora·

135 2402 240 2460 torium
255 2399 392 2473 clausum,
413 2400 504 2457 trihus
522 2399 633 2458 vicibus
647 2396 805 2457 seeundum
827 2397 1063 2458 consuetudinem
1084 2417 1180 2476 genua

135 2485 277 2547 flectendo
291 2486 448 2545 Dominam
469 2491 596 2568 nostram
618 2485 747 2561 angehco
769 2485 910 2562 versiculo
925 2485 1064 2554 salutavi.
1106 2486 1180 2546 Sur-

135 2591 207 2650 gcns
235 2590 321 2647 vero,
353 2575 450 2632 inveni
471 2575 575 2631 ostium
596 2578 741 2648 apertum,
775 2578 804 2631 et
824 2578 905 2632 tanta
926 2580 988 2631 erat
1008 2576 1038 2632 hr
1058 2574 1180 2634 ccclesia
1248 2569 1268 2586 ‘

136 2659 262 2736 claritas,
282 2666 315 2718 ut
331 2657 434 2736 fulgori
454 2659 610 2718 meridiano
625 2658 845 2718 assimularetur.
889 2659 984 2736 Quam
1006 2678 1072 2720 cum
1086 2664 1180 2738 stupi-

136 2747 191 2806 dus
218 2748 384 2819 intrassem,
413 2745 473 2803 vidi
502 2753 568 2804 ante
589 2749 681 2804 maius
703 2745 792 2824 altare
814 2750 925 2822 septem
946 2753 1091 2807 matronas
1112 2749 1179 2824 pul-

137 2834 292 2894 cherrimas
308 2831 472 2908 residentes,
493 2851 581 2892 unam
595 2835 624 2890 in
645 2832 748 2907 medio,
770 2850 845 2908 quae
867 2835 967 2893 ceteris
989 2833 1090 2893 clarior
1111 2844 1179 2912 crat,

138 2928 167 2980 et
196 2938 248 2979 sex
276 2920 343 2978 hinc
371 2919 459 2994 inde,
481 2918 510 2977 id
532 2925 576 2979 est
602 2924 659 2978 tres
689 2937 707 2978 a
730 2918 849 2995 dextris,
878 2926 907 2979 et
934 2925 992 2979 tres
1014 2939 1031 2980 a
1053 2923 1179 2981 sinistris.
1209 2959 1212 2964 ·

136 3007 236 3066 Media
257 3023 326 3065 vero
348 3024 395 3064 me
416 3023 539 3080 vocans,
574 3023 639 3067 cum
660 3009 777 3082 propius
798 2997 998 3081 accessissem,
1021 3009 1074 3066 uit:
1096 3009 1179 3068 Bone

136 3109 216 3170 puer,
239 3108 328 3170 quare
341 3111 399 3152 nou
417 3093 569 3152 adhibetur
584 3110 652 3152 cura
674 3095 759 3167 capiti
780 3092 850 3153 tuo?
893 3093 1096 3170 Respondente
1117 3113 1178 3155 me:

136 3181 271 3254 Domina,
289 3183 362 3239 satis
380 3182 455 3240 circa
472 3197 518 3239 mc
534 3180 738 3240 laboraverunt
758 3183 843 3240 amici
863 3182 928 3256 mei,
949 3181 1000 3240 sed
1021 3181 1090 3240 nihil
1109 3200 1179 3258 pro*

135 3269 277 3343 lecerunt3
307 3266 453 3326 subiunxit
480 3266 543 3324 illa:
572 3265 655 3325 Nosti
676 3283 751 3342 quac
773 3266 846 3326 sim?
877 3267 930 3326 Cui
952 3286 1017 3327 cum
1040 3267 1178 3346 dicerem,

137 3372 195 3414 non
230 3352 360 3428 domina,
386 3353 547 3428 respoudit:
583 3353 647 3430 Ego
669 3371 733 3412 sum
755 3360 847 3414 mater
869 3353 984 3430 Christi,
1014 3365 1044 3418 et
1064 3356 1180 3418 domina

136 3439 222 3500 huius
252 3442 376 3500 oratorii.
427 3440 502 3516 Quia
534 3442 591 3499 mei
621 3442 788 3518 memoriam
810 3441 946 3501 sollicitus
959 3438 980 3522 ³)
1003 3460 1033 3501 es
1055 3444 1179 3519 habere,

137 3545 192 3608 ego
221 3527 273 3606 tibi
302 3543 400 3602 curam
429 3525 573 3586 adhibebo
582 3523 614 3606 ‘h
663 3525 773 3604 Accipe
800 3527 907 3589 fructus
928 3529 999 3606 ligni
1017 3530 1120 3606 fusilis,
1151 3541 1179 3599 et

156 3679 187 3747 1)
205 3677 269 3730 Bou
291 3679 544 3743 praescisionis.
570 3707 600 3718 -
624 3679 656 3744 2)
680 3678 769 3730 llcmil.
794 3679 823 3731 ll.
849 3697 873 3748 p.
897 3681 945 3732 29:
970 3657 1063 3749 „qrrcm'
1083 3685 1179 3750 proprii

207 3749 336 3816 genitores
354 3746 386 3797 ad
404 3749 581 3799 monasterium
595 3747 759 3812 tradiderunt,
776 3758 802 3801 et
819 3750 844 3801 in
862 3749 967 3804 ccclesia
986 3753 1179 3818 coepit-cancre

125 3865 127 3872 ,
208 3825 234 3868 et
251 3816 372 3885 legere,
388 3832 436 3869 nec
448 3832 551 3870 uxorem
564 3816 665 3882 ducere,
681 3833 729 3870 nec
742 3823 919 3871 monasterium
931 3820 1049 3872 deserere
1060 3823 1178 3887 poterit*

210 3917 240 3927 -
261 3887 293 3954 3)
311 3885 351 3937 BP
369 3886 497 3938 solitus.
519 3915 548 3925 -
569 3888 600 3956 4)
618 3887 659 3941 lll’
677 3888 827 3942 adhibeo.

866 3960 919 4037 2*
