2538 4314
395 258 459 319 DE
484 257 757 320 CONTRITIONE.
1061 259 1100 319 ’19

82 397 150 439 manu
173 397 220 440 sua
240 381 402 440 tribuebat.
458 381 498 440 Et
530 382 596 457 qaia
627 379 664 440 ad
693 381 765 441 tales
794 379 947 442 effusiones
975 377 1102 438 redditus

81 468 148 526 auaui
166 471 251 526 murus
272 469 470 544 sufficiebant,
497 467 683 527 hereditatem
704 473 856 544 paternam
874 464 998 524 vendere
1020 482 1102 524 com·

80 554 218 627 pellebatur.
258 555 334 614 Erat
357 563 463 615 autem
485 557 515 614 in
536 557 663 630 proximo
681 571 800 614 manens
821 552 902 612 miles
918 551 1033 628 quidam
1055 551 1101 610 di-

80 656 119 698 ves
137 647 161 698 et
179 640 324 716 honestus,
347 642 548 702 ministerialis
569 647 672 700 tamem
699 641 775 701 Huic
795 641 907 700 iuvenis
928 641 985 697 iam
1008 639 1101 698 dictus

78 726 171 804 allodia,
197 731 258 788 sive
288 729 381 789 leuda
397 726 417 809 ι)
440 747 496 788 sua
516 731 619 805 partim
641 728 798 802 vendebat,
827 729 932 803 partim
961 728 991 784 in
1016 723 1100 784 vadi-

77 816 151 872 uouio
178 817 353 891 exponebat
401 816 530 876 Etcum
555 817 613 874 iam
638 832 696 874 non
717 815 836 874 haberet
866 811 943 888 quod
964 811 1101 872 venderet

76 899 111 959 vel
128 909 290 978 exponeret,
323 904 479 980 cogitabat
508 902 651 977 exsulare,
683 901 857 961 tolerabilius
879 899 1006 958 iudicans
1027 901 1101 958 inter

76 992 201 1048 nuaneos
213 989 397 1065 mendicare,
421 1007 511 1064 quam
531 991 603 1047 inter
615 995 698 1047 notos
720 995 749 1048 et
762 987 861 1048 affines
876 989 1011 1062 egestatis
1029 1002 1100 1045 con·

74 1072 190 1132 lusionem
211 1080 368 1136 sustinere.
414 1075 555 1134 Habebat
575 1081 674 1148 autem
698 1075 840 1149 villicum,
868 1073 1014 1134 homiuem
1035 1074 1101 1148 qui-

75 1159 125 1218 dem
142 1161 316 1240 malignum,
348 1165 485 1236 nomine,
512 1178 571 1220 non
590 1179 621 1221 re
644 1161 849 1235 Christianum,
879 1166 908 1219 et
930 1160 1100 1220 daemonum

73 1248 205 1310 musano
233 1257 334 1309 totum
368 1252 577 1324 mancipatum.
623 1247 733 1307 Videns
758 1248 806 1308 hic
839 1247 985 1308 dominum
1016 1263 1101 1305 suum

73 1335 170 1410 tristem
192 1342 220 1395 et
240 1340 382 1396 tristitiae
404 1353 464 1394 non
477 1337 610 1412 ignorans
625 1350 750 1411 causam,
772 1335 887 1396 dicebat
906 1336 946 1393 ei:
968 1332 1100 1406 Domine,

73 1419 142 1480 vultis
162 1422 241 1482 dives
264 1423 354 1482 lieri?
377 1423 554 1498 Responditr
581 1421 716 1480 Libenter
738 1421 817 1481 dives
837 1421 944 1496 fierem,
967 1419 1100 1479 dummo-

73 1504 102 1564 do
118 1509 191 1584 ipsae
213 1509 338 1570 divitiae
362 1526 428 1570 esse
449 1513 568 1586 possent
588 1525 654 1567 cum
674 1508 748 1568 Deo.
790 1509 829 1566 Et
849 1507 974 1567 villicus:
1005 1505 1101 1567 Nolite

72 1595 167 1670 timae,
188 1599 347 1673 sequimini
370 1602 486 1656 tantum
506 1612 562 1670 me,
583 1601 612 1654 et
632 1595 707 1654 bene
729 1598 781 1654 crit
801 1595 893 1654 vobis.
925 1595 1029 1654 Statim
1050 1611 1099 1653 se-

73 1686 140 1740 cutus
159 1690 202 1742 est
221 1687 376 1759 miserum,
398 1690 538 1758 tanquam
559 1685 696 1758 serpentis
716 1699 819 1742 vocem
831 1681 904 1756 Eva,
926 1683 1008 1757 quasi
1028 1682 1100 1739 sibi·

72 1765 119 1825 lum
138 1774 255 1847 aucupis
279 1771 415 1846 avicula,
444 1772 475 1828 in
495 1769 628 1844 laqueum
640 1765 661 1848 ²)
676 1768 789 1828 'diaboli
811 1768 929 1828 celerius
952 1767 1100 1843 deponen-

73 1850 123 1912 dus
160 1856 197 1915 Et
227 1858 315 1917 duxit
338 1875 407 1916 eum
435 1859 466 1914 in
494 1858 557 1931 ipsa
584 1861 668 1915 nocte
695 1873 747 1930 per
768 1855 914 1931 quoddam
942 1871 1043 1914 nemus
1069 1855 1098 1910 in

73 1937 151 2000 locum
171 1943 342 2020 palustrem,
366 1950 396 2003 et
417 1945 611 2018 coepit‘quasi
624 1960 689 2001 cum
702 1942 797 2018 aliquo
812 1943 917 2001 habere
931 1957 1099 2000 sermonem.

74 2025 116 2085 dui
133 2031 256 2090 iuvenis:
286 2031 364 2090 Cum
387 2047 446 2106 quo
468 2027 611 2103 loqueris?
633 2029 793 2104 Respondit
814 2028 929 2088 domino
949 2043 1002 2086 suo
1023 2026 1100 2086 villi·

74 2129 114 2172 eus
137 2116 182 2176 ille
203 2120 383 2196 iniqnitatis:
418 2117 526 2176 'Pacete
553 2121 665 2175 tanmm
686 2133 754 2190 vor,
782 2133 835 2176 nec
862 2119 899 2175 sit
924 2115 1009 2174 vobis
1032 2129 1100 2172 cura

75 2215 127 2260 eum
145 2221 200 2279 quo
222 2201 375 2284 loquars).
421 2203 551 2278 Cumque
579 2203 706 2264 secundo
732 2202 911 2288 loqueretur,
940 2207 969 2260 et
988 2201 1100 2260 iuvenis

74 2287 158 2348 iterato
178 2294 386 2366 sciscitaretur,
408 2289 568 2365 respondit:
591 2289 664 2348 Cum
680 2289 802 2349 diabolo.
844 2289 883 2349 Et
904 2290 1101 2364 coepit-iuve-

75 2375 110 2432 uis
127 2371 205 2438 nimis
226 2379 358 2438 horrere.
403 2376 497 2452 Quem
522 2393 580 2435 non
609 2382 774 2436 concuteret
794 2377 895 2436 horror
915 2371 997 2456 talil)
1019 2375 1100 2448 loco,

73 2459 158 2522 intuli
176 2463 264 2540 hora,
285 2471 315 2524 et
336 2463 373 2522 de
395 2463 447 2522 tali
467 2462 618 2522 sermone?
639 2463 820 2538 Dicebatque
836 2463 948 2523 villicus
970 2461 1101 2524 diabolo:

75 2544 196 2628 Domine,
225 2569 299 2612 ecce
320 2552 417 2611 virum
445 2550 521 2609 huuc
548 2550 674 2610 nobilem
703 2550 849 2608 dominum
876 2567 973 2608 meum
994 2548 1102 2609 adduxi

77 2639 167 2708 gratiae
187 2645 315 2713 vestrae,
337 2639 480 2697 maiestati
499 2643 612 2696 vestrae
633 2637 806 2713 supplicans,
828 2643 860 2695 ut
879 2643 974 2696 vestro
996 2635 1101 2695 auxilio

77 2724 182 2795 pristinis
202 2725 367 2786 honoribus
386 2730 474 2799 atque
496 2721 601 2784 divitiis
622 2726 733 2782 restitui
754 2729 902 2784 mereatm.
945 2721 994 2781 Ad
1016 2739 1102 2797 quem

79 2807 208 2874 diabolus:
233 2813 265 2873 Si
286 2812 357 2870 mihi
378 2811 501 2870 voluerit
522 2827 583 2870 esse
607 2811 727 2869 devotus
739 2807 760 2890 ⁶)
782 2827 817 2870 ac
838 2809 945 2885 fidelis,
968 2808 1053 2869 'dabo
1076 2811 1103 2867 ei

33 2941 38 2954 .
80 2893 175 2960 divitias
204 2917 342 2976 magnas,
369 2900 485 2973 insuper
513 2897 618 2957 addam
639 2896 759 2973 gloriam
788 2903 817 2957 et
837 2897 975 2971 honores,
1003 2894 1103 2972 quales

80 2985 295 3048 nonhabuemnt
316 2991 415 3062 patres
437 2987 496 3044 eius
508 2980 538 3065 ⁶).
581 2983 743 3060 Respondit
753 2983 876 3043 villicus:
898 2983 1033 3043 Libenter
1044 2976 1101 3042 vo-

81 3068 115 3129 bis
126 3075 311 3151 obsequiosus
325 3075 379 3133 erit
401 3077 430 3130 et
442 3070 541 3146 fidelis,
563 3073 588 3130 si
602 3071 672 3130 talia
683 3072 766 3130 merit
779 3078 957 3131 consecutus.
985 3070 1024 3128 Et
1037 3070 1099 3130 ille:

82 3155 106 3214 Si
121 3161 236 3231 voluerit
263 3163 322 3220 ista
343 3178 362 3219 a
383 3176 430 3218 me
453 3161 595 3234 consequi,
624 3158 828 3217 abrenunciare
859 3157 889 3217 in
910 3159 1026 3217 instanti
1047 3157 1100 3216 de·

82 3241 147 3327 bell
167 3249 325 3308 Altissimo.
370 3243 456 3321 Quod
479 3263 544 3304 cum
564 3247 675 3303 iuvenis
696 3244 807 3304 audiet
829 3251 858 3303 et
879 3247 972 3304 lacere
994 3261 1100 3305 senue-

84 3337 128 3406 ret,
151 3336 262 3396 dicebat
291 3336 319 3394 ei
345 3332 433 3392 homo
460 3331 507 3391 ille
535 3331 716 3408 perditionis:
747 3331 823 3407 Quid
850 3334 954 3391 timetis
975 3331 1100 3406 prolerre

84 3420 210 3483 verbulum
231 3419 347 3482 unum?
369 3418 473 3494 Dicite,
494 3419 696 3478 abrenunciate
706 3414 738 3497 ³).
781 3418 911 3478 Tandem
922 3421 1007 3477 miser
1017 3421 1101 3479 iuve-

83 3505 146 3570 rist
170 3511 267 3572 villico
289 3522 464 3586 persuasus,
494 3501 659 3566 Cbeato‘rem
680 3507 764 3564 suum
785 3522 833 3565 ore
854 3508 985 3582 negavit,
1012 3523 1100 3566 manu
1205 3563 1208 3570 .

99 3691 148 3761 ¹)l'
163 3697 269 3749 leuda.
290 3724 323 3734 -
343 3693 376 3762 2)
394 3691 415 3744 G
431 3693 461 3744 in
484 3691 610 3762 laqueo.
630 3719 662 3728 —
681 3691 713 3758 3)
731 3690 772 3744 ΒΟ
789 3687 912 3760 loqiror.
931 3721 963 3730 —-
982 3690 1015 3756 l]
1033 3687 1053 3744 (l
1070 3693 1102 3742 in
1201 3665 1204 3672 Ι

131 3768 194 3819 tali.
214 3797 247 3807 -
277 3763 310 3834 5)
329 3762 350 3817 G
367 3761 534 3815 obediens.
554 3791 586 3801 -
606 3759 639 3827 6)
655 3759 676 3812 G
694 3761 751 3812 sui.
771 3790 801 3801 -
820 3762 852 3830 ’1)
869 3759 931 3815 BCP
948 3759 1046 3811 debet
1069 3761 1101 3810 in

134 3837 277 3889 instanti.
290 3865 322 3875 -
343 3833 376 3903 8)
394 3832 414 3885 Ρ
431 3830 640 3884 abrenuncio.
