2580 4316
171 253 213 316 to
471 252 699 315 plasmatio
721 251 906 316 SECUNDA

520 392 765 455 -OAPITULUM
786 395 855 455 VH.

190 515 239 576 De
262 513 438 576 Gadescalco
459 519 610 590 matario,
634 519 686 592 qui
702 518 798 576 aedem
818 491 937 592 ipneam
958 514 1013 575 sibi
1032 516 1064 574 ιἰι
1080 516 1188 591 poenis

525 611 745 680 praeparatam
765 604 848 664 vidit.

234 738 468 800 MONACHUS:
481 740 525 800 Eo
536 747 665 817 tempora
677 758 734 818 quo
745 743 881 818 magister
890 741 912 801 J
913 740 1040 800 ohannes
1049 739 1209 800 Xanteusis

169 823 363 888 scholasticus
375 833 403 886 at
412 831 548 904 magister
559 825 691 887 Olivems
701 828 895 887 Scholasticus
908 828 1084 887 coloniensis
1095 843 1209 886 crucem

170 920 270 975 contra
286 914 459 974 Sarracenos
480 915 738 990 praedicavcmnt'
731 935 760 973 m
778 915 913 974 Diocaesi
929 915 1113 988 Traiectcnsi,
1136 915 1209 973 sicut

169 1001 240 1060 mrhr
250 1001 346 1060 retulit
357 1001 537 1077 supradictus
546 1001 718 1076 Bernardus,
737 1005 786 1077 qui
803 1008 871 1061 tunc
882 1004 1018 1077 temporis
1036 1001 1148 1077 collega
1157 999 1209 1058 furt

171 1089 298 1148 eiusdem
320 1085 427 1147 Oliveri
456 1095 485 1148 et
507 1095 675 1164 cooperator
701 1091 731 1148 in
752 1089 978 1164 praedicatione,
1000 1093 1062 1147 crat
1082 1089 1123 1147 ibi
1144 1089 1209 1162 qui-

171 1175 238 1234 dam
259 1177 396 1250 rusticus,
429 1178 454 1234 si
482 1175 557 1234 bene
588 1177 718 1250 memini,
746 1178 860 1235 uomina
883 1173 1094 1249 Godcscalcus,
1123 1189 1208 1250 opere

169 1265 323 1321 usurarius.
366 1261 424 1320 Iste
446 1279 512 1320 cmn
534 1264 642 1336 celans,
664 1279 722 1321 non
745 1279 780 1322 ex
795 1263 955 1337 devotione,
977 1269 1009 1320 nt
1029 1263 1133 1338 postca
1153 1278 1208 1336 pa-

136 1417 138 1422 ,
170 1351 239 1424 tuit,
272 1348 323 1408 sed
346 1365 383 1406 ex.
403 1351 644 1407 circumstantium
673 1351 835 1424 importuna
856 1349 1064 1424 admonitione,
1095 1363 1208 1408 crucem

170 1437 304 1511 suscepit.
348 1434 420 1493 Cum
449 1434 661 1511 dispensatores
694 1453 730 1495 ex
762 1435 897 1496 mandato
929 1436 1090 1495 Innocentii
1110 1435 1207 1509 Papae

170 1524 321 1598 pecuniam
334 1517 517 1581 redemtionis
538 1522 735 1599 colligerenta
753 1524 877 1597 senibus,
899 1524 1073 1600 pauperibus
1089 1528 1118 1581 ct
1129 1520 1208 1580 infir-

170 1611 232 1684 mis,
253 1608 330 1667 idem
351 1611 497 1668 usurarius
519 1627 550 1668 se
571 1627 729 1685 pauperem
750 1613 898 1684 mentiens,
920 1609 1034 1670 cuidam
1057 1608 1208 1685 dispensa-

170 1697 225 1756 tori
253 1698 328 1755 circa
354 1712 497 1756 summam
524 1698 649 1771 quinque
679 1696 849 1756 talentorum
879 1696 971 1771 dedit,
1006 1696 1116 1771 talique
1143 1694 1207 1754 dolo

171 1782 349 1842 sacerdotem
364 1783 557 1843 circumvenit.
600 1784 711 1842 'lostati
727 1791 794 1842 sunt
813 1790 914 1859 postea
931 1785 1017 1842 vicini
1038 1785 1110 1856 eius,
1132 1778 1207 1857 quod

174 1869 287 1928 dedisse
299 1872 439 1945 potuisset
462 1869 650 1946 quadraginta
670 1887 791 1944 marcas,
812 1887 866 1929 nec
887 1876 984 1929 tamen
1005 1869 1209 1929 exheredasset

172 1956 278 2015 liberos
300 1973 383 2030 suos,
405 1957 482 2031 quod
504 1959 565 2032 ipse
586 1957 801 2031 praetendebat.
844 1957 925 2016 Deus
947 1963 1059 2031 autem,
1084 1958 1132 2031 qui
1152 1953 1207 2014 falli

172 2061 230 2102 non
259 2047 366 2120 potuit,
395 2045 455 2102 cius
479 2043 608 2102 fallaciae
622 2041 637 2123 ¹)
659 2051 761 2118 postea
783 2043 943 2102 terribiliter
964 2044 1112 2102 conclusit.
1154 2041 1207 2101 Se·

172 2130 260 2189 debat
288 2132 373 2189 miser
400 2131 429 2187 in
450 2133 575 2190 tabernis
597 2130 694 2189 Deum
715 2147 889 2206 provocans,
917 2133 1033 2206 eiusque
1054 2130 1207 2206 peregrinis

173 2216 348 2292 exprobrans
369 2218 398 2274 in
419 2216 496 2275 hunc
518 2217 651 2276 modum:
669 2218 731 2276 Vos
745 2217 840 2276 stolidi
853 2235 931 2276 mare
954 2218 1117 2291 transibitis,
1138 2216 1206 2274 sub·

172 2304 306 2363 stantiam
319 2309 446 2362 vestram
468 2303 641 2378 expendetis,
663 2307 809 2379 vitamque
831 2311 957 2363 vestam
977 2304 1074 2362 multis
1095 2305 1206 2379 pericu·

171 2383 207 2448 lis
236 2392 391 2464 exponetis.
441 2391 503 2466 Ego
537 2407 606 2449 vero
636 2408 701 2449 cum
729 2407 820 2450 uxore
853 2395 882 2450 et
909 2391 1003 2450 liberis
1032 2393 1104 2450 meis
1133 2387 1206 2448 domi

172 2475 307 2551 residens,
327 2482 445 2551 propter
457 2479 580 2551 quinque
592 2465 712 2552 marcas,
735 2480 837 2553 quibus
850 2477 957 2537 redemi
971 2494 1087 2536 crucem
1106 2492 1206 2547 meam,

173 2563 293 2622 similem
322 2563 406 2622 vobis
434 2564 549 2623 habebo
577 2565 747 2624 mercedem.
790 2563 849 2624 Sed
876 2566 968 2622 iustus
993 2563 1148 2637 Dominus,
1175 2566 1206 2618 ut

172 2649 268 2726 palam
304 2649 465 2708 ostenderet
502 2657 641 2726 quantum
678 2653 704 2710 ei
737 2652 864 2728 placeret
895 2651 977 2710 labor
1016 2657 1045 2710 ot
1066 2664 1205 2726 expensae

172 2737 426 2813 peregrinantium,
456 2743 485 2795 et
514 2745 653 2812 quantum
683 2741 744 2797 eius
774 2737 863 2798 oculis
886 2737 1047 2813 displiceret
1070 2737 1151 2797 dolus
1172 2749 1205 2793 ac

120 2813 125 2822 ’
172 2822 351 2899 blasphemia
366 2823 548 2899 detrahentis,
569 2825 713 2884 hominem
730 2827 919 2884 miserrimum
940 2824 1056 2884 tradidit
1076 2824 1205 2893 Satanae,

173 2917 206 2968 nt
235 2911 356 2969 disceret
383 2927 441 2970 non
469 2910 677 3013 blasphemare.
720 2911 812 2971 Nocte
841 2911 966 2986 quadam
995 2911 1150 2970 dormiente
1172 2922 1204 2964 eo

173 3013 239 3056 cum
267 3014 356 3056 uxore
384 3015 452 3072 sua,
478 3000 509 3055 in
537 3000 650 3074 proprio
679 2998 841 3058 molendino
864 2998 962 3056 domui
983 3015 1053 3057 suae
1075 2998 1204 3071 contiguo

127 3158 129 3166 s
172 3091 282 3142 motum
305 3087 386 3158 quasi
407 3043 487 3144 rotae
508 3085 639 3144 molentis
661 3085 779 3143 audivit
823 3081 1044 3171 clamansque)
1073 3097 1204 3160 pucmm,

174 3169 243 3229 dixit
265 3172 304 3229 ei:
334 3170 405 3246 Quis
427 3171 541 3232 admisit
562 3171 777 3231 molendinum?
820 3172 904 3231 Vade
929 3172 996 3231 vide
1019 3174 1082 3247 quis
1103 3170 1142 3228 ibi
1162 3168 1204 3224 sit.

172 3257 231 3316 Ivit
251 3275 330 3332 puer,
352 3265 381 3316 et
402 3258 498 3334 rediit3
521 3261 607 3318 nimio
630 3259 705 3318 enim
718 3259 834 3318 horrore
854 3259 1003 3334 perculsus
1011 3256 1032 3337 ³)
1054 3254 1204 3333 procedere

172 3361 230 3403 non
252 3347 353 3421 potuit.
367 3344 421 3402 Cui
435 3344 579 3404 dominus:
594 3345 659 3420 Dic,
673 3341 771 3426 quid)
794 3352 838 3405 est
852 3344 913 3404 ibi?
931 3345 1105 3420 Respondit:
1127 3341 1203 3400 Tan·
1268 3417 1269 3430 χ

172 3437 219 3490 tus
232 3431 332 3492 horror
347 3431 385 3492 ad
400 3435 504 3491 ostium
517 3432 669 3492 molendini
681 3435 785 3492 invasit
796 3449 851 3508 me,
865 3439 899 3491 ut
913 3432 1096 3507 compellerer
1109 3426 1203 3500 reone.

192 3615 223 3685 1)
240 3616 283 3668 Β11
300 3616 474 3669 lallacibm.
492 3619 524 3683 X,
541 3619 588 3671 31:
606 3620 667 3670 acsi
685 3621 709 3671 ei
727 3621 840 3670 oratione
858 3618 939 3670 lidelis
957 3618 1048 3670 viduae
1065 3613 1203 3680 conclusum

242 3686 339 3737 luisset.
358 3686 447 3737 Hamil.
465 3687 506 3738 lll·
525 3704 549 3754 p.
570 3689 634 3739 112:
652 3705 703 3741 non
719 3688 908 3740 benerolebant
925 3687 1102 3757 argumentari
1119 3673 1204 3752 quibui

242 3763 293 3806 tam
312 3758 362 3806 cito
379 3764 479 3822 poterat
496 3756 663 3809 concludi-
683 3759 715 3825 2)
732 3759 753 3809 ll
772 3773 973 3826 vocansque;
991 3758 1057 3810 coni.
1076 3755 1105 3820 V,
1122 3752 1201 3806 35-

242 3824 275 3894 3)
293 3823 353 3876 BGl’
371 3841 611 3892 pereussus.—
630 3828 721 3896 )1)Ρ
738 3836 764 3879 et
782 3827 870 3881 corrtl
889 3829 970 3897 quis.
