2664 4308
73 239 77 248 ⁸
153 251 214 309 398

151 345 194 400 LI.
229 345 270 400 De
287 346 410 412 novicio,
429 347 477 418 qui
493 361 563 401 anno
581 346 751 417 probationis
769 347 918 416 completo,
940 360 968 401 se
987 347 1046 401 radi
1063 362 1117 402 non
1134 415 1150 468 9
1170 417 1186 468 7

225 415 336 470 ermisit.
377 455 1115 471 ..................
1152 418 1167 468 1

151 431 222 538 LII.p
242 479 283 538 D‘e
301 485 410 539 novicio
428 501 473 538 as
494 485 560 538 iritu
576 484 761 555 blasphemiae
779 492 887 550 tentato,
906 493 933 538 et
950 486 979 538 in
997 493 1117 540 contem-

223 554 324 608 latione
339 555 460 611 erueilixi
475 502 592 608 Yiberato
594 595 772 608 .....
805 571 808 576 ·
808 593 1115 610 ........
1135 549 1186 608 218

151 569 221 676 tuf
256 623 298 676 De
315 625 424 678 novicio
442 630 551 689 tentato,
571 631 597 676 et
614 638 662 692 per
679 631 837 678 nocturnam
854 623 989 677 visionem
1007 623 1119 679 duamm

203 693 310 745 viarum
326 693 362 746 ad
379 694 452 747 viam
469 692 589 746 reducto.
638 732 1117 764 .............
1135 693 1187 746 219

153 760 222 814 LIV.
257 761 325 816 item
347 761 381 815 de
404 761 523 816 Gerardo
541 762 650 817 novieIo
668 762 698 816 in
715 762 800 828 Alna,
819 763 867 833 qui
883 776 933 832 pet
948 761 1072 815 Alleluia
1088 762 1118 815 in

204 832 306 885 somnis
324 829 453 897 auditum,
472 847 488 884 a
506 831 652 884 tentatione
670 847 717 884 sua
734 831 863 885 liberatus
882 837 930 884 est.
981 871 987 884 .
1024 872 1030 885 .
1067 872 1072 884 .
1110 831 1187 884 ,220

152 898 208 953 LV.
242 900 284 952 De
302 901 434 954 monacho
452 900 482 952 iu
493 900 638 969 Ottirburg,
658 901 705 968 qui
722 915 771 969 per
788 901 965 955 versiculum:
984 899 1116 954 Diabolus

203 967 419 1039 egrediemrante
425 969 508 1039 pedes
515 970 581 1036 eius,
593 985 609 1022 a
622 969 768 1022 tentatione
774 969 1059 1039 apostasiaeiiberatus
1069 977 1116 1023 est.
1134 970 1186 1023 221

150 1036 220 1091 LVI.
255 1039 296 1091 De
309 1039 514 1104 sanctimoniali,
527 1053 594 1108 quae
610 1039 676 1091 dum
688 1045 766 1092 nocte
779 1040 862 1092 vellet
874 1040 913 1092 ite
925 1037 960 1091 ad
972 1040 1115 1103 saeculum,

203 1115 230 1162 et
248 1116 327 1177 eaput
345 1109 414 1162 ostio
432 1109 560 1173 illideret,
579 1123 595 1160 a
612 1109 759 1162 tentatione
776 1109 891 1162 liberata
909 1115 956 1161 est.
1025 1149 1030 1162 .
1067 1148 1073 1161 .
1109 1109 1186 1160 ,222

150 1175 232 1230 LVII.
268 1178 309 1230 De
328 1177 440 1230 avaritia
458 1185 485 1230 et
502 1177 609 1230 filiabus
627 1178 686 1230 eius
688 1211 1115 1236 ...........
1133 1178 1186 1232 223
1280 1194 1286 1202 ·

149 1235 245 1298 Lvlll.
280 1247 321 1328 lle
337 1246 460 1327 Caesario
473 1247 568 1312 milite,
587 1246 633 1315 qui
646 1246 784 1328 canonieis
796 1245 984 1300 Bonnensibus
997 1245 1117 1300 debitam

148 1382 183 1438 n
213 1315 809 1469 ,3223222222,2222222222
833 1355 955 1438 22222
979 1355 1115 1439 'aelata
1129 1315 1185 1388 222

148 1456 230 1576 LXI
266 1461 384 1592 2222·
397 1494 493 1576 222
506 1493 684 1575 22222·
721 1493 727 1576 :
764 1495 771 1576 :
807 1495 813 1577 :
849 1494 857 1576 :
893 1494 899 1576 :
936 1493 942 1576 :
979 1493 985 1575 :
1021 1495 1028 1576 :
1065 1495 1070 1575 ;
1107 1453 1186 1576 :itt

149 1591 219 1648 LXI.
255 1592 295 1644 De
312 1592 429 1657 Abbate,
449 1592 503 1662 qui,
523 1593 661 1645 cellerario
680 1607 729 1646 suo
748 1591 782 1646 ob
801 1592 895 1646 dolum
914 1591 1046 1661 deposito,
1065 1591 1114 1644 ad-

199 1662 324 1714 versariis
342 1661 424 1742 bona,
448 1677 497 1729 pro
516 1662 613 1730 quibus
630 1661 840 1742 eontendebant,
863 1663 934 1715 uitro
953 1660 1069 1728 dimisit,
1089 1669 1116 1716 et

148 1730 814 1881 22233222222222233222222
833 1771 860 1853 o
878 1771 1008 1854 222
1131 1731 1183 1786 223

150 1877 469 2020 2222222222·
488 1909 534 2008 ,a
549 1909 663 2020 222
677 1909 860 2020 22222
883 1908 991 1991 2222
1007 1910 1115 1992 2222·
1132 1870 1186 1924 223

184 2015 283 2089 tatem
301 2008 458 2088 umentibus
476 2015 514 2072 to,
538 2007 603 2060 dum
626 2015 732 2062 timeret
756 2009 892 2066 abbatiam
909 2024 926 2060 a
942 2015 1115 2077 potenteae-

149 2077 523 2215 222332222223222
540 2117 686 2216 2222
709 2117 822 2211 222,
851 2117 912 2199 22
930 2116 1040 2200 2222
1063 2117 1114 2199 2.·
1133 2077 1186 2130 232

150 2221 643 2366 extrudendi...aaa
660 2255 738 2338 222
756 2255 876 2353 2222
894 2255 910 2337 t
928 2256 1008 2338 22
1022 2255 1114 2337 22·
1132 2216 1187 2269 233

102 2379 110 2396 ·
151 2352 616 2487 2223222322222222,
635 2393 728 2491 22
747 2393 899 2476 2222
917 2394 1115 2478 222222
1132 2353 1186 2408 233

201 2492 298 2546 eodem
322 2502 440 2572 tempore
463 2491 493 2545 In
516 2505 647 2561 pauperes
670 2492 747 2557 lecit,
775 2500 802 2546 et
826 2491 900 2562 quod
916 2493 1002 2546 multo
1019 2493 1115 2561 plusa

149 2561 259 2686 [222182
278 2568 728 2711 rIjtcgilajaltde:claaustrowestfaliae,
747 2601 790 2684 oui
807 2601 880 2684 Ileus
893 2601 1028 2699 ‘expensas‘
1045 2601 1114 2700 pau:
1132 2561 1186 2616 234

148 2698 818 2822 22232222223222222222
835 2739 1113 2838 222222
1132 2700 1186 2754 23

199 2839 382 2918 receptionem
411 2837 526 2891 duorum
553 2839 676 2904 fratrum,
707 2839 812 2892 scilieet
840 2837 909 2891 Date
936 2843 963 2892 et
984 2837 1112 2904 Dabitur,

148 2907 1114 3058 2222222222·2222222·22222·22222
1129 2907 1183 2962 233

199 3061 236 3098 s1s
246 3046 349 3112 ordinas
359 3044 490 3126 exhibuit,
502 3053 528 3099 et
538 3045 621 3099 ditata
629 3054 677 3111 est,
691 3055 717 3099 et
726 3046 819 3126 eadem
831 3046 948 3126 exclusa,
959 3053 1112 3126 pauperata:
1131 3046 1183 3099 237

148 3113 232 3169 LXX.
269 3113 410 3182 Quomodo
428 3115 635 3185 mtelligendum
653 3116 701 3168 sit:
722 3115 803 3167 Omm
820 3114 931 3168 habenti
949 3115 1068 3186 debitum
1087 3129 1113 3168 e1

199 3192 289 3237 autem
311 3185 358 3253 qui
381 3199 436 3264 non
454 3184 548 3264 babet,
574 3185 655 3238 etiam
678 3183 751 3255 quod
768 3184 850 3237 habet
867 3185 1001 3237 auferetur
1018 3184 1052 3237 ab
1071 3197 1112 3238 eo.
1130 3185 1183 3240 238

147 3251 258 3376 till.
280 3252 784 3404 natantianatantia?
793 3252 904 3380 222
934 3294 942 3375 :
978 3293 984 3374 :
1020 3294 1027 3375 :
1063 3294 1070 3376 :
1106 3255 1183 3376 :itt

146 3391 695 3543 ΙίΧΧΞ222.32ἕ31122232Ἧ222212826Ἥ
713 3432 822 3531 propter
839 3432 915 3516 esum
932 3431 1112 3531 unius‘pomi,
1130 3393 1183 3504 220

146 3531 630 3668 22233222222222222
645 3537 740 3653 tl...
756 3569 1113 3669 2222222222·
1131 3530 1180 3584 22

146 3717 149 3730 ,
198 3676 290 3790 nepta
306 3669 420 3791 {rentiam
437 3669 494 3722 eius
512 3665 639 3738 perdidit.
676 3709 682 3722 .
719 3711 725 3722 .
762 3667 786 3721 ,’
805 3709 1110 3723 ........
1129 3667 1181 3721 242

146 3738 293 3863 LXanto
311 3807 477 3879 prohibitam
495 3807 605 3860 intravit
607 3847 1110 3861 .............
1129 3807 1181 3860 243

370 3752 455 3791 uxore
478 3738 587 3803 militis,
612 3752 680 3809 quae
698 3738 844 3792 tentatione
862 3738 934 3792 vieta
951 3738 1112 3808 paludema
1154 3788 1158 3796 ,
1188 3777 1190 3784 .
1227 3797 1233 3812 ,
1319 3719 1320 3730 ’
