2628 4310
199 239 262 299 330
469 237 698 301 Dismosso
722 237 964 302 DUODEGIMA

535 394 769 457 eremmon
796 391 906 475 nne)

217 514 266 576 De
283 531 386 592 poena
407 515 588 578 concubinae
609 518 765 662 οαίιωᾱόωη
784 517 944 578 secabile
966 533 1059 592 quarn
1079 513 1209 576 diobolae

628 622 705 664 oeno
726 612 806 664 atur.

265 704 433 765 Concubina
454 706 602 766 cuiusdam
623 706 780 766 sacerdotis
802 725 868 766 cum
890 712 966 766 esset
986 706 1141 780 moritura,
1163 706 1229 764 sicut

199 791 364 868 aquodam
393 792 526 869 religioso
549 793 649 868 didici,
677 810 742 852 cum
771 792 862 853 multa
875 795 1023 852 instantia
1051 792 1156 853 calcios
1181 791 1228 850 sibi

200 895 292 940 novos
314 885 344 939 et
364 879 438 938 bene
459 885 628 939 taccunetos
641 875 658 960 ¹)
686 879 748 958 lieri
768 882 878 957 petivit,
901 880 1023 942 dicens:¹
1043 879 1169 955 sepelite
1188 894 1229 936 me

199 967 229 1024 in
252 967 309 1040 eie,
335 965 420 1026 valde
443 967 518 1025 enirn
549 966 618 1024 mihi
646 962 757 1046 erunt²)
786 969 948 1027 necessarii.
990 965 1076 1042 Quod
1098 982 1164 1025 cum
1190 964 1228 1024 la·

200 1049 279 1112 c'tum
298 1052 414 1127 fuisset,
441 1058 525 1112 nocte
547 1055 678 1128 sequenti
698 1052 783 1130 longe
811 1059 878 1113 ante
904 1052 1014 1128 lucem,
1041 1051 1112 1113 luna
1139 1050 1229 1128 splen·

200 1136 297 1215 dente,
316 1139 397 1198 miles
419 1138 536 1214 quidam
558 1156 624 1200 cum
646 1156 729 1198 servo
751 1157 803 1199 suo
822 1157 873 1216 per
893 1143 972 1200 viam
994 1141 1134 1216 equitans,
1155 1138 1230 1197 femi-

199 1241 270 1285 neos
299 1224 420 1286 eiulatus
447 1224 565 1284 audivit.
614 1224 787 1286 Mirantibus
814 1227 870 1285 ibis
899 1219 1035 1301 quidnam
1063 1226 1120 1286 hoc
1151 1230 1230 1299 esset3

201 1329 269 1372 ecce
290 1311 392 1371 mulier
417 1311 596 1389 rapidissimo
626 1330 712 1372 cursu
741 1311 779 1372 ad
807 1330 857 1373 eos
885 1330 1058 1390 properans,
1086 1313 1229 1372 clamavit:
1287 1359 1288 1374 r

199 1397 346 1458 Adiuvate
367 1415 422 1474 me,
443 1399 577 1459 adiuvate
598 1416 653 1458 me.
695 1398 767 1458 Mox
788 1399 868 1459 miles
890 1399 926 1460 de
948 1417 1023 1475 equo
1047 1398 1231 1471 descendens,

201 1491 231 1545 et
250 1485 346 1562 gladio
370 1485 507 1545 circulum
528 1487 583 1545 sibi
609 1484 839 1562 circumducens,
859 1486 993 1547 seminam
1014 1486 1089 1546 bene
1098 1483 1118 1566 ³)
1142 1492 1231 1545 notam

201 1571 275 1631 infra
294 1571 374 1632 illum
396 1575 511 1650 recepit
559 1570 628 1632 Sola
657 1575 732 1632 enim
761 1575 877 1633 camisia
906 1580 934 1633 et
963 1572 1060 1632 calciis
1087 1571 1232 1650 praedictis

200 1657 301 1717 induta
322 1663 391 1718 erat
433 1657 471 1718 Et
492 1676 561 1719 ecce
584 1676 618 1718 ex
639 1665 750 1719 remoto
776 1678 834 1719 vox
855 1662 936 1736 quasi
958 1661 1103 1719 venatoris
1123 1659 1232 1718 terribi-

200 1744 264 1804 liter
277 1745 465 1822 buccinando,
486 1763 539 1806 nec
560 1762 618 1805 non
633 1751 662 1805 et
682 1745 802 1806 latratus
817 1763 921 1806 canum
935 1748 1132 1806 venaticcmm
1155 1761 1232 1822 prae·
1287 1783 1288 1828 p

125 1863 129 1870 .
173 1830 364 1892 ¹‹redentium
384 1832 547 1892 audiuntur.
590 1831 703 1909 Quibus
724 1833 828 1892 auditis
841 1833 891 1892 illa
905 1832 973 1892 dum
993 1835 1077 1892 nimis
1098 1837 1233 1905 tremeret
1287 1829 1288 1850 ¹

202 1917 284 1978 miles
306 1920 425 1996 cognitis
447 1920 484 1978 ab
508 1936 543 1978 ea
564 1921 673 1994 causis,
703 1936 808 1994 equum
829 1937 913 1980 servo
936 1922 1133 1995 committens,
1156 1921 1232 1994 trica

202 2005 369 2085 capillorum
407 2006 468 2065 eius
496 2005 613 2065 brachio
641 2022 693 2065 suo
723 2008 835 2065 sinistro
866 2005 1086 2083 circumligavit,
1122 2005 1233 2067 dextera

201 2091 329 2168 gladium
343 2097 444 2152 tenens
466 2097 621 2153 extentum.
663 2089 920 2174 approximasset)
942 2093 1070 2152 insemali
1083 2091 1132 2153 illo
1149 2110 1233 2154 vena-

202 2185 272 2254 tore,
294 2181 334 2238 ait
354 2179 455 2238 mulier
469 2178 564 2238 militi:
586 2178 654 2238 Sine
668 2197 714 2238 me
736 2197 857 2254 currere,
877 2181 939 2240 sine
952 2197 998 2240 me
1021 2197 1151 2258 currere;
1174 2194 1233 2240 ecee

202 2267 420 2343 appropinquat.
469 2265 523 2326 Illo
551 2265 651 2325 lortius
680 2283 745 2325 eam
772 2257 955 2350 retinente),
988 2269 1093 2326 misera
1120 2267 1234 2327 diversis

203 2352 352 2412 conatibus
366 2352 483 2411 militem
495 2350 622 2428 pulsans,
642 2352 759 2412 tandem
780 2355 870 2428 ruptis
885 2352 993 2428 capillis
1008 2354 1114 2430 effugit.
1146 2353 1233 2432 Quam

203 2438 334 2499 diabolus
354 2441 499 2499 insecutus
521 2441 614 2514 oepit,
640 2455 714 2513 equo
743 2456 796 2498 suo
824 2457 888 2498 eam
907 2441 1050 2515 iniiciens,
1070 2443 1113 2500 ita
1134 2447 1170 2500 ut
1190 2457 1234 2500 ca·

200 2531 254 2602 put
276 2543 341 2601 eum
362 2525 487 2585 brachiis
508 2524 646 2602 penderet
668 2543 704 2585 ex
724 2543 782 2585 uno
803 2524 905 2602 latere,
928 2531 957 2586 et
978 2543 1062 2586 crura
1083 2544 1120 2586 ex
1143 2525 1234 2587 altero.

201 2611 273 2670 Post
293 2610 442 2696 paululum
464 2612 546 2671 militi
559 2614 600 2672 sic
622 2612 751 2688 obvians,
775 2619 889 2688 captam
909 2612 1047 2690 praedam
1070 2613 1234 2691 deportavit

202 2697 260 2775 Qui
280 2716 364 2758 mane
385 2697 423 2758 ad
445 2699 543 2758 villam
563 2696 690 2774 rediens,
720 2697 788 2774 quid
817 2698 919 2758 viderit
946 2702 1092 2776 exposuit,
1121 2699 1233 2777 capillos

201 2786 340 2864 ostendit3
370 2791 398 2845 ct
420 2803 485 2844 cum
507 2788 602 2845 minus
623 2785 754 2845 reseranti
775 2785 936 2861 crederent,
965 2793 1063 2862 aperto
1087 2787 1233 2864 sepulchro

115 2925 117 2928 .
200 2871 335 2932 seminam
357 2872 475 2947 capillos
496 2889 564 2931 suos
576 2871 733 2948 perdidisse
755 2880 928 2948 repererunt.
962 2872 1046 2933 Haec
1060 2876 1234 2952 contigerunt

201 2960 230 3018 in
248 2955 537 3039 Archiepiscopatu⁶)
564 2958 786 3036 Maguntineuai.
831 2958 1035 3020 NOVIOIUS:
1057 2959 1089 3020 Si
1102 2963 1145 3020 sio
1158 2961 1233 3019 Deus

200 3047 283 3123 punit
302 3051 455 3123 peccatum
476 3045 670 3106 fornicationis
692 3042 724 3104 in'
744 3046 924 3122 concubinis,
953 3053 1023 3124 puto
1046 3045 1126 3123 quod
1149 3047 1232 3106 multo

202 3133 298 3192 durius
320 3131 390 3191 illud
411 3134 511 3208 puniat
531 3134 559 3191 in
582 3132 779 3192 sacerdotibus
808 3135 857 3210 qui
884 3133 960 3192 illas·
973 3145 1095 3209 peccare
1123 3135 1233 3194 faciunt
1287 3183 1288 3208 p

199 3216 435 3278 MONACHUS:
469 3218 579 3279 Verum
611 3218 690 3279 dicis.
743 3219 897 3279 Praeterea
930 3225 1082 3295 peccatum
1115 3220 1233 3280 multum
1287 3291 1288 3300 χ

200 3312 361 3384 aggravant
382 3305 451 3365 ordo
475 3311 503 3365 et
531 3307 658 3366 scientia.
707 3305 742 3364 In
771 3305 873 3366 eodem
900 3313 1012 3382 genera
1033 3310 1147 3384 peccati
1173 3306 1232 3384 plus

199 3392 448 3468 peccatsacerdos
470 3410 557 3469 quam
578 3393 679 3467 laicus,
699 3391 764 3469 plus
785 3392 944 3453 monachus
965 3410 1053 3469 quarn
1075 3393 1233 3455 saecularid

199 3479 282 3540 Idem
302 3479 444 3557 intelligas
465 3482 495 3538 in
516 3496 588 3539 sexu
606 3480 738 3540 femineo.
924 3496 927 3502 ·

217 3598 250 3666 t)
266 3595 404 3717 Homiklplli
423 3611 448 3663 p.
467 3596 509 3679 ⁵⁷:
522 3626 554 3637 -
569 3596 600 3664 l)
612 3593 810 3717 conculcaAgF
828 3602 1038 3682 incomptos,
1054 3595 1076 3649 ll
1094 3597 1232 3650 tuccius-

269 3674 349 3798 ἰῖῗῑ,
365 3734 386 3786 n
405 3674 682 3803 lttltltfiir)
696 3666 743 3787 ²ds
762 3666 1057 3808 rplllllrllllr}
1074 3665 1231 3806 ³323&

270 3812 411 3856 tenente.
432 3831 463 3844 -
482 3803 514 3871 6)
533 3801 576 3881 CF
593 3803 798 3873 Episcopatu.
