2622 4322
135 291 197 350 220
436 285 847 366 ursumouroousaus

102 465 103 468 ,
135 417 164 471 et
191 409 376 470 succiduntur
401 427 453 487 per
480 417 610 470 mortem.
654 409 782 486 Utraque
809 413 869 470 vita
896 409 992 470 brevis
1021 371 1177 484 est,'sive¹

135 499 293 557 monastiea
315 500 366 573 sit,
399 499 460 557 sive
481 498 644 557 saecularis.
686 497 741 557 Illa
761 499 791 556 in
811 499 955 574 praesenti
975 499 1091 572 spinosa
1113 503 1171 573 est,

41 589 42 592 ’
133 601 185 660 per
207 584 312 645 ordinis
321 586 471 661 rigorem,
498 584 655 661 inaequalis
683 602 736 661 per
756 582 954 644 multimodam
975 586 1171 660 tentationem,

133 670 227 730 lutosa
258 688 310 746 per
343 670 534 730 humilitatem
565 672 763 746 subiectionis,
796 677 919 749 angusta
944 688 996 747 per
1025 673 1171 731 raritatem

133 757 311 818 voluntariae
331 761 516 835 paupertatis.
559 757 692 834 Angusta
714 764 758 818 est
778 760 845 834 vla,
868 775 942 834 quae
964 758 1042 817 dueit
1064 758 1102 818 ed
1122 759 1171 817 vi-

23 863 26 869 *
133 852 194 904 tam
209 841 240 925 ¹),
262 861 336 920 quae
357 862 409 921 per
431 844 578 904 dexteram
600 845 747 922 designata
769 850 820 904 est.
865 843 991 921 Campus
1013 862 1082 905 vero
1102 844 1170 904 lon·

133 949 187 1008 gus
210 937 239 990 et
254 933 405 1007 amoenus,
425 931 574 1008 paradisus
597 937 648 1006 est,
671 949 757 1007 quam
764 929 786 1012 ²)
808 948 860 1007 per
880 930 985 990 multas
1006 932 1169 993 tribulatio-

133 1035 184 1077 nes
214 1024 326 1094 oportet
353 1035 406 1078 nos
434 1021 548 1078 introire
556 1014 586 1098 ³).
639 1017 765 1078 Eoontra
797 1021 858 1078 vita
888 1018 1042 1078 saecularis
1080 1024 1169 1094 atque

134 1105 264 1180 camelis,
286 1123 373 1180 quam
394 1107 508 1165 sinistra
529 1103 722 1184 designatio
745 1104 822 1181 quod
844 1104 881 1164 ad
902 1107 1046 1164 sinistram
1064 1104 1169 1164 Christi

124 1193 162 1251 -in
183 1209 214 1269 sp
236 1191 397 1268 gradientes
419 1179 513 1267 ducat,
536 1209 602 1251 cum
623 1191 723 1252 haedis
750 1191 934 1266 iudicandos,
963 1194 992 1250 in
1024 1193 1169 1266 praesenti

70 1285 75 1288 ’
134 1278 285 1340 commoda
307 1285 364 1354 est,
387 1279 424 1338 ob
448 1280 540 1338 earnis
561 1282 738 1352 necessaria,
769 1278 856 1354 plana
877 1284 993 1354 propter
1014 1295 1167 1354 prospera,

73 1405 76 1416 ·
132 1368 209 1426 sicea
230 1372 346 1442 propter
367 1366 597 1440 inobedientiam,
619 1365 679 1424 lata
700 1375 729 1424 et
750 1366 824 1424 bene
846 1367 919 1439 trita,
942 1381 976 1424 eo
999 1365 1077 1440 quod
1087 1365 1169 1424 multi

133 1451 281 1512 ambulent
301 1469 353 1527 per
374 1469 454 1526 eam,
486 1452 621 1512 deliciosa
635 1458 758 1528 propter
779 1453 1039 1527 eoncupiscentiam
1066 1451 1169 1512 oeulo-

132 1557 204 1598 rum.
247 1539 282 1596 In
303 1539 380 1598 hune
400 1537 518 1598 modum
541 1540 632 1598 visum
653 1542 850 1614 interpretans,
876 1557 894 1598 a
916 1541 1073 1603 tentatione
1094 1555 1169 1615 apo·
1190 1539 1192 1544 ’

133 1627 239 1685 stasiae
259 1625 395 1686 liberatus
417 1632 460 1684 est
488 1632 575 1701 atque
596 1626 866 1702 apusillanirnitate
896 1627 1009 1701 spiritus
1042 1632 1070 1685 et
1092 1632 1169 1685 tem-

132 1708 282 1791 pestate²).
324 1711 527 1773 NOVICIUS:
559 1712 636 1772 Satis
659 1719 703 1772 est
723 1712 866 1788 mirabile,
895 1713 973 1788 quod
994 1712 1076 1772 Deus
1107 1719 1170 1773 tam

133 1799 285 1861 efficaciter
305 1801 435 1875 spiritum
455 1802 569 1862 instruit
589 1800 711 1860 hominis
727 1799 899 1864 dormientis.
934 1796 1168 1860 MONAOHUS:

132 1886 278 1946 Recordor
298 1904 374 1946 nune
397 1887 544 1952 cuiusdam
565 1889 684 1962 novicii,
706 1886 850 1964 vigilando
872 1885 987 1971 quidem
1010 1889 1079 1946 satis
1100 1893 1169 1946 ten·

131 1975 199 2048 tati,
226 1983 255 2033 et
282 1989 334 2050 per
362 1976 457 2034 deum
485 1979 656 2035 nocturnum
676 1991 733 2036 non
753 1975 857 2040 ¹minori
878 1975 982 2034 virtute
1004 1973 1041 2034 ab
1065 1973 1169 2034 eadem

132 2063 288 2121 tentatione
309 2061 430 2120 liberati.

474 2233 711 2311 ‘enarrentur
739 2249 818 2312 urv.

174 2375 250 2433 Item
273 2375 308 2432 ds
331 2371 465 2434 Gerando
485 2376 601 2433 oooioio
622 2377 655 2432 io
675 2374 772 2447 Abeo,
795 2377 847 2450 pai
863 2374 1124 2449 possibilitate

227 2463 336 2519 smoob
358 2457 536 2538 auditura⁵)‚
559 2479 579 2518 o
602 2463 762 2520 tentatione
782 2478 839 2520 suo
861 2460 1001 2520 liberatus
1024 2468 1073 2520 est.

195 2597 272 2657 Alna
294 2597 395 2659 domus
410 2627 414 2644 ·
428 2605 472 2658 est
500 2599 606 2660 ordinis
633 2602 723 2660 nostri
750 2589 964 2680 inFlandria⁶)
987 2601 1056 2674 sita,
1085 2600 1167 2659 euius

131 2687 304 2766 mentionem
326 2687 380 2745 feei
402 2689 431 2744 in
454 2687 636 2747 distinetione
657 2691 750 2762 prima
770 2687 895 2763 eapitulo
907 2693 1009 2762 sexto.
1052 2686 1088 2745 In
1109 2686 1166 2746 hae

131 2779 198 2832 ante
218 2789 276 2832 non
297 2771 402 2832 multos
424 2791 515 2858 annos
535 2775 616 2834 miles
639 2774 754 2850 quidam
775 2775 878 2834 nobilis
890 2772 1036 2833 Gerardus
1052 2773 1167 2833 nomine

131 2859 168 2919 de
191 2865 285 2919 eastre
306 2860 400 2920 Tuino
422 2861 571 2936 oriundus,
604 2878 759 2921 conversus
782 2868 834 2921 est
878 2860 1008 2936 Cumque
1036 2861 1166 2920 novicius

131 2948 160 3004 in
182 2945 269 3007 choro
291 2949 468 3006 noviciorum
490 2953 586 3024 staret,
608 2954 638 3007 et
658 2947 796 3008 clamores
817 2948 1024 3007 monachorum
1037 2949 1066 3005 in
1078 2947 1166 3006 ehoro

131 3027 300 3113 superiori')
324 3051 409 3110 super
431 3041 517 3109 eaput
539 3053 622 3094 suurn
645 3037 820 3095 cantantium
840 3035 1002 3110 frequenter
1016 3036 1168 3110 exciperet,

130 3122 234 3180 tentari
256 3122 358 3196 eoepit.
389 3120 521 3197 Amplius
543 3123 640 3181 mmeri
662 3127 748 3198 eaput
766 3114 825 3182 eir'rs
836 3123 1013 3195 turbabatur,
1034 3122 1167 3196 quotiens

103 3204 255 3267 ‘Alleluia
283 3209 460 3273 cantabatur.
503 3208 538 3266 In
569 3208 618 3268 illo
647 3211 771 3268 maxime
796 3205 888 3268 'voees
917 3209 1034 3268 exaltari
1066 3207 1167 3290 solent.

131 3293 169 3352 Et
189 3293 281 3353 faetus
304 3311 339 3353 ex
360 3294 416 3354 hoo
437 3295 639 3371 pusillanimis,
671 3298 793 3355 accessit
821 3296 858 3355 ad
886 3294 1031 3369 Priorem,
1061 3300 1089 3354 et
1111 3295 1167 3354 ait:

131 3380 255 3440 Domine
276 3381 365 3456 Prior,
388 3389 475 3458 eaput
496 3399 592 3441 meum
614 3379 744 3463 doleo³)‚
765 3399 820 3442 nee
842 3377 947 3442 diutius
970 3388 1082 3441 tantum
1104 3381 1167 3441 ela-

131 3484 240 3527 morem
261 3485 347 3545 super
367 3475 456 3545 eaput
476 3486 573 3528 meum
594 3469 714 3530 tolerare
735 3473 844 3544 potero.
889 3469 942 3529 Cui
962 3469 1044 3529 Prior
1074 3469 1168 3530 verba

150 3584 181 3652 1)
199 3584 286 3706 glfttb.
305 3586 331 3706 l,
349 3584 485 3706 lii-144]
504 3585 544 3706 gc
560 3585 778 3708 quemffingssi
793 3587 1022 3708 {l‘fflerssiulm
1041 3585 1167 3708 Aetssll,

88 3705 90 3710 ’
199 3685 294 3776 bauti-a-⁸
317 3655 1168 3794 c]inndpffisscopitploodieanuriftff71)lignffrlguprz:

197 3795 280 3847 riori
299 3793 357 3846 ebo
366 3809 408 3846 ro.
420 3823 449 3834 -
468 3795 501 3862 Β)
519 3794 572 3858 vll,
583 3795 633 3846 242
654 3809 720 3861 ,non
732 3793 829 3850 dolebis
840 3798 940 3864 caput.“
960 3795 1009 3847 vn.
1021 3794 1047 3848 S.
1058 3793 1166 3866 Engelb.

198 3864 240 3930 ΙΙΙ,
252 3866 304 3928 ,452
324 3865 417 3932 „trater
435 3862 596 3917 adeodoluit
613 3863 726 3918 dentes.“
