2510 4316
165 98 176 164 l

177 258 239 318 aaa
450 259 708 323 ‘umumoum
727 259 892 339 cunum

175 387 286 456 tamen,
306 386 340 441 ut
363 379 468 458 audivi,
489 401 522 444 se
542 385 678 444 feminam
691 384 828 445 simulans
839 381 865 466 ¹),
886 401 939 461 pro
961 383 1069 445 femina
1087 382 1201 446 inclau-

175 473 234 528 stro
256 467 382 543 quodam
404 471 660 530 sanctimonialium
681 479 844 566 susttus,
866 471 1008 548 quasdam
1030 474 1159 548 corrupit,
1178 477 1202 532 et

174 554 327 616 nonnullas
347 557 562 633 impraegnavit
604 557 681 617 Nam
708 575 801 634 usque
827 559 914 619 hodie
946 559 1090 618 histrionis
1119 558 1202 618 officio

175 639 315 718 tunmtur,
348 648 377 702 et
405 643 477 703 sorte
505 644 549 704 his
570 647 669 720 peiora
691 651 833 720 operatur.
875 645 959 706 Haec
980 645 1018 707 de
1038 645 1109 724 gula
1128 644 1202 706 suffi-

176 728 260 804 ciant,
282 730 350 806 quia
370 728 408 790 ad
428 732 529 790 vitium
550 730 679 791 luxuriae
700 732 812 792 festino.

451 939 453 944 ·
519 921 752 983 CAPITULUM
774 922 869 984 cxli„

374 1087 379 1096 .
454 1043 503 1102 Dc
524 1044 648 1103 luxuria
670 1051 698 1102 et
720 1044 839 1120 filiabus
861 1048 931 1106 ciue.

238 1179 365 1240 Luxuria
386 1186 430 1240 est
451 1198 486 1241 ex
507 1181 665 1240 immundis
683 1181 860 1242 descendens
883 1181 1029 1243 desideriis
1053 1181 1163 1242 lubrica
1181 1187 1205 1239 et

175 1267 311 1326 effrenata
332 1269 435 1326 mentis
458 1273 486 1326 et
508 1271 599 1327 carnis
620 1271 791 1344 prostitutio.
823 1268 918 1328 Huius
939 1269 1015 1328 filiae
1033 1275 1111 1344 sunt,
1132 1283 1203 1328 amor

174 1356 227 1428 sui,
249 1353 347 1412 odium
367 1353 432 1428 Dei,
454 1355 573 1413 affectus
594 1358 752 1430 praesentis
774 1355 894 1431 saeculi,
915 1356 1017 1414 horror
1036 1354 1086 1415 vel
1109 1355 1203 1428 despe-

173 1441 246 1499 ratio
268 1439 362 1514 futuri,
383 1443 589 1516 praecipitatio,
610 1444 809 1517 inconstantia,
830 1441 1066 1517 inconsideratio,
1089 1442 1202 1501 caecitas

173 1529 286 1586 mentis.
331 1526 444 1586 Gradus
465 1528 593 1587 luxuriae
605 1535 678 1603 suut,
692 1527 849 1604 fornicatio,
871 1536 1011 1604 stuprum,
1033 1528 1203 1598 adulterium

173 1615 314 1688 incestus,
341 1605 476 1693 sitium²)
499 1621 599 1674 contra
619 1621 759 1674 naturam.
802 1615 946 1691 Luxuria,
974 1619 1048 1676 sicut
1082 1612 1202 1692 sigula,

173 1700 250 1759 mala
271 1699 394 1775 plurima
415 1708 533 1776 operata
555 1704 647 1760 estin
669 1701 786 1761 mundo.
828 1703 955 1764 Luxuria
977 1702 1076 1762 diluvii
1096 1717 1202 1778 penna·

172 1788 253 1845 xima
273 1804 361 1847 causa
382 1784 471 1867 lirit³).
513 1787 582 1863 Ipsa
609 1789 792 1864 Pentapolim
821 1788 957 1864 sulphute
988 1795 1017 1848 et
1044 1791 1113 1865 igne
1141 1803 1201 1846 oon-

173 1868 312 1952 sumsit⁴).
355 1873 483 1936 Luxuria
495 1873 608 1950 Joseph
630 1882 763 1935 sanctum
782 1878 969 1935 incarceravit
977 1872 1007 1956 ⁸).
1050 1875 1122 1952 Ipsa
1136 1872 1202 1932 mul·
1242 1905 1243 1942 ;

173 1965 220 2020 tos
241 1955 391 2041 filiorum⁶)
413 1961 503 2021 Israel
523 1964 553 2019 in
575 1961 688 2021 deserto
715 1965 878 2038 prostravit
921 1961 987 2021 Hoc
1016 1961 1126 2022 laetum
1153 1965 1201 2032 est,

174 2048 289 2123 quando
310 2054 462 2123 peccantes
485 2066 551 2108 cum
571 2047 737 2108 Madiauitis
765 2049 867 2108 initiati
899 2051 965 2107 sunt
992 2040 1200 2125 Beelphegorl

172 2133 301 2194 Luxuria
310 2134 499 2212 Sampsoncm
511 2136 696 2195 fortissimum
709 2136 817 2212 ligavit,
837 2134 999 2210 infirmavit,
1017 2127 1199 2210 exoculavit).

173 2221 243 2295 Ipsa
264 2228 293 2280 et
319 2221 393 2280 filios
414 2221 492 2298 Hely
513 2223 604 2299 gloria
635 2222 788 2281 sacerdotii
816 2221 958 2297 simulque
989 2224 1050 2281 vita
1078 2219 1199 2298 privavit.

172 2307 362 2367 Dormiebant
384 2311 459 2368 enim
482 2326 547 2368 cum
568 2309 748 2383 mulieribus,
777 2319 852 2384 quae
880 2309 1027 2369 cubabant
1047 2309 1085 2367 ad
1107 2308 1199 2368 estium

172 2394 350 2453 tabernaculi
358 2391 388 2474 ⁹).
430 2395 558 2454 Luxuria
579 2394 676 2455 David
689 2395 951 2455 Dominielectum
972 2392 1198 2456 adulterumlecit

173 2485 202 2540 et
222 2479 396 2540 homicidam
411 2478 449 2560 ¹⁰).
492 2482 562 2558 Ipsa
583 2482 766 2542 Salomonem
800 2483 1039 2558 sapientissimum
1066 2483 1197 2542 infamans

171 2565 304 2642 perduxit
318 2568 356 2626 ad
377 2567 538 2628 idolatriam
554 2566 592 2648 ¹¹).
635 2569 763 2627 Luxuria
773 2569 935 2628 Susannam
954 2567 1153 2630 condemnavit
1166 2561 1196 2642 ⁰)-

158 2652 336 2713 ..Johannem
357 2655 520 2731 Baptistam
542 2655 695 2715 decollavit
710 2653 748 2735 ¹³).
791 2655 838 2714 De
859 2655 971 2714 luxuria
986 2655 1054 2714 dicit
1066 2655 1196 2715 Dominus

170 2757 222 2816 per
244 2738 340 2801 Ozeez·
361 2742 468 2800 &unes
488 2745 637 2818 aequitiae
659 2759 762 2800 corum
784 2745 817 2801 ic
839 2740 957 2817 Gulpal,
978 2742 1008 2801 id
1030 2748 1082 2818 est,
1102 2745 1130 2800 in
1149 2754 1196 2798 vo-
1240 2793 1241 2814 ,

169 2827 344 2905 luptatibus3
365 2828 406 2888 ibi
428 2846 530 2888 exosos
551 2828 643 2888 habai
664 2846 712 2887 eoa
727 2823 768 2906 ¹⁴).
811 2827 890 2887 Dicit
911 2835 940 2887 et
960 2827 1049 2888 Johel
1077 2829 1113 2888 de
1139 2824 1194 2884 illa:
1240 2817 1241 2870 ἕ

172 2913 426 2990 Oomputrucruot
446 2919 580 2974 iumento
601 2919 633 2974 ta
646 2922 773 2974 stercore
791 2932 845 2974 sao
862 2911 902 2992 ¹⁵),
924 2914 954 2974 id
976 2922 1028 2990 est,
1049 2918 1079 2974 in
1097 2915 1194 2974 loetum

169 3001 307 3060 luxuriae.
349 3001 519 3075 Behemoth,
541 3001 700 3065 secuudum
720 3001 795 3076 Job,
817 3001 920 3061 dormit
940 3003 970 3060 in
991 3001 1062 3062 locis
1082 3000 1193 3082 humen·

168 3087 246 3146 tibus
262 3081 300 3168 ¹⁶),
321 3088 350 3146 id
373 3095 424 3162 est,
445 3091 475 3147 in
495 3088 656 3148 luxuriosis.
698 3087 733 3146 In
746 3087 906 3164 Evangelio
928 3087 1042 3148 duobus
1063 3105 1094 3148 se
1114 3101 1193 3146 excu-

168 3174 313 3250 santibus,
345 3177 370 3234 is
399 3177 448 3250 qui
476 3191 595 3235 uxorem
624 3175 720 3249 duxit,
747 3175 871 3251 superbe
899 3175 1061 3251 respondit,
1093 3173 1191 3233 diceus:

173 3262 303 3321 Uaorcru
317 3262 398 3334 duat,
414 3265 519 3324 ,uenire
532 3280 594 3320 noo
611 3280 734 3336 possum
749 3259 802 3340 Π).’
832 3259 1042 3322 NOVICIUS:
1065 3259 1138 3337 Quid
1156 3261 1192 3318 eei
1239 3269 1240 3330 l

169 3346 246 3424 quod
267 3348 410 3407 Dominus
431 3351 461 3406 in
481 3348 640 3424 Evangelio
663 3354 761 3424 aperte
782 3347 916 3424 prohibet
935 3348 1051 3442 gulam,
1080 3355 1107 3408 et
1126 3346 1191 3421 figu·

140 3527 144 3534 .
187 3481 438 3550 intremulam
458 3497 490 3534 se
513 3481 682 3545 simulans,
700 3480 744 3534 Ac
761 3477 914 3534 laminam
938 3481 1102 3534 simulans.
1120 3507 1148 3520 ·-
1163 3473 1189 3540 2)

235 3553 351 3603 vitium
369 3549 418 3601 add
437 3549 514 3612 G.,-
535 3551 567 3618 ³)
585 3551 675 3603 Genea.
694 3551 719 3604 6.
739 3581 769 3590 -
788 3550 821 3617 4)
839 3551 900 3603 Gcn.
920 3551 961 3602 19.
981 3581 1012 3592 -
1033 3551 1066 3619 5)
1083 3543 1188 3604 nausa

238 3650 270 3661 -
289 3621 322 3688 6)
345 3619 409 3673 Au?
432 3620 535 3672 filios.
555 3649 586 3660 ·-
610 3620 642 3688 7)
660 3620 760 3674 Numer.
784 3620 826 3674 25.
847 3649 878 3660 -
906 3620 938 3688 8)
955 3619 1036 3672 indic.
1056 3621 1097 3683 16.
1114 3645 1143 3660 «-
1162 3612 1188 3678 9)

235 3689 298 3758 lleg.
310 3689 335 3753 l,
352 3691 383 3754 2,
399 3691 442 3741 22.
462 3720 492 3729 -
519 3689 567 3757 10)
585 3689 647 3757 lleg.
665 3688 696 3760 11,
715 3690 756 3742 11.
776 3718 807 3729 -
832 3689 1020 3759 11)1teg.111,
1039 3689 1080 3742 11.
1099 3717 1127 3730 -
1148 3681 1187 3748 11)

234 3758 709 3826 mnr.13.-'1³)unun.1l.-
735 3759 783 3826 14)
802 3751 1185 3830 cac.9,15.-15)iod¹‚
1238 3779 1239 3794 ³

237 3827 898 3897 m-mmmmammmm
1238 3821 1239 3888 ξ
