2622 4322
460 287 514 349 us
535 257 799 350 murnrlons.

379 489 381 498 ·
450 477 683 557 carnosum
711 479 822 540 nxrv.

151 601 230 680 Quid
250 601 417 678 Episcopus
438 601 594 678 Philippus
616 601 730 675 dacerit,
752 619 820 660 arm
842 601 963 660 dornone
983 607 1126 661 nostram·

542 695 731 747 cmutrucret.

180 806 419 869 MONACHUS:
441 807 515 868 (lum
530 805 547 889 ¹)
569 815 726 869 conventus
740 815 837 869 noster
857 826 876 868 a
893 806 1007 868 domino
1019 807 1153 885 Philippo

112 893 344 971 Archiepiscopo
373 913 459 971 super
485 902 614 955 montem
643 895 811 972 Stromberg
839 901 1004 970 vocaretur,
1038 896 1154 972 quidam

111 981 245 1042 homines
265 982 457 1058 provinciales
479 982 633 1042 heredibus
655 985 713 1042 suis
735 985 868 1042 timentes
879 979 915 1061 ²),
946 982 1026 1041 illurn
1047 999 1153 1058 argue-

112 1075 191 1128 runt
234 1069 347 1146 Quibus
364 1071 424 1145 ipsc
438 1069 585 1145 respondit
598 1070 719 1129 verbum
734 1071 852 1144 bonum,
872 1069 993 1128 verbum
1007 1075 1153 1129 sanctum:

112 1155 242 1232 Utinam,
263 1158 365 1232 inquit,
387 1163 461 1216 esset
477 1158 506 1214 in
521 1154 649 1231 qualibet
670 1155 739 1216 villa
752 1156 900 1215 Dioecesis
922 1172 1004 1214 meae
1025 1172 1154 1216 conven·
1201 1224 1204 1232 Ι

112 1248 163 1303 tus
183 1244 333 1317 iustorum,
356 1245 404 1318 qui
426 1249 454 1302 ct
474 1243 572 1302 Deum
593 1245 695 1320 iugiter
716 1241 880 1318 laudarent,
902 1250 932 1302 et
951 1245 1012 1302 tam
1032 1260 1084 1319 pro
1107 1259 1154 1302 me

113 1347 207 1406 quam
227 1347 280 1405 pro
294 1325 314 1409 ³)
344 1329 413 1388 mihi
435 1332 594 1389 commissis
616 1336 737 1389 orarent.
779 1330 855 1389 Puto
878 1331 945 1406 quia
966 1336 1034 1390 tunc
1055 1328 1155 1389 melior

112 1412 242 1495 multo⁴)
267 1422 345 1476 esset
367 1423 457 1476 status
478 1415 627 1476 Ecclesiae
648 1433 746 1492 meae,
779 1434 867 1492 quam
894 1415 981 1476 modo
1003 1419 1055 1494 sit,
1083 1415 1154 1476 nulli

111 1508 261 1578 nocerent,
285 1521 351 1562 cum
372 1503 467 1562 multis
487 1503 657 1579 prodessent
669 1500 698 1584 ⁵).
741 1501 846 1564 Aliena
866 1520 924 1564 non
944 1506 1066 1581 rapiunt,
1087 1521 1154 1566 cum

111 1607 169 1650 sua
191 1590 327 1650 omnibus
347 1591 553 1666 impartiantur.

417 1753 420 1758 ’
458 1780 692 1842 carnutum
715 1781 810 1842 exv.
881 1837 883 1840 ,

213 1903 263 1961 De
283 1903 424 1978 lorpltotc
440 1902 625 1979 paoperibus
645 1903 737 1980 famis
759 1910 889 1979 tenrpore
910 1921 930 1962 a
951 1903 1039 1962 dotno

404 1991 496 2049 Vallo
517 1993 613 2050 sancti
634 1991 719 2050 Petra¹
741 1990 878 2050 exhibita.

181 2108 226 2168 Eo
246 2114 376 2185 tempore
387 2128 444 2186 quo
461 2111 552 2186 semes
570 2111 620 2172 illa
636 2111 821 2186 validissima,
838 2128 913 2187 quae
927 2127 1002 2171 anno
1017 2109 1152 2169 Domini-

115 2213 170 2257 cae
186 2197 390 2256 incarnationis
411 2198 561 2264 millesimo
576 2201 730 2259 centesimo
744 2201 931 2276 nonagesimo
945 2200 1067 2274 septimo
1087 2197 1155 2271 fuit,

113 2281 276 2363 incubuit⁸)
299 2291 327 2342 ct
348 2284 486 2360 plurimos
497 2288 639 2360 exstinxit,
661 2285 881 2360 domusnostra,
901 2286 969 2345 licet
990 2291 1058 2344 tunc
1078 2290 1154 2343 tem-

114 2371 194 2446 poris
207 2386 317 2446 pauper
327 2371 411 2438 luerit
424 2370 459 2431 ac
475 2372 598 2447 novella,
619 2372 715 2432 multis
736 2372 880 2432 subvenit.
921 2372 1003 2432 Sicut
1024 2371 1155 2430 dixerunt

115 2455 147 2515 hi
162 2458 211 2533 qui
226 2473 378 2516 numerum
392 2459 510 2534 inopum
525 2466 591 2520 ante
605 2466 717 2534 portam
730 2459 990 2533 consideraverunt,
1001 2457 1154 2533 aliquando

113 2561 176 2602 una
197 2543 244 2602 die
265 2543 342 2604 mille
354 2547 516 2621 quingentis
539 2545 737 2623 eleemosynae
760 2545 844 2606 datae
866 2542 970 2624 sunt⁷),
1012 2543 1155 2604 Dominus

116 2629 270 2691 (levardus
292 2637 361 2690 tunc
374 2629 477 2691 Abbas
499 2633 617 2710 singulis
636 2633 737 2692 diebus
758 2640 825 2692 ante
846 2649 978 2707 messem,
999 2634 1029 2690 in
1050 2632 1155 2707 quibus

116 2717 251 2777 carnibus
280 2719 323 2776 uti
349 2715 502 2799 lioebetl),
523 2721 629 2779 bovem
657 2737 747 2778 unum
774 2722 804 2778 in
824 2721 915 2778 tribus
937 2718 1068 2779 caldariis
1089 2711 1156 2778 eurr'r

115 2803 241 2863 oleribus
277 2805 499 2880 circumquaque
534 2806 660 2866 collectis
691 2809 775 2882 coqui
802 2809 898 2880 iussit,
928 2812 957 2866 et
985 2823 1056 2886 cum
1078 2821 1155 2881 pane

114 2907 168 2968 per
189 2890 317 2968 singulos
344 2909 486 2968 pauperes
514 2891 617 2953 divisit.
658 2892 757 2953 Simile
784 2892 893 2952 lactum
921 2899 966 2952 est
994 2893 1030 2952 de
1052 2883 1169 2952 ovibus'

134 3025 250 3096 1)ΑΒΙ)
268 3025 348 3078 dum.
367 3055 399 3065 -
418 3026 450 3091 2)
468 3026 558 3079 Homll.
576 3027 605 3078 ll.
625 3043 649 3094 p.
669 3027 715 3081 15:
735 3044 807 3094 „cum
824 3036 964 3080 conventus
981 3035 1155 3082 noslorvooa·

185 3103 227 3147 tus
257 3110 272 3147 a
296 3093 398 3148 domino
425 3095 539 3163 Philippo
564 3096 706 3149 Coloniensi
727 3097 924 3165 Archiepiscopo
947 3096 1103 3149 ascendisset
1128 3097 1154 3147 iu

185 3173 296 3216 montem
314 3164 476 3235 stromberg,
494 3174 578 3217 tantus
596 3174 678 3218 motus
695 3169 818 3219 excitatus
836 3169 917 3219 estin
935 3168 1077 3233 provincia,
1102 3181 1155 3218 non

186 3233 267 3286 solum
284 3250 300 3286 a
318 3234 437 3287 militibus
455 3243 481 3286 et
498 3237 607 3300 rusticis,
625 3235 670 3288 sed
687 3239 762 3288 etiam
780 3236 811 3288 ab
829 3238 884 3304 ipso
895 3237 1001 3298 comite,
1018 3244 1047 3291 ut
1063 3251 1155 3287 neces·

186 3305 261 3356 ritate
278 3304 409 3372 compulsi·
420 3305 510 3356 iratres
528 3305 610 3357 eidem
628 3307 812 3373 promitterent,
829 3306 896 3375 quod
915 3306 982 3358 nulla
997 3305 1063 3356 bona
1073 3306 1154 3372 ipsius

186 3371 334 3426 advocatiae
352 3375 482 3426 attinentia
501 3384 588 3428 contra
611 3377 665 3426 eius
683 3375 837 3428 voluntatem
855 3379 1052 3442 compararent.“
1072 3405 1103 3414 -
1122 3375 1154 3443 3)

185 3459 243 3512 pro
261 3459 303 3495 orn
321 3443 371 3496 ΒΟ.
390 3473 423 3482 -
445 3444 477 3512 4)
496 3445 536 3498 ΒΟ
551 3444 652 3497 multo
667 3446 795 3497 melior.
815 3473 847 3484 ·-
875 3447 907 3514 5)
926 3445 966 3498 ΒΟ
982 3452 1102 3496 nocent
1121 3473 1152 3486 -

186 3514 323 3581 prosint.
345 3542 375 3552 -
396 3513 427 3581 6)
444 3512 567 3579 lacunam,
584 3530 649 3583 quae
666 3513 708 3566 bic
724 3517 750 3566 iu
769 3514 883 3567 omnibus
901 3515 970 3584 libris
988 3523 1036 3576 est,
1053 3513 1155 3582 explevi

185 3581 270 3635 addito
287 3581 369 3636 verbo
387 3582 547 3636 incubuit.
568 3613 598 3624 -
619 3584 649 3652 7)
668 3584 756 3636 llomil.
775 3585 804 3636 ll.
823 3601 848 3652 p.
866 3586 912 3638 68:
937 3582 1078 3652 „quaedam
1095 3593 1154 3647 sunt

185 3651 274 3704 domus
296 3651 393 3704 ordinis
409 3650 583 3705 cisterciensis
606 3653 670 3705 adeo
688 3654 792 3717 divites,
818 3663 847 3705 ut
863 3670 913 3706 una
939 3669 1026 3705 aarum
1048 3653 1153 3721 singulis

185 3721 274 3774 diebus
284 3725 397 3790 quinquo
413 3720 487 3773 millia
506 3722 633 3776 hominum
651 3739 756 3790 poscere
768 3723 885 3788 sufficiat,
901 3725 937 3775 ita
954 3731 1047 3788 tamen,
1064 3724 1085 3773 si
1096 3739 1154 3775 mo-

185 3791 270 3844 nacbis
288 3801 316 3844 et
333 3793 562 3845 conversis‘coloni
579 3809 636 3844 curn
652 3794 828 3858 mercenariis,
851 3793 963 3862 hospites
981 3809 1036 3844 cnm
1055 3807 1154 3860 paupe·

185 3861 253 3915 ribus
270 3865 505 3914 connumerentur.“
526 3893 557 3904 -
576 3863 609 3932 8)
626 3861 668 3918 ΒΟ
685 3863 790 3916 licuit.
947 3861 949 3865 ’
