2564 4306
530 204 571 266 47

27 382 223 450 monialibus
246 387 343 468 etque
367 403 477 453 earum
499 389 646 472 religioni
673 387 874 471 aptissimum
898 385 1070 471 transtulit,

28 492 64 553 et
91 488 253 574 instituit,
285 497 443 572 perpetuo
471 492 548 558 inibi
576 511 820 576 permansuras3
854 495 1069 575 possessiones

27 611 157 675 quoque
181 597 215 658 et
236 593 361 674 singula
384 596 467 662 bona
489 597 674 662 monasterii
697 597 772 662 olim
795 597 835 662 de
857 595 983 665 Piscina
1004 617 1071 664 mo·

27 699 173 764 nasterio
196 702 305 764 sancte
329 699 446 766 Oeoilie
469 699 642 781 applicavit
664 705 698 767 et
721 701 852 767 univit«

519 981 585 1038 ov.

154 1176 165 1216 s
440 1149 499 1222 (on
528 1148 663 1222 smne.)

121 1321 235 1389 »Circa
256 1318 316 1387 hoc
342 1319 505 1388 biennium
527 1323 560 1387 in
584 1323 711 1404 dyocesi
735 1319 914 1390 Coloniensi
940 1318 1071 1390 invilla

26 1429 121 1509 regia
147 1446 210 1510 que
238 1426 373 1509 Sinzege
402 1427 537 1506 dieitur,
565 1426 727 1493 hereticus
754 1428 883 1510 quidem
908 1428 1070 1496 lohannes
1122 1493 1124 1500 .

26 1533 158 1599 nomine
181 1551 253 1600 uum
276 1538 379 1599 matre
402 1549 453 1596 me
477 1532 588 1596 eodem
616 1536 760 1614 tempore
787 1537 920 1615 propter
942 1533 1071 1598 causam

26 1638 107 1704 fidei
129 1637 194 1703 illic
217 1655 289 1703 cum
311 1638 428 1703 abbate
450 1652 522 1701 meo
544 1637 892 1702 existente‘conbustus
915 1641 972 1704 est.
1004 1638 1071 1705 Iste

27 1744 140 1808 dicere
167 1742 292 1810 solebat
318 1741 474 1806 militibus
499 1740 582 1804 siout
604 1739 644 1806 ab
668 1741 714 1805 eis
743 1738 937 1808 audivimus:
965 1742 1071 1820 Quare

26 1866 89 1916 vos
122 1845 241 1912 domini
273 1846 309 1911 in
340 1844 463 1927 quartis
494 1841 584 1909 feriis
617 1861 680 1911 non
712 1845 910 1911 manducatis
938 1847 1071 1912 earnes?
1138 1926 1141 1930 ¹

25 1949 311 2038 Respondentibus
335 1946 397 2014 illis
425 1953 558 2031 propter
586 1949 849 2014 consuetudinem
877 1950 1010 2018 ecclesie
1038 1957 1073 2019 et

26 2060 167 2142 propter
199 2054 355 2120 ieiunium
384 2051 469 2134 quod
501 2052 645 2117 vovimus
673 2052 806 2120 ¹domine
835 2061 945 2122 nostre
977 2056 1072 2124 beate

26 2159 148 2241 virgini
175 2155 291 2239 Morio,
323 2157 487 2223 subiunxit
513 2156 587 2222 ille:
621 2154 702 2224 Tam
729 2159 817 2226 licite
848 2177 904 2226 vos
934 2163 1074 2244 possetis

26 2261 157 2349 quartis
178 2261 267 2328 feriis
283 2260 451 2357 comedere
469 2279 580 2326 earnes
594 2258 751 2342 quomodo
769 2264 951 2331 secerdotes
964 2265 1071 2330 vestri.

27 2371 177 2451 cumque
206 2367 247 2432 ad
257 2364 333 2457 ,hoe
359 2366 494 2432 verbum
521 2368 704 2448 stuperent,
730 2368 848 2434 adiecit
875 2370 1072 2436 miserrimus

25 2475 100 2553 ille,
122 2475 357 2537 sacramentum
377 2468 438 2535 hoc
461 2467 621 2534 vivificum
645 2469 813 2536 deridens:
841 2469 942 2538 Aiunt
963 2493 997 2540 se
1021 2493 1074 2540 co·

25 2577 163 2647 medere
180 2591 295 2658 eorpus
312 2573 409 2639 Gristi
432 2574 486 2656 qui
507 2572 601 2639 homo
624 2572 694 2654 luit,
719 2579 752 2640 et
774 2576 820 2642 ita
839 2593 951 2642 carnes
968 2595 1072 2644 come-

26 2685 121 2750 dunt
155 2677 292 2761 Propter
314 2696 411 2759 quem
432 2675 570 2743 heresim
593 2681 627 2742 et
648 2679 727 2745 alios
749 2679 867 2762 plures,
889 2686 927 2747 ut
949 2681 1071 2749 dictum

28 2791 83 2857 est
106 2785 138 2849 in
162 2787 251 2849 crate
274 2782 396 2864 positus
419 2782 565 2847 incendio
587 2781 711 2864 periit«

383 2885 444 2970 (Ex
466 2887 663 2953 omeliarum
686 2886 794 2955 codice
819 2887 1018 2972 Coloniensi.)
