2622 4322
474 254 531 322 De,
549 251 813 317 ΤΕΝΤΑΤΙΟΝΕ.
1090 259 1151 318 225

115 376 179 453 quie
196 375 357 453 pecuniam
374 376 427 438 sibi
440 377 657 461 commodatam
673 378 794 439 reddere
813 377 965 452 recusavit,
986 379 1053 454 imo,
1075 379 1153 455 quod

115 463 235 524 deterius
258 470 339 540 erat,
358 467 471 524 omnino
492 467 622 542 negavit,
651 468 720 541 quia
739 465 818 524 illum
840 465 962 525 testibus
984 468 1153 526 convincere

13 605 19 615 .
114 566 167 610 uon
188 557 366 627 potuerunt,
394 554 486 612 iurare
518 553 725 628 compulerunt.
767 551 852 611 Miles
881 568 965 627 vere,
991 552 1153 612 stimulatus

112 640 246 714 avaritie,
281 640 388 698 imavit
410 645 439 698 et
458 640 629 714 perimavit,
660 656 766 714 equum
788 639 917 698 escendit
938 645 968 698 et
987 640 1072 714 abiit,
1101 639 1153 699 sed

111 741 227 784 manum
248 725 371 785 Domini
400 727 524 804 effugere
544 742 603 785 non
623 729 725 803 potuit
768 725 842 785 Cum
862 731 960 785 autem
982 726 1155 802 complesset

110 812 236 872 medium
267 814 350 887 viae,
379 814 420 872 ire
447 812 547 872 volens
575 811 614 872 ed
642 812 759 872 domum
787 829 884 908 suam,
912 812 1067 888 procedere
1093 827 1152 875 uon

108 901 208 974 potuit.
262 899 341 959 Nam
377 905 494 976 propter
528 901 693 973 aretinam,
723 915 797 975 quae
833 898 916 958 radix
950 905 993 958 est
1025 902 1152 960 cronium

108 982 297 1066 malorumb,
333 985 477 1046 Dominus
504 1002 635 1062 gressum
663 985 774 1044 illius
766 1003 795 1044 m
823 991 903 1046 terra
927 985 1003 1059 fixit,
1025 993 1054 1046 et
1083 989 1152 1063 quia
1183 997 1189 1004 “

108 1074 244 1132 mentitus
266 1073 370 1148 fueret,
392 1072 505 1150 linguae
520 1089 586 1132 eum
608 1071 703 1132 officio
724 1073 859 1148 privavit.
898 1071 1030 1132 Sentiens
1052 1091 1084 1132 sc
1104 1073 1152 1132 ille

106 1151 179 1219 iusto
192 1159 254 1220 Dei
275 1159 383 1219 iudicio
397 1176 456 1219 non
471 1176 556 1234 posse
575 1159 662 1234 loqui,
683 1175 777 1234 neque
797 1157 961 1235 procedere,
982 1158 1029 1218 vcl
1049 1159 1152 1220 saltem

106 1245 241 1307 Bonnam
264 1246 376 1322 redire,
397 1253 529 1309 sanctum
549 1244 700 1305 Abraham
721 1244 934 1320 Patrimebcm,
963 1248 1012 1320 qui
1033 1253 1102 1306 tune
1125 1247 1151 1306 ei

107 1334 135 1392 in
154 1339 288 1394 mentem
301 1335 390 1409 venit,
411 1335 479 1392 satis
501 1332 606 1393 devote
626 1335 772 1400 invocavit
793 1332 904 1392 dicens:
926 1332 1032 1392 Sancte
1053 1331 1152 1394 Abra·

106 1418 190 1495 hum,
220 1423 247 1480 si
277 1422 336 1479 tuis
363 1422 472 1479 meritis
499 1436 567 1479 eum
595 1419 688 1479 officio
717 1419 832 1496 linguae
852 1436 983 1496 gressum
1003 1436 1151 1497 recepero,

106 1523 172 1568 mox
192 1507 335 1567 Bonnam
354 1512 496 1582 reverter,
519 1513 548 1567 et
564 1505 698 1566 fratribus
718 1524 802 1566 suem
822 1509 974 1581 peeurdam
993 1509 1151 1566 restituam.

106 1591 210 1654 Statim
246 1600 283 1654 ut
312 1593 385 1653 haec
393 1590 414 1673 ²)
443 1595 539 1668 vovit,
567 1593 646 1669 loqui
673 1596 783 1668 coepit,
810 1610 996 1670 gressumque
1028 1596 1150 1670 recepit,

106 1684 265 1755 pecuniam
279 1679 411 1756 reddidit,
428 1687 458 1740 et
471 1679 507 1740 de
519 1682 641 1756 periurio
653 1681 857 1756 poeniteutiam
870 1682 936 1756 egit
978 1680 1062 1741 Haec
1074 1679 1151 1740 idem

107 1764 265 1828 Caesarius
293 1766 390 1826 retudit
410 1764 519 1826 Abbati
547 1772 660 1842 nostro,
686 1768 731 1826 vir
752 1765 868 1842 quidem
889 1765 1009 1843 simplex
1031 1774 1060 1826 et
1081 1768 1150 1826 satis

105 1853 178 1914 bene
201 1856 407 1930 morigeratus,
429 1854 556 1929 obiitque
577 1855 706 1913 novicius
727 1855 757 1912 in
779 1852 864 1912 domo
886 1860 992 1912 nostra
1034 1851 1151 1916 Novl-

107 1938 210 2002 CIUS:
237 1940 271 2001 Si
284 1940 367 1999 Deus
388 1943 430 2000 sic
445 1939 515 2000 dure
534 1942 618 2015 punit
629 1941 780 2000 avaritiam
795 1942 825 1997 in
845 1942 974 2016 personis
995 1939 1151 2000 saeculari-

105 2026 175 2102 bus,
203 2033 281 2105 puto
311 2027 389 2103 quod
417 2026 507 2086 multo
536 2028 630 2086 aerius
657 2021 737 2084 illem
764 2028 865 2102 puniat
892 2029 920 2084 in
943 2025 1149 2088 claustralibus.

106 2112 351 2175 MONAGHUS:
372 2114 483 2173 Verum
504 2119 562 2188 est,
587 2115 711 2173 maxime
732 2112 783 2171 ubi
804 2112 879 2172 filiae
901 2120 1015 2189 assunt,
1036 2111 1151 2174 fallacia
1196 2121 1198 2126 '

107 2202 215 2350 soirlicigt
240 2208 270 2262 et
292 2201 378 2276 fram,
398 2200 544 2276 violentia,
565 2207 594 2260 et
616 2206 717 2260 contre
736 2200 957 2260 misericordiam
978 2200 1120 2260 induratio
1129 2197 1149 2280 ³)

108 2304 139 2348 co
174 2291 208 2348 ¹.
1167 2295 1175 2304 “

459 2430 693 2537 emisenum
724 2475 805 2536 nux.

249 2601 301 2660 De
322 2603 516 2673 monasterio,
539 2599 621 2675 quod
640 2600 789 2660 Dominus
811 2597 847 2658 ob
867 2593 1008 2676 fraudem

481 2687 626 2746 cellerarii
645 2687 790 2762 ploqovit.

174 2807 351 2870 Cellerarius
367 2807 485 2883 quidem
506 2806 611 2867 ordinis
631 2809 720 2867 nostri
740 2812 865 2867 tentatus
886 2808 1015 2881 avaritia,
1033 2807 1150 2868 viduam

109 2897 256 2972 quandam
279 2895 474 2971 defraudavit,
494 2897 643 2954 immemor
669 2891 825 2969 parabolae
844 2888 951 2973 illius⁴)
973 2891 1150 2955 Salomonis:

110 2981 280 3043 enatorum
293 2982 416 3040 domm
429 2999 525 3056 ewm,
548 2984 601 3057 qni
619 2988 749 3040 sectatur
762 2983 923 3040 ceaddam
932 2977 964 3058 ⁵).
1007 2979 1149 3042 Dominus
1200 3001 1216 3030 a

109 3087 175 3130 vero
198 3086 260 3130 non
276 3071 426 3128 immemor
441 3069 592 3142 vindictae,
613 3084 689 3128 auno
711 3067 813 3126 eodem
833 3072 926 3125 totum
945 3083 1021 3142 pene
1041 3070 1149 3144 dnum,

109 3157 186 3233 quod
214 3158 390 3217 monasterio
420 3160 564 3231 creverat,
590 3157 633 3214 ite
660 3155 857 3229 deterioravit,
884 3159 917 3212 ut
944 3153 1049 3214 nudius
1073 3164 1149 3216 esset

109 3246 221 3322 saporis
241 3243 291 3303 vel
313 3243 424 3302 coloris.
467 3241 599 3302 Sentisne
612 3240 716 3301 Abbas
738 3247 848 3302 tentem
868 3239 984 3317 plegem
1005 3258 1063 3301 non
1085 3260 1149 3304 esse

109 3332 170 3391 sine
193 3347 291 3405 cause,
313 3331 452 3406 virginem
478 3328 583 3388 Christi
596 3327 771 3403 Aezelinam,
793 3343 868 3404 quae
880 3329 1055 3408 temporibus
1069 3332 1149 3392 ,meis

110 3415 248 3478 Coloniae
269 3416 336 3492 fuit,
361 3422 395 3475 ut
415 3417 472 3476 sibi
491 3433 511 3475 a
531 3415 656 3474 Domino
679 3431 797 3475 causam
817 3413 892 3473 illius
913 3414 1019 3490 flagelli
1039 3422 1150 3491 peieret

109 3503 244 3578 revelari,
271 3502 416 3562 humiliter
442 3505 579 3562 exoravit.
622 3501 707 3578 Quod
734 3519 800 3562 cum
826 3502 954 3577 iecisset,
979 3518 1148 3578 responsum

110 3597 153 3652 est
173 3594 209 3666 ei,
231 3591 301 3668 quia
313 3596 430 3667 propter
441 3589 570 3650 fraudem
584 3596 661 3649 esset
680 3589 815 3650 cellerarii
836 3590 889 3664 eui,
911 3605 997 3664 quem
1018 3591 1047 3647 in
1061 3590 1148 3648 telem

127 3756 1147 3831 1)Tin.,‚.-le10-2)0hoc.-3)Bobduracio.-lJillius

44 3907 50 3917 ¹
176 3829 227 3884 add
244 3830 347 3885 Bo·
367 3825 400 3898 5)
417 3827 538 3882 Proverb
557 3829 599 3893 15,
616 3828 669 3881 27.
810 3898 890 3975 1οξ
