2642 4330
469 233 523 295 DE
545 229 815 300 DAEMONIBUS.

350 369 368 382 ’
486 373 719 472 onemunuu
740 411 796 471 ru.

187 529 236 588 De
256 529 407 604 doemone,
430 534 481 606 qui
502 531 651 607 consessus
673 539 722 605 est,
743 550 773 591 se
785 536 919 592 detrusae
937 533 1089 610 seminam,

318 633 351 676 eo
373 617 457 710 guod
474 617 528 676 sibi
550 619 662 678 trudito
680 617 786 709 fuisset
806 637 827 679 a
847 623 965 680 monto.

186 735 267 794 Dum
287 735 391 797 Abbes
420 743 517 798 noster
538 755 613 797 anno
635 742 788 814 praeterito
809 742 839 798 in
860 740 960 801 Monte
982 745 1073 804 sancti
1093 744 1159 804 Sal·

117 825 229 883 vetoris
243 824 322 883 iuxta
335 824 509 900 Aquisgrani
527 827 645 885 missam
667 826 832 901 celebraret,
853 826 933 892 finita
954 831 1041 888 missa
1063 832 1160 891 oblate

118 915 165 970 est
177 905 195 989 ¹)
218 909 318 968 mulier
334 910 463 970 obsessa.
506 911 599 988 Super
624 915 705 971 cuins
727 919 813 988 caput
835 931 901 972 oum
921 915 1037 991 legisset
1057 917 1158 976 lectio-

116 1013 188 1056 nem
203 996 398 1072 evangelioam
413 997 448 1057 de
461 1001 637 1073 ascensione,
659 1005 687 1058 et
703 999 742 1058 ad
753 1000 802 1058 illa
813 1001 915 1060 verba:
937 1001 1033 1078 Super
1055 1022 1159 1080 aegros

116 1101 230 1142 maneo
251 1086 408 1158 tnrpoaent,
432 1091 460 1144 et
471 1084 541 1143 bene
562 1083 752 1162 bobebonffl),
774 1087 999 1162 manum'capiti
1021 1091 1081 1158 eius
1102 1093 1158 1149 im·

116 1170 279 1246 posuisset,
307 1170 429 1229 daemon
456 1187 558 1232 vocem
587 1173 679 1230 emisit
706 1179 766 1231 tam
792 1172 970 1248 horribilem,
998 1182 1031 1232 ut
1060 1194 1158 1237 omnes

116 1263 298 1316 terreremur.
329 1256 487 1316 Adiuratus
504 1265 536 1315 ut
550 1260 647 1333 exiret,
667 1258 828 1333 respondit:
845 1259 980 1319 Nondum
991 1262 1053 1320 vult
1067 1262 1158 1322 Altis-

116 1345 219 1403 simus.
261 1342 458 1420 Interrogatus
490 1344 634 1418 quomodo
662 1347 809 1420 intrasset,
837 1363 891 1405 nec
917 1349 978 1422 ipse
999 1349 1158 1423 respondit,

116 1445 175 1488 nco
204 1428 352 1488 mulierem
379 1429 551 1506 respondere
578 1433 714 1506 permisit.
756 1432 862 1491 Postea
884 1435 1013 1494 consessa
1035 1433 1093 1510 est,
1121 1435 1159 1496 ad

117 1532 229 1576 vocem·
253 1518 347 1574 mariti
376 1519 420 1575 sui
448 1518 478 1574 in
504 1520 694 1576 commotione
723 1521 810 1576 animi
838 1521 882 1578 sui
914 1519 1047 1581 dicentis:
1074 1523 1158 1583 Vade

118 1601 254 1678 diabolo,
282 1599 389 1682 quoda)
418 1605 523 1682 intrare
550 1603 631 1662 illum
659 1607 778 1664 senserit
804 1622 857 1680 per
882 1608 1046 1676 auriculam.
1088 1610 1159 1670 Erat

118 1695 220 1750 autem
242 1688 345 1749 eadem
364 1687 471 1749 femina
492 1690 528 1750 de
548 1689 679 1766 Aquonsi
702 1693 857 1768 provincia,
879 1699 908 1752 et
928 1694 996 1754 satis
1017 1701 1093 1756 nota.

481 1877 714 1942 CAPITULUM
732 1881 804 1942 XII.

117 1998 195 2080 Item
218 1999 254 2059 de
269 2017 487 2076 praerogatam
501 2001 635 2084 diabolos
653 1992 770 2077 invasit,
793 2020 861 2062 eam
882 2007 908 2064 ei
927 2012 1014 2080 poter
1036 2005 1157 2066 diemt:
1229 1993 1236 2009 ³

207 2093 211 2098 ’
525 2089 607 2146 Vade
635 2089 761 2148 diabolo.

183 2207 281 2267 Homo
294 2205 412 2283 quidam
433 2210 529 2284 babis,
547 2211 621 2268 sicut
637 2210 734 2269 audivi
754 2227 773 2269 a
794 2209 920 2286 quodam
940 2210 1066 2288 Abbete,
1088 2214 1157 2273 dixit

117 2290 176 2354 filio
198 2311 268 2354 suo:
290 2291 375 2354 Vade
393 2294 518 2355 diabolo.
561 2295 654 2371 Quem
669 2313 737 2355 mox
760 2296 890 2357 diabolus
910 2301 1012 2375 rapuit,
1035 2307 1063 2360 et
1083 2319 1155 2361 nus-

119 2397 208 2456 quam
237 2383 404 2457 comparuit.
446 2379 647 2442 NOVICIUS:
677 2382 752 2459 Quid
781 2389 824 2442 est
846 2384 923 2459 quod
944 2385 1017 2445 filius
1039 2391 1154 2463 punitus

118 2461 163 2527 est
183 2469 222 2527 ob
237 2473 389 2544 peceatum
406 2471 503 2544 patris,
525 2486 590 2528 eum
612 2471 751 2544 scriptura
773 2469 862 2529 dicat:
884 2471 979 2530 Filius
999 2491 1061 2533 eoa
1076 2493 1153 2551 por·

118 2553 193 2614 iabit
213 2557 399 2630 iniquitatem
415 2550 567 2630 patrab?
593 2553 828 2616 MONACHUS:
849 2556 931 2616 Idem
953 2560 1030 2634 quod
1051 2578 1154 2637 supra·

119 2639 195 2700 dicta
227 2641 331 2700 mulier
363 2641 445 2715 dixit,
478 2642 541 2701 dico
555 2638 584 2721 ⁵).
637 2641 797 2717 Utrrunque
828 2643 889 2703 fieri
919 2649 1046 2721 permisit
1071 2648 1153 2709 Deus

116 2734 235 2803 propter
269 2727 463 2803 exemplum,
482 2734 516 2786 ut
543 2728 612 2788 dum
642 2729 771 2788 iracundi
802 2732 832 2788 in
858 2735 1009 2792 vexatione
1042 2738 1153 2810 uxoris,

117 2815 211 2874 mariti
240 2814 383 2880 ,audierint
415 2817 557 2881 cruciatum
585 2815 693 2890 cordis,
726 2823 755 2876 ct
791 2817 821 2874 in
852 2825 936 2893 raptu
967 2819 1031 2895 filii,
1063 2813 1152 2896 patris

117 2899 239 2976 dolores,
260 2903 403 2972 animisui
427 2901 552 2962 furorem
571 2901 726 2962 'cohibeant
754 2907 783 2962 et
803 2904 824 2961 a'
843 2904 1018 2980 stultiloquio
1036 2907 1151 2984 linguas

116 2992 311 3064 compescant
352 2986 553 3048 NOVICIUS:
573 2987 674 3048 Placet
697 2988 775 3064 quod
796 2988 874 3049 dicis.
914 2990 1151 3056 MONAOHUS:

116 3073 174 3150 Qui
201 3074 356 3134 daemones
384 3091 447 3134 esse
476 3074 620 3150 dubitant,
647 3077 845 3152 energuminos
870 3067 1061 3160 attendenti),
1083 3085 1151 3158 quia

115 3161 186 3221 dum
208 3178 260 3237 per
278 3158 392 3219 illorum
413 3178 463 3221 ora
485 3159 616 3220 diabolus
635 3161 775 3238 loquitur,
802 3170 833 3240 et
852 3165 882 3221 in
904 3168 1070 3241 corporibus
1090 3175 1150 3228 tam

114 3247 268 3307 crudeliter
296 3247 487 3321 debachatur,
516 3248 697 3307 manifestum
724 3251 902 3324 praesentiae
926 3269 996 3312 suae
1015 3254 1151 3314 indicium

112 3334 170 3394 illis
200 3333 386 3394 demonstrat.
429 3333 633 3394 NOVIOIUS:
660 3335 770 3394 Verum
803 3336 925 3413 diceres,
953 3341 977 3398 si
997 3358 1056 3401 non
1078 3349 1153 3402 esset

133 3451 165 3519 1)
184 3449 204 3505 0
221 3459 269 3502 est
294 3451 331 3500 ei.
357 3479 388 3488 —
414 3451 445 3519 2)
469 3451 543 3502 llere.
569 3451 617 3516 16,
643 3452 683 3504 18.
704 3481 734 3491 -
754 3453 786 3521 3)
804 3453 888 3520 quod
915 3454 1008 3508 babent
1031 3457 1153 3522 BGunte
1173 3487 1193 3502 ι

185 3519 224 3571 ad
247 3533 369 3602 vocem.
395 3548 426 3557 —
453 3520 486 3602 4)
507 3519 599 3604 Ezeclp
618 3521 739 3605 ‘18,·.20.
757 3552 790 3560 -
809 3523 879 3605 bJ'B
903 3523 984 3576 idem
1007 3527 1090 3611 guod
1116 3527 1153 3580 dc

130 3659 133 3666 Δ
184 3587 1152 3731 tttttlzttpbtbttalit,lattstailibttttelttt?
1211 3684 1222 3723 0
1317 3635 1318 3724 ξ

184 3724 437 3848 (ἓοαῐῐειιθᾞιᾶἓίξτο
464 3727 547 3793 dixi,
569 3739 599 3781 et
627 3729 680 3782 hio
707 3730 790 3784 dico.
820 3759 850 3770 -·
876 3731 907 3800 6]
938 3732 995 3784 libri
1021 3733 1152 3788 dubitat
