2622 4322
448 281 504 342 DE
525 279 790 344 TENTATIONE.
1046 297 1048 305 ⁴
1081 281 1141 340 261

102 406 167 482 eins
187 402 360 478 vulneravit,
379 407 412 461 nt
432 406 578 478 quiescere
599 421 657 464 non
678 411 785 479 posset
827 401 940 463 Liberae
953 403 1144 465 revocationis

57 557 62 562 ,
102 485 167 568 ipsa
190 491 312 552 dietavit
332 497 361 548 et
381 493 500 567 scripsit,
520 493 550 550 in
572 492 676 566 quibus
699 507 764 550 eum
786 492 880 566 arguit
901 489 937 550 de
948 491 1144 562 conversione,

101 578 276 638 hortabatur
298 576 336 636 ad
356 578 486 652 reditum,
508 578 606 636 dicens
628 594 660 636 se
688 579 790 652 ipsam,
812 577 930 636 domum
952 582 981 636 et
1001 577 1144 652 praeben·

102 665 181 740 dam,
202 665 253 724 vel
274 667 300 722 si
322 681 378 738 qua
398 664 528 739 haberet,
550 666 581 722 in
603 666 664 724 eius
682 656 791 724 'debere
813 681 876 724 esse
889 669 1033 738 potestate
1048 661 1144 738 quoad

101 754 229 827 viveret,
262 753 287 809 si
308 751 399 810 redire
420 751 516 810 vellet
560 750 623 810 Has
644 751 741 810 literas
765 768 830 810 eum
851 751 976 809 misisset
995 766 1048 824 per
1069 767 1144 825 pue·

101 856 175 913 rum,
199 845 229 898 et
251 837 298 895 ille
320 845 469 913 quaereret
490 839 650 912 novicium,
672 837 833 912 Henrieus,
857 836 986 896 eiusdem
1006 838 1111 896 novicii
1126 832 1144 915 ¹)

101 942 280 1002 germanus,
302 927 352 999 qui
372 924 457 990 hodie
479 923 639 984 cellerarius
660 930 758 982 noster
780 929 838 997 est,
871 939 966 996 servox
977 940 1144 997 occurrens,

102 1018 135 1071 et
151 1012 212 1071 hoe
235 1013 337 1086 ipsum,
360 1013 436 1086 quod
459 1018 561 1086 postea
584 1013 687 1084 evenit,
708 1009 951 1085 formidans,‘non
972 1013 1099 1086 permisit
1111 1016 1145 1078 ut

102 1101 131 1158 ei
151 1098 335 1174 loqueretur,
363 1100 542 1173 praecipiens
564 1103 597 1156 ut
618 1101 697 1157 ocius
721 1100 810 1156 exiret
831 1097 867 1156 de
890 1099 976 1156 curia.
1020 1097 1077 1173 Qui
1096 1103 1144 1156 ta·

100 1202 171 1244 men
193 1187 340 1245 novicium
359 1187 390 1242 in
412 1187 533 1244 oratorio
555 1185 743 1260 praestolans,
764 1184 1006 1262 literasporrexit
1027 1183 1159 1268 stabiit'

103 1271 187 1348 Quas
210 1277 244 1330 ut
263 1271 342 1348 legit,
362 1289 430 1330 mox
452 1277 529 1330 totus
551 1270 705 1345 incanduit,
727 1289 762 1330 ae
784 1274 808 1330 si
829 1271 918 1330 telum
931 1273 1052 1347 ignitum
1066 1269 1145 1330 cordi

19 1365 23 1378 ¹
103 1361 167 1418 eius
189 1358 322 1416 infixum.
338 1358 446 1418 suisset.
488 1358 537 1416 Ab
566 1358 616 1416 illa
644 1355 744 1436 how)
768 1375 833 1417 cum
862 1364 1019 1418 tentaretur
1045 1359 1144 1430 nimis,

103 1449 148 1504 ita
168 1452 203 1504 ut
225 1445 343 1521 singulis
366 1445 444 1504 horis
466 1444 504 1504 ad
526 1445 674 1504 saeculum
695 1445 786 1504 redire
814 1451 1000 1520 proponeret,
1032 1460 1145 1520 semper

101 1540 203 1592 amen
225 1534 274 1607 pia
294 1532 413 1590 tratmm
435 1534 562 1590 oratione
591 1538 678 1606 atque
708 1532 903 1593 exhortatione
933 1531 1064 1592 detentus
1093 1537 1144 1590 est.

102 1619 162 1678 Die
186 1617 313 1694 quadam
335 1635 400 1676 cum
423 1624 499 1678 esset
521 1618 598 1677 solus
619 1621 648 1676 in
670 1618 847 1692 probatione,
869 1625 898 1678 et
918 1618 1004 1678 valde
1020 1619 1145 1678 fluctua-

102 1712 162 1780 ret,
193 1722 290 1780 super.
302 1710 407 1763 terram
429 1721 461 1764 se
482 1722 589 1780 pronus
615 1709 784 1780 prostravit,
811 1704 900 1781 pedes
908 1703 928 1784 ³)
951 1723 1038 1782 super
1058 1705 1145 1764 limen

105 1792 199 1862 cellae
222 1791 362 1865 extendit,
389 1809 462 1851 voce
491 1794 565 1851 satis.
582 1792 640 1851 alta
663 1792 789 1851 clamans
811 1799 840 1850 et
853 1793 973 1870 dicens:
1004 1790 1144 1866 Diabole,

102 1881 160 1938 nisi
181 1873 242 1958 ιθ)
266 1878 386 1952 pedibus
408 1878 475 1937 hinc
496 1896 543 1936 me
565 1873 706 1953 extrahas,
728 1897 786 1939 non
808 1885 836 1937 te
858 1896 971 1954 sequar.
1014 1878 1145 1938 'landem
1232 1925 1235 1928 .

102 1983 157 2042 per
170 1965 230 2025 Dei
243 1967 365 2040 gratiam
385 1965 571 2040 triumphans,
592 1965 685 2024 iactus
707 1971 750 2024 est
770 1966 939 2024 monachus.
980 1965 1146 2041 Reqnisitus
1217 1984 1220 1996 ·

102 2071 123 2112 a
144 2069 203 2126 me,
226 2053 251 2110 si
272 2051 368 2110 adhuc
390 2051 501 2127 aliquas
524 2052 559 2112 de
581 2052 750 2127 supradictis
766 2049 1007 2131 cogitationibus⁵)
1029 2054 1147 2112 sentiret

104 2139 252 2214 reliquias,
274 2138 434 2212 respondit:
457 2139 542 2213 Vere,
563 2139 650 2198 frater
658 2135 688 2219 ⁶),
709 2143 880 2198 tentationes
903 2157 978 2214 quae
990 2145 1058 2198 tune
1070 2145 1146 2197 tem-

103 2228 185 2302 poris
207 2224 353 2284 sciderrmt
375 2242 424 2284 cor
445 2243 558 2299 meum,
585 2225 672 2285 modo
694 2229 743 2284 vix
764 2215 935 2286 vestimenta
956 2244 1021 2303 mea
1041 2225 1110 2286 toris
1125 2222 1145 2304 ⁷)

105 2315 262 2389 attingrmt.
304 2312 412 2371 Postea
433 2315 524 2370 maior
546 2313 708 2371 cellerarius
729 2313 982 2389 apudnosfaotus,
1003 2311 1146 2372 ineodem

105 2400 202 2458 officio
225 2398 375 2458 defunctus
397 2404 449 2458 est.
492 2399 568 2459 Eece
589 2403 631 2458 sie
653 2398 783 2459 diabolus
801 2400 974 2478 quandoque
987 2417 1039 2476 per
1054 2400 1145 2460 earnis

105 2487 253 2546 incentiva
274 2491 366 2566 tentat
386 2487 562 2562 incipientes,
583 2493 676 2548 tentat
698 2493 726 2546 et
746 2488 935 2563 proficientes,

456 2641 689 2703 CAPITULUM
710 2643 804 2704 XCV.
866 2666 870 2674 ’

107 2766 158 2824 De
179 2767 285 2823 iuvene
300 2781 359 2838 pcc
379 2760 580 2823 verba'baec:
601 2765 737 2841 Diabate,
759 2765 909 2842 confessor
930 2783 1013 2837 meas
1029 2770 1148 2841 pracci-

140 2853 190 2926 pit
213 2850 272 2923 tibi,
295 2857 330 2909 ut
352 2868 439 2909 cesses
461 2869 507 2909 me
529 2858 651 2925 tentare,
675 2854 835 2912 estimato
858 2851 1110 2912 combiberem.
1156 2881 1158 2885 ·

176 2988 286 3048 Retulit
314 2988 383 3048 mihi
404 2988 507 3068 Abbas
535 2989 734 3069 Hermannus,
763 3009 797 3050 eo
825 2999 954 3068 tempore
983 3009 1040 3067 quo
1068 2990 1150 3050 Prior

107 3078 205 3136 iuerat
225 3078 254 3134 in
276 3075 508 3150 Hemmenrode,
529 3079 664 3136 iuvenem
686 3079 829 3152 quendam
850 3079 1023 3142 monachum
1043 3079 1151 3137 ibidem

108 3181 164 3239 per
184 3165 277 3221 carnis
299 3165 444 3222 incentiva
464 3166 589 3239 graviter
610 3164 697 3224 fuisse
720 3172 868 3225 tentatum.
914 3165 966 3225 Cui
989 3164 1150 3224 cumidem

108 3251 224 3310 iuvenis
247 3249 367 3308 eandem
388 3253 584 3326 tentationem,
606 3269 664 3326 qua
683 3254 766 3311 nimis
779 3253 965 3327 afficiebatur,
986 3269 1052 3311 eum
1064 3252 1151 3310 lacri-

109 3339 167 3395 mis
190 3335 336 3395 consessus
358 3336 465 3412 fuisset,
488 3338 651 3421 consolatus
674 3345 718 3397 est
740 3357 805 3398 cum
815 3340 906 3415 Prior,
928 3345 956 3398 et
970 3341 1024 3398 ait:
1048 3338 1149 3414 Quan-

109 3423 150 3482 do
174 3421 306 3481 stimulus
329 3425 421 3482 carnis
444 3429 472 3482 te
493 3427 659 3502 impugnat,
686 3428 726 3484 sic
757 3427 870 3486 diabolo
899 3443 972 3488 voce
1002 3428 1070 3484 satis
1093 3426 1152 3484 alta

111 3510 210 3568 dicere
241 3509 342 3568 debes:
378 3510 516 3586 Diabole,
546 3512 692 3572 eorrfessor
720 3531 801 3572 meus
831 3509 996 3592 praecipita)
1024 3513 1090 3586 tibi,
1119 3518 1152 3572 ut

111 3612 212 3655 cesses
232 3613 278 3655 me
301 3602 419 3656 tentare.
461 3598 569 3658 Postea
591 3617 656 3658 oum
678 3600 755 3660 idem
776 3605 947 3674 tentaretur,
977 3605 1006 3658 et
1032 3601 1151 3658 tentatio

133 3709 540 3779 improvisissimam.
560 3746 591 3755 -
610 3715 797 3782 2Jh0reom
816 3717 887 3768 B.-
907 3713 1151 3783 3)ssecpedes.
1198 3704 1205 3713 ³

186 3781 291 3848 -4)1)
308 3783 436 3850 ιιι-5)
450 3784 491 3837 BC
508 3787 803 3838 tentationibus.—
816 3788 847 3853 6)
865 3800 955 3837 omnes
972 3785 1029 3836 libri
1047 3785 1152 3835 frater
1247 3783 1251 3798 ”

186 3849 329 3904 Caesari.
349 3883 379 3892 —
399 3855 430 3922 7)
447 3855 529 3908 foris
546 3854 596 3906 add
613 3855 663 3908 BC.
684 3886 712 3896 -
733 3858 766 3924 8)
784 3857 822 3908 ΟΡ
840 3857 1018 3923 praecepit.
