2642 4330
460 247 514 306 DE
536 245 825 308 SIMPLIOITATE.
1004 303 1011 346 3
1095 248 1157 306 347

119 368 272 445 cogitavit
316 365 452 444 Quotiens
477 372 620 450 neminem
648 369 737 430 sensit
765 387 828 430 esse
849 371 879 428 in
900 370 1038 446 coquina,
1065 370 1159 445 ipsam

118 455 246 514 latenter
267 455 382 530 intrans,
404 462 432 514 et
445 475 650 532 nonnunquam
671 463 756 518 nacta
775 458 925 516 occasione
946 473 1051 533 pueros
1074 458 1159 515 emit-

119 549 206 616 tens,
230 541 312 600 scala
339 546 549 618 suspensorium
576 543 715 618 ascendit,
750 550 779 604 et
809 561 844 602 ex
874 560 909 602 ea
936 549 1018 618 parte
1038 560 1159 617 pernas,

118 646 180 704 qua
203 645 286 687 muro
309 631 564 705 coniungebantur,
585 647 685 690 omnes
707 648 780 706 pene
803 644 895 704 usque
917 629 955 688 ad
975 629 1158 690 medietatem

117 714 228 776 incidit.
271 713 451 776 Anteriorem
472 733 540 776 vero
562 719 702 793 integram
723 716 851 796 reliquit,
880 721 913 774 ut
938 715 1058 774 aliarum
1086 717 1159 776 inci-

118 803 216 864 siones
239 801 407 861 celarentur.
450 803 511 862 Ista
532 803 656 862 faciebat
676 821 728 878 per
750 803 810 862 dies
832 803 950 877 multos,
983 820 1081 862 carnes
1103 804 1158 864 ab·

117 891 210 948 scisas
233 889 341 963 viduis,
371 892 467 966 egenis
488 896 576 965 atque
597 889 711 966 pupillis
733 890 912 948 distribuens.
956 887 1031 964 Quid
1053 889 1157 966 plura?

117 975 252 1034 Tandem
281 976 447 1048 firmum,rei
467 976 611 1036 familiaris
634 978 828 1053 cognoscitur,
857 975 901 1034 fur
923 979 1078 1052 quaerituu,
1107 977 1158 1036 sed

117 1064 203 1120 eitius
232 1063 383 1120 invenitur.
425 1063 506 1122 Furit
534 1063 668 1136 clericus,
697 1063 760 1122 silet
780 1063 932 1136 Decanus,
961 1068 990 1121 et
1018 1080 1084 1121 cum
1111 1063 1158 1120 ille

115 1149 239 1208 fratrum
261 1149 456 1224 praebendam
469 1157 498 1209 et
518 1153 606 1208 totius
628 1152 695 1208 anni
707 1149 834 1208 subsidia
856 1166 886 1208 se
907 1149 1065 1224 perdidisse
1087 1167 1158 1208 con-

117 1240 304 1312 quereretur,
325 1239 369 1294 vir
390 1242 505 1295 sanctus
533 1237 627 1296 verbis
659 1237 763 1311 quibus
784 1239 877 1312 potuit
898 1253 963 1295 eum
985 1235 1072 1294 lenire
1094 1243 1157 1294 stu-

117 1322 196 1396 duit,
220 1322 334 1380 dicens:
355 1323 437 1382 Bone
459 1329 589 1400 cognate,
609 1323 710 1382 melius
733 1328 829 1382 estut
850 1323 995 1382 modicum
1016 1322 1157 1382 delectum

116 1411 253 1485 patiaris,
288 1425 375 1482 quam
403 1427 545 1486 pauperes
572 1410 647 1469 lame
664 1407 680 1489 ¹)
707 1411 871 1468 moriantur.
913 1409 993 1468 Bene
1020 1411 1071 1468 tibi
1092 1410 1157 1469 Do-

11 1503 12 1506 ’
116 1499 214 1554 minus
236 1497 376 1558 restituet.
422 1497 534 1572 Quibus
555 1497 650 1554 verbis
668 1496 798 1572 placatus
814 1498 910 1556 tacuit.
942 1496 1008 1554 Alio
1029 1503 1157 1572 tempore

117 1589 207 1642 eunte
229 1599 264 1640 eo
287 1582 324 1640 ad
347 1589 477 1642 sanctum
500 1582 675 1656 Gereoncm,
703 1589 775 1658 puto
805 1582 883 1659 quod
911 1585 941 1640 in
969 1583 1158 1642 sollemnitate

115 1670 202 1729 suerit
223 1669 354 1728 eiusdem
365 1669 510 1746 Martyris,
531 1687 641 1746 pauper
656 1687 722 1729 enm
742 1672 908 1745 importunis
924 1669 1094 1730 clamoribus
1108 1689 1157 1730 se-

117 1757 278 1832 quebatur,
300 1763 330 1815 et
351 1774 417 1814 cum
436 1774 494 1815 non
515 1757 635 1816 haberet
656 1755 734 1830 quod
754 1756 794 1814 illi
815 1757 883 1816 dare
903 1763 1019 1831 posset,
1040 1757 1157 1816 schola-

116 1860 179 1902 rem
209 1860 241 1901 se
270 1849 438 1917 sequentem
460 1842 611 1918 'paululum
632 1843 801 1902 antecedere
823 1844 913 1900 iussit.
955 1842 1156 1918 Secedensque

116 1932 148 1988 in
170 1928 309 2005 angulum
330 1932 410 1988 iuxta
431 1930 582 1989 ecclesiam
603 1931 705 2010 beatae
726 1930 782 1988 Dei
804 1931 946 2005 genitricis
967 1929 1085 2004 Mariae,
1106 1931 1156 1989 ubi

116 2016 270 2092 Episcopis
279 2018 308 2074 in
321 2016 366 2074 die
378 2015 542 2075 Palmarum
556 2017 767 2076 consuetudinis
781 2022 824 2075 est
835 2015 942 2091 populo
956 2016 1049 2075 faeere
1062 2015 1156 2074 indul-

117 2105 254 2179 gentiam,
268 2105 336 2178 quia
347 2103 432 2162 aliam
443 2111 553 2162 vestem
568 2120 671 2162 exuere
683 2121 741 2162 non
754 2105 854 2179 potuit,
867 2104 1157 2179 aspiciente-paupere
1251 2154 1254 2163 s

117 2189 268 2249 femoralia
290 2207 343 2248 sua
364 2189 462 2264 solvit,
492 2196 521 2249 et
549 2189 650 2250 cadere
680 2190 785 2248 dimisit
797 2186 826 2269 ²).
870 2188 951 2265 Quae
971 2188 1019 2248 ille
1040 2190 1156 2264 levans,

118 2277 250 2354 gaudens
273 2277 411 2336 discessit.
455 2276 549 2352 Quam
571 2279 705 2335 virtutem
727 2294 793 2336 cum
813 2278 857 2336 vir
878 2283 994 2336 sanctus
1012 2276 1156 2336 occultare

118 2363 221 2437 vellet,
243 2369 317 2422 nutu
337 2364 393 2422 Dei
415 2364 465 2422 tali
487 2366 636 2422 occasione
657 2365 751 2439 posito
774 2370 817 2422 est
838 2381 925 2438 super
946 2362 1156 2438 caudelabrum,

118 2456 154 2509 ut
173 2453 295 2526 posteris
317 2457 393 2509 esset
413 2451 626 2527 inexemplum.
665 2451 810 2509 Reversus
832 2447 879 2530 a³)
902 2457 1001 2510 sancto
1017 2450 1156 2526 Gereone,

119 2555 187 2596 cum
208 2537 246 2598 ad
267 2555 374 2612 prunas
396 2537 521 2612 sederet,
543 2555 596 2596 nec
617 2536 768 2612 pelliceum
790 2555 821 2596 se
844 2536 1030 2597 calefactums
1051 2556 1156 2597 secun·

120 2623 190 2682 dum
208 2623 443 2684 consuetudinem
456 2624 574 2699 levaret,
597 2624 666 2682 dixit
687 2627 712 2682 ei
732 2623 1069 2700 praefatusFredericns:
1096 2625 1156 2684 Le-

119 2717 187 2770 vate
200 2711 361 2786 pelliceum,
383 2717 411 2769 et
426 2668 584 2770 odefacite’
584 2728 645 2771 vos.
676 2711 746 2769 Erat
764 2713 838 2771 enim
859 2711 959 2788 frigus,
974 2715 1089 2788 etipse
1107 2729 1155 2772 se-

120 2815 177 2857 nex
196 2798 284 2856 homo
307 2804 375 2856 eret.
416 2798 619 2873 Respondente
636 2814 685 2856 eo:
710 2798 775 2855 Non
797 2804 840 2856 est
859 2815 990 2874 neeesse;
1012 2799 1157 2858 subiunxit
1208 2831 1210 2836 ,
1308 2797 1309 2810 ³

119 2883 176 2942 ille:
204 2883 281 2945 Satis
295 2890 365 2960 puto
388 2884 466 2958 quod
483 2901 540 2943 non
555 2886 686 2944 habeatis
699 2877 811 2958 bracas,
831 2884 909 2944 hoc
901 2903 995 2960 ipsum
1008 2887 1038 2943 in
1051 2862 1162 2945 rubore

121 2970 217 3030 vultus
239 2974 300 3030 eins
323 2971 512 3030 considerans.
556 2971 686 3030 Tandem
706 2971 753 3030 ille
776 2971 922 3043 confessus
944 2979 996 3046 est,
1017 2973 1071 3030 sibi
1092 2972 1155 3032 illas

122 3054 287 3138 delapsas)
308 3057 408 3133 luisse,
436 3059 524 3116 tacita
552 3060 664 3116 virtute.
707 3057 756 3116 Ad
785 3058 862 3134 quod
894 3060 1014 3118 verbum
1036 3059 1155 3120 clericus

121 3146 195 3219 risit,
227 3161 280 3220 per
309 3147 389 3203 cuius
422 3161 453 3203 os
485 3143 558 3202 haec
578 3144 724 3220 publicata
744 3151 818 3204 sunt.
861 3145 1063 3205 NOVIGIUS:
1085 3146 1156 3206 Tale
1236 3205 1243 3209 .

122 3230 227 3305 aliquid
249 3247 307 3290 non
329 3230 431 3307 legitur
458 3233 488 3289 in
510 3233 580 3290 actis
593 3227 613 3310 ⁵)
642 3233 734 3290 sancti
756 3231 879 3292 Martini.
923 3233 993 3292 Plus
1013 3233 1066 3291 luit
1086 3233 1156 3292 bra-

123 3333 173 3377 cas
202 3318 287 3393 dare,
320 3336 407 3394 quam
435 3317 552 3393 pallium
586 3316 720 3376 dividere.
768 3317 1004 3378 MONAOHUS:
1036 3319 1156 3394 Propter
1194 3328 1197 3336 '

122 3403 195 3463 haec
216 3405 329 3479 aliaque
351 3405 396 3462 his
418 3405 520 3464 similia
541 3397 667 3484 lacta⁶),
700 3403 816 3480 quidam
838 3405 980 3481 dixerunt,
1009 3423 1156 3481 nunquam

142 3605 445 3673 otomanus).-
474 3607 779 3674 2]Bpermisit-
799 3607 993 3676 3).-Gde
1018 3608 1156 3676 4)ΑΒΟ[)
1235 3666 1240 3678 ,

192 3675 395 3743 dilapsas—
415 3677 447 3744 5)
465 3675 687 3728 (lactibus—
707 3677 739 3744 6)
756 3677 883 3730 suella
912 3679 1155 3730 ueciusetianr

192 3745 303 3818 lacta
317 3745 377 3798 Pllll
396 3745 527 3814 aliaque
545 3748 615 3796 eius
633 3677 739 3812 lacto),
759 3749 872 3813 etiam,
890 3695 917 3800 (l
935 3746 1066 3816 aliaque
1084 3749 1158 3799 eius

192 3783 303 3881 lacta,
308 3815 328 3868 G
346 3815 476 3884 aliaque
493 3817 565 3866 eius
583 3830 688 3882 opera.
1115 3819 1117 3828 ’
