2664 4308
679 53 686 92 l

443 315 499 378 on
521 311 811 380 summanum.
1020 293 1025 298 ’
1081 321 1144 381 aaa

108 440 261 518 ecclesiae,
290 455 365 517 quae
393 445 462 501 tuuc
483 440 581 501 clausa
600 440 709 516 fuerat,
737 439 888 517 depulsus,
909 442 1020 502 uoluae
1042 440 1144 503 domus

107 526 241 614 solatium
261 532 393 605 expetere
407 529 572 604 cogebatur,
593 527 707 587 saccelli
729 531 773 588 sui
788 529 903 588 oblitus.
946 528 1040 608 Quem
1056 529 1143 590 homo

108 616 225 692 quidam
238 617 429 692 pertransiens
445 614 562 689 levavit,
583 621 613 674 ct
630 617 710 674 cuius
732 620 808 674 esset
828 632 886 674 non
899 616 1041 691 ignorans,
1062 619 1145 677 mori

108 720 177 764 suae
198 702 371 762 servandum
384 705 532 776 commisit,
553 700 773 762 utMaroadello
791 703 939 777 quaerenti
959 701 1039 762 illum
1059 705 1144 762 resti-

140 794 208 849 eret
251 789 333 865 Quae
354 791 431 848 sacci
442 788 684 864 ponderositatem
706 779 839 863 sentiens,
859 791 962 848 marito
983 789 1144 865 respondit:

106 795 173 958 gon
200 881 298 951 potest
325 878 397 936 tanti
424 875 558 951 ponderis
590 893 653 935 esse
681 878 779 951 panis,
806 881 876 951 puto
902 875 980 951 quod
1002 892 1037 934 err
1057 878 1145 936 nimia

107 962 289 1040 simplicitate
309 961 389 1022 illum
402 962 562 1039 impleverit
581 961 734 1037 lapidibus.
776 961 943 1038 Apertoque
964 979 1057 1036 sacco,
1080 979 1145 1022 cum

107 1048 285 1109 thuribulum
321 1051 351 1107 in
390 1065 424 1108 eo
463 1051 630 1126 reperisset,
671 1054 700 1108 et
741 1049 836 1110 subito
881 1049 1005 1108 clamore
1043 1051 1143 1108 vicinis

107 1139 257 1196 inventum
296 1135 488 1212 prodidisset,
515 1139 654 1195 'accurrit
692 1134 832 1212 populus,
872 1139 995 1194 accurrit
1028 1135 1145 1196 taudem

109 1229 139 1283 et
156 1225 219 1299 ipsc
239 1220 441 1282 Mercedellus.
482 1223 648 1298 Requisitus
676 1221 712 1282 de
734 1239 820 1283 sacco
850 1225 930 1282 cuius
960 1229 1050 1298 esset,
1079 1239 1145 1282 cum

108 1311 220 1370 mentiri
241 1308 345 1384 nollet,
369 1309 529 1385 respoudit:
558 1309 666 1369 Saccus
688 1326 769 1368 meus
791 1316 866 1386 est„
879 1309 932 1369 scd
959 1309 1036 1384 quod
1057 1313 1087 1368 in
1109 1323 1143 1369 eo

23 1395 30 1404 “
108 1402 168 1471 cst,
204 1401 332 1456 vestrum
353 1403 405 1456 est
453 1397 517 1474 Ego
546 1395 723 1454 thuribulum
750 1397 859 1456 furatus
888 1413 946 1454 nou
976 1414 1056 1472 eum,
1083 1413 1143 1455 uon

108 1489 206 1543 mmcu
226 1483 317 1541 furem
337 1483 467 1558 prodam.
509 1483 547 1540 Et
568 1485 698 1542 recitavit
720 1485 761 1542 eis
782 1500 834 1559 per
855 1483 998 1559 ordinem,
1024 1483 1145 1558 qualiter

108 1568 147 1630 ad
169 1585 202 1630 se
217 1569 371 1644 devenerit,
395 1569 502 1644 etquid
523 1570 576 1628 luri
597 1572 765 1645 promiserit.
815 1569 986 1629 Dicentibus
1009 1570 1148 1630 eis:ch

109 1661 154 1717 est
167 1656 368 1731 Lombardiae,
390 1663 422 1714 ut
435 1656 482 1715 vel
495 1655 709 1733 furemprodas,
730 1655 862 1714 volturis
883 1673 1007 1732 poenam
1027 1658 1151 1734 subeas,

108 1742 270 1819 rospondit:
292 1743 327 1802 In
339 1743 472 1802 manibus
493 1745 594 1802 vestris
616 1761 692 1818 sum,
716 1742 794 1817 quod
814 1745 920 1801 iustum
942 1752 986 1803 est
1005 1743 1089 1803 tacite
1111 1744 1148 1804 de

108 1847 166 1890 mo.
207 1828 255 1888 Illi
275 1831 329 1890 sibi
345 1832 507 1905 prospicere
527 1828 672 1904 volentes,
692 1829 836 1888 hominem
857 1829 1017 1888 Ferrariam
1039 1830 1148 1890 ducen-

109 1924 163 1992 tes,
183 1917 325 1976 Potestati
346 1916 524 1990 obtuleruut,
546 1933 645 1976 casum
666 1921 866 1992 exposuerunt,
887 1919 1065 1976 innocentiae
1087 1920 1149 1977 eius

109 2020 146 2064 ao
172 2002 346 2078 simplicitati
373 2005 566 2062 testimonium
592 2004 701 2063 bonum
732 2003 922 2079 perhibentes.
965 2002 1059 2078 Quem
1082 2021 1148 2064 cum

7 2157 9 2166 ,
109 2089 198 2150 iudex
225 2089 360 2177 inducere
380 2107 439 2150 non
466 2096 572 2166 posset,
592 2095 625 2148 ut
644 2091 736 2148 iurem
756 2090 922 2166 publicaret,
945 2079 1059 2165 capitali
1079 2108 1148 2150 sen·
1185 2134 1208 2187 ι

110 2179 201 2238 tentia
215 2194 302 2252 super
318 2193 384 2236 eum
402 2173 507 2255 data1),
528 2182 595 2236 ante
611 2178 686 2236 iores
708 2179 822 2236 maioris
845 2176 982 2236 ecclesiae
1009 2184 1147 2252 tanquam

110 2262 253 2342 sacrilegii
279 2281 345 2323 reus
374 2263 532 2324 decollatus
567 2268 619 2323 est
674 2263 761 2323 Cuius
796 2281 900 2339 corpus
928 2280 946 2321 a
974 2264 1147 2339 quibusdam

109 2353 141 2410 iu
163 2349 266 2410 eodem
286 2349 351 2410 loco
373 2350 516 2426 sepultum
538 2357 589 2410 est.
630 2350 722 2412 Nocte
744 2353 874 2426 sequenti
902 2368 969 2410 cum
1004 2351 1147 2426 quaedam

110 2437 262 2513 religiosae
273 2443 421 2497 matronae
436 2439 557 2498 civitatis
578 2436 616 2496 ad
638 2437 788 2497 ecclesiam
809 2443 924 2513 propter
944 2441 1147 2498 matutinarum

111 2523 262 2584 sollemnia
281 2526 362 2598 irent,
382 2526 584 2600 venissentque
601 2523 641 2584 ad
660 2524 802 2584 turbulam
823 2527 892 2599 eius,
914 2532 1015 2585 cantus
1036 2525 1148 2602 angeli·

7 2613 9 2624 ’
111 2627 165 2673 cos
183 2611 249 2670 illic·
261 2611 427 2686 audierunt,
455 2628 552 2672 cereos
573 2611 705 2671 ardentes
726 2611 873 2685 viderunt,
892 2613 1008 2688 insuper
1029 2619 1057 2671 et
1077 2629 1148 2672 sua-

111 2699 222 2760 vissimi
243 2697 339 2764 odoris
358 2698 538 2775 flagrantiam
545 2695 566 2778 ²)
588 2691 746 2758 senserunt
789 2698 875 2774 Quod
893 2699 1098 2759 cumsecunda
1115 2705 1149 2778 et

111 2787 200 2846 tertia
218 2791 303 2844 nocte
322 2784 434 2859 plenius
456 2785 674 2861 comperislent,
704 2801 892 2860 quaecunque
924 2786 1073 2846 audierant
1100 2785 1148 2846 vel

112 2871 260 2947 viderant,
281 2883 333 2932 seu
355 2867 469 2951 etiam³)
492 2876 648 2946 senserant,
675 2872 819 2948 Episcopo
841 2874 963 2932 civitatis
983 2873 1148 2932 retulerunt

113 2958 174 3036 Qui
196 2975 263 3019 oum
284 2964 361 3018 esset
380 2961 424 3018 vir
443 2959 606 3036 religiosus,
630 2959 772 3035 aliquibus
793 2976 893 3018 secum
913 2962 1061 3035 assumtis,
1083 2977 1150 3020 oum

82 3040 89 3052 '
112 3052 201 3106 nocte
222 3052 324 3122 quarta
345 3062 408 3105 cese
429 3047 478 3120 ita,
499 3051 532 3106 ut
539 3043 560 3125 ⁴)
582 3045 715 3105 mulieres
730 3045 868 3120 dixerant,
889 3050 1080 3122 experimento
1103 3046 1149 3105 di-

113 3131 245 3207 olcisset,
266 3149 352 3208 super
372 3132 514 3192 tumulum
534 3132 657 3193 hominis
676 3132 734 3191 Dei
754 3131 903 3192 basilicam
923 3134 1055 3194 fabricari
1074 3135 1149 3208 lecit,

113 3225 146 3281 et
180 3218 254 3278 fiunt
282 3220 323 3278 ibi
350 3219 487 3280 muacula
517 3235 609 3296 usque
630 3221 659 3278 in
680 3218 849 3280 hodiernum
871 3219 947 3280 diem
968 3221 1007 3280 ad
1033 3214 1149 3281 laudem

113 3307 239 3368 nominis
262 3305 375 3366 Christi

132 3613 166 3684 1)
185 3609 206 3666 Β
225 3613 360 3681 capitali
379 3626 563 3680 supereum
580 3613 653 3666 data
671 3611 884 3678 sentcntia,0
901 3613 1040 3682 capitali
1060 3625 1153 3680 super

187 3697 257 3734 curn
276 3685 441 3736 sententia
459 3682 543 3735 data.
556 3713 589 3722 —-
602 3684 634 3751 2)
652 3683 751 3737 codices
770 3683 891 3736 fluctuant
909 3686 976 3736 inter
1004 3683 1153 3752 fragran-

187 3753 246 3815 tia,
273 3753 466 3875 iraplantia,
493 3752 675 3821 flagrantia.
702 3784 732 3795 —
756 3753 788 3822 3)
807 3753 827 3806 Β
845 3752 1011 3816 viderant,
1040 3751 1153 3804 audie-

188 3828 264 3872 rant
286 3837 324 3875 νο
344 3861 352 3886 ,
375 3823 395 3876 G
418 3821 604 3888 audierant,
625 3811 779 3880 &iderant
801 3822 850 3876 vel.
886 3823 943 3876 llox
960 3823 1025 3877 not>
1042 3835 1155 3873 seuse-

190 3897 271 3941 runt.
290 3921 321 3931 -
340 3893 373 3961 4)
390 3892 412 3945 D
429 3894 473 3944 ita
491 3908 562 3945 esec
578 3901 626 3960 ut,
641 3893 663 3946 B
680 3894 728 3945 ita
746 3907 818 3946 esso
837 3894 930 3947 sicut.

847 3965 896 4040 17
