2642 4330
162 229 223 287 ars
474 225 703 289 nrsrrucrro
726 226 877 304 eumer

165 348 281 424 quando
303 355 332 408 te
353 348 488 409 vocavit?
521 349 681 427 Respondit
698 349 833 410 daemon:
856 349 982 410 Tantum
1002 364 1038 408 ex
1057 347 1106 408 illa
1119 356 1205 426 parte

161 438 249 496 maris
269 436 325 509 lui,
356 443 502 511 quantum·
522 438 560 496 ab
590 437 646 497 hoc
666 437 730 498 loco
753 437 840 498 distat
860 453 952 512 usque
973 435 1012 496 ad
1032 452 1121 496 mare.
1166 437 1206 496 Et

162 521 227 582 ideo
249 524 356 582 iustum
377 529 437 598 est,
458 531 491 583 ut
511 525 541 583 in
562 523 659 600 aliquo
680 541 797 586 munere
818 524 964 583 laboribus
986 525 1057 583 meis
1079 539 1205 599 respon·

164 608 241 670 deas.
284 607 337 668 Cui
358 610 452 670 miles:
476 610 638 687 Quidvis?
668 611 828 687 Respondit
845 610 907 670 ille:
928 609 1004 669 Volo
1019 616 1049 670 ct
1068 627 1151 686 rogo,
1173 617 1206 670 ut

162 696 215 760 des
236 696 304 754 milri
325 696 472 773 palliolum
489 695 505 776 ¹)
528 705 618 757 tuum.
660 698 784 757 Dicente
805 697 909 772 milite,
940 714 999 756 non
1027 698 1079 756 tibi
1108 696 1205 772 dabo,

162 785 295 860 poposcit
316 783 470 861 cingulum,
492 784 594 844 deinde
617 801 702 844 ovem
723 802 812 844 unam
834 783 870 843 de
891 801 987 861 grege.
1031 782 1114 859 Quae
1138 801 1206 846 cum

161 872 258 930 omnia
285 877 418 946 negaret,
448 874 603 932 novissime
634 871 743 948 gallum
772 870 874 930 domus
904 873 964 930 eius
994 872 1103 946 petius
1151 870 1205 930 Cui

162 974 228 1016 cum
250 956 364 1033 diceret,
386 958 455 1034 quid
476 975 549 1034 opus
571 959 661 1018 habes
682 958 759 1035 gallo
781 957 869 1017 meo?
896 956 1042 1033 respondit
1063 956 1203 1016 daemon:

162 1043 202 1104 Ut
224 1051 320 1105 cantet
340 1045 417 1104 mihi.
459 1045 498 1102 Et
517 1045 581 1106 ille:
603 1040 754 1121 Quomodo
770 1062 887 1122 caperes
910 1043 999 1104 eum?
1042 1043 1205 1121 Respondit

163 1133 265 1190 iterum
296 1131 433 1192 daemon:
462 1131 529 1191 Non
550 1117 705 1192 solliciteris
728 1131 854 1206 dehoc,
882 1137 914 1190 tu
935 1136 1047 1189 tantrnn
1074 1129 1113 1190 da
1135 1131 1206 1190 milri

160 1217 248 1277 illum.
292 1218 374 1277 'lune
402 1218 496 1277 miles:
530 1218 593 1295 Ego
622 1218 692 1277 nihil
721 1217 797 1277 dabo
826 1218 887 1277 tibi.
925 1217 967 1276 let
995 1217 1113 1277 adiecit:
1148 1218 1205 1280 Die

163 1305 247 1379 mihi,
279 1304 355 1364 unde
377 1305 493 1364 esttibi
514 1311 595 1364 tanta
615 1304 755 1365 scientia?
798 1305 879 1363 Dixit
900 1304 1038 1364 daemon:
1069 1304 1150 1364 Nihil
1171 1304 1205 1362 tit

161 1391 229 1452 mali
256 1393 286 1449 in
314 1391 435 1466 mundo,
469 1391 547 1467 quod
576 1409 623 1451 me
650 1393 747 1452 lateat.
789 1392 827 1451 Et
855 1397 887 1450 ut
913 1390 968 1450 hoc
997 1393 1072 1450 scias
1100 1409 1203 1452 verum

86 1535 88 1540 .
161 1495 234 1551 esse,
255 1494 323 1538 ecce
344 1481 374 1538 in
395 1478 445 1536 tali
468 1477 537 1538 villa
559 1485 589 1538 et
600 1478 621 1559 ²)
649 1481 679 1538 in
706 1479 756 1538 toli
778 1477 863 1538 domo
896 1479 1089 1554 virginitatem
1122 1485 1202 1538 tuam

160 1564 315 1641 perdidisti,
335 1566 375 1624 ibi
384 1561 404 1642 ²)
428 1572 457 1624 ct
477 1566 516 1624 ibi
535 1572 656 1641 peccata
677 1565 726 1624 illa
747 1572 777 1624 et
796 1565 846 1624 illa
868 1567 1041 1624 commisisti
1082 1565 1124 1624 Et
1144 1582 1202 1625 non

161 1653 254 1727 potuit
275 1652 469 1712 contradicere
490 1653 588 1727 miles,
622 1655 690 1728 quin
718 1669 819 1712 verum
841 1651 955 1711 diceret.
997 1650 1201 1712 NOVIOIUS:

162 1739 227 1798 Non
248 1746 334 1814 pute,
363 1741 432 1814 quin
454 1739 535 1799 miles
556 1738 710 1815 aliquando
733 1738 835 1798 eadem
857 1739 1003 1799 consessus
1023 1739 1108 1798 luerit
1129 1755 1202 1815 pec·

164 1832 237 1886 cata.
281 1825 432 1901 Quomodo
455 1843 522 1902 ergo
552 1829 624 1886 seire
652 1827 746 1902 potuit
774 1825 905 1885 diabolus
926 1824 1077 1886 consessa?
1123 1823 1200 1885 MO-

162 1911 336 1972 NAcHUS:
369 1912 444 1989 Quia
473 1931 539 1972 cum
566 1913 715 1973 voluntate
741 1915 844 1972 iterum
865 1912 1004 1988 peccandi
1025 1912 1108 1972 miles
1130 1929 1201 1972 eon-

162 2000 255 2060 fessus
281 2000 348 2075 fuit,
381 2000 485 2059 diaboli
506 2003 654 2060 scientiam
681 2003 710 2058 in
737 1999 816 2058 nullo
845 2002 953 2058 minuit
994 1998 1199 2060 NOVICIUS:

104 2091 107 2099 '
163 2086 263 2146 Placet
295 2087 371 2162 quod
394 2086 479 2162 dicis,
512 2089 579 2163 quia
607 2087 684 2146 idem
713 2086 816 2146 dixisse
837 2081 900 2166 te⁴)
929 2086 1024 2145 recolo
1045 2088 1074 2144 iu
1098 2085 1199 2146 distin·
1294 2101 1295 2122 ¹

164 2175 258 2233 ctione
279 2176 363 2232 tertia
384 2175 509 2251 capitulo
531 2180 621 2233 sexto.
664 2171 901 2233 MONAOHUS:
935 2171 1065 2248 Cumque
1088 2191 1199 2234 rursum

96 2263 105 2276 ⁸
164 2259 295 2320 diabolus
316 2262 412 2320 nescio
435 2261 503 2336 quid
524 2260 689 2336 postularet,
711 2266 739 2320 ct
760 2259 807 2320 ille
829 2259 897 2320 dare
910 2257 930 2338 ⁵)
952 2265 1092 2335 renueret,
1119 2252 1199 2336 quasi

163 2364 230 2407 eum
251 2363 350 2422 rapere
371 2347 458 2406 vellet
479 2354 509 2406 et
530 2347 694 2422 extrahere,
716 2364 833 2406 manum
855 2353 955 2406 contra
976 2363 1043 2426 eum
1064 2345 1200 2418 extendit,
1293 2407 1294 2414 χ

164 2440 250 2509 atquc
263 2436 292 2491 in
306 2439 418 2492 tantum
439 2435 545 2508 terruit,
567 2439 599 2492 ut
612 2441 766 2494 retrorsum
788 2433 894 2500 cadens
914 2432 1058 2493 clamaret.
1090 2432 1199 2494 Audita
1293 2429 1294 2471 ἓ

164 2523 224 2580 eius
245 2537 334 2594 voce,
366 2520 514 2597 Philippus
536 2523 671 2596 accurrit,
703 2523 733 2578 in
760 2523 841 2580 cuius
869 2520 995 2580 adventu
1027 2520 1199 2596 phantasma

162 2625 231 2667 mox
252 2607 397 2683 disparuit.
440 2607 488 2666 Ab
510 2607 559 2666 illa
579 2608 650 2668 hora
665 2608 746 2667 miles
767 2607 844 2667 idem
865 2624 978 2682 semper
993 2607 1118 2683 pallidus
1139 2607 1198 2677 luit,

163 2696 291 2754 nativum
314 2695 437 2754 colorem
459 2712 605 2767 nunquam
626 2697 813 2771 recuperavit,
834 2693 1012 2754 emendatius
1033 2695 1143 2768 vivens,
1171 2697 1198 2750 et
1292 2755 1293 2780 1

165 2779 319 2842 daemones
342 2798 404 2841 esse
427 2781 553 2842 credens.
596 2781 662 2840 Non
684 2787 728 2842 est
748 2781 806 2858 diu,
828 2779 906 2858 quod
928 2780 1078 2841 delirnctus
1100 2786 1151 2840 est.

525 2970 759 3033 CAPITULUM
779 2971 834 3031 111.

212 3097 259 3154 Dc
280 3095 438 3168 adeodate,
459 3097 512 3170 qui
527 3111 585 3169 pcc
606 3092 758 3152 diabolum
779 3111 800 3151 a
821 3095 930 3152 maculo
952 3100 1102 3153 attactus
1124 3099 1151 3150 et

392 3181 563 3257 confractus
586 3183 673 3239 tectio
695 3181 741 3238 dic
763 3187 900 3240 mortuus
922 3187 971 3239 est.

227 3320 338 3382 Eodem
359 3327 487 3395 tempore
508 3319 641 3378 sacerdos
663 3318 780 3394 quidam
802 3318 921 3379 stolidus
943 3318 1065 3379 cundem
1087 3316 1195 3390 Philip-
1267 3295 1269 3304 ¹

163 3424 233 3483 pum
255 3409 366 3484 rogavit
387 3412 474 3481 atque
495 3409 701 3481 remuneravit,
722 3411 756 3464 ut
777 3408 832 3466 sibi
853 3406 1007 3466 daemones
1029 3405 1194 3466 ostenderet

143 3493 191 3553 Ἀ
221 3511 366 3569 quocum
393 3493 508 3567 fuisset,
536 3494 622 3552 modo
645 3493 823 3569 supradicto,
855 3495 884 3552 in
912 3493 1017 3554 circulo
1038 3495 1147 3569 positus
1168 3491 1194 3544 et

163 3583 324 3654 instructus,
346 3599 364 3640 a
387 3578 500 3640 diabolo
520 3582 632 3640 territus
655 3588 684 3640 et
706 3587 849 3641 extractus
872 3587 924 3656 est,
946 3587 1033 3656 atque
1053 3582 1094 3639 ita
1114 3581 1192 3636 ante·

183 3730 213 3798 1)
230 3731 293 3784 sor
312 3730 451 3798 pallium.
472 3761 502 3771 -
522 3732 553 3800 2)
571 3741 603 3785 er
617 3727 669 3784 ‘om
688 3732 737 3786 ec.
757 3762 786 3772 -
816 3732 848 3801 a)
865 3732 907 3784 ne
926 3687 959 3782 er
984 3730 1037 3782 nn.
1056 3760 1088 3770 -
1106 3727 1137 3794 r)
1154 3719 1192 3774 cc

233 3809 265 3852 te
283 3800 424 3865 dixisse3
442 3802 516 3869 paulo
534 3812 593 3870 post
609 3804 640 3854 in
658 3818 698 3855 orn
717 3800 808 3856 scol.
829 3831 859 3842 -
879 3802 911 3870 5)
929 3801 1007 3853 dare
1023 3817 1064 3853 om
1082 3797 1110 3851 B.

1285 4021 1289 4261 l
