2628 4310
426 247 481 306 DE
503 245 785 308 MORIENTIBUS.
1063 249 1124 308 267

92 363 247 427 concludit:
270 367 328 428 Hic
349 370 445 427 iustus
467 375 516 441 est,
538 371 601 427 vito
623 371 707 440 vivet,
730 367 837 428 seilicet
851 373 976 443 aeterna,
998 371 1041 428 ott
1056 370 1124 429 Do-

90 456 187 512 minus
207 454 300 512 Deua.
342 453 389 514 De
410 454 485 514 male
507 457 637 528 vivente,
659 461 688 512 ot
709 454 784 514 male
806 456 942 516 moriente
963 472 1031 514 mox
1052 456 1124 515 sub·
1201 467 1206 480 ’

89 541 181 616 iungit
212 538 325 598 dicens:
356 541 490 618 Quodsi
511 544 644 616 pennati
666 542 813 600 latronem
835 540 1031 618 effundentem
1051 560 1125 602 ιαιι-

89 629 218 702 ριιίιιιιιις
239 629 411 686 enumeratis
425 624 520 686 multis
532 627 666 702 operibus
677 629 839 701 iniustitiae,
860 628 890 684 in
911 627 967 688 fine
985 630 1027 688 sic
1041 629 1123 690 dicit:

88 713 363 788 Numquidmivct?
384 713 456 772 Non
476 717 562 773 vivet
603 711 678 773 Gom
699 716 839 773 universo
859 714 931 772 hoco
952 714 1125 774 &testanda

86 799 196 875 fecerit,
217 806 313 859 morto
333 803 484 872 morietur,
507 800 616 860 scilieet
636 805 762 874 aeterna,
783 802 905 874 computo
926 803 987 859 eius
1008 805 1124 877 inipso

89 888 151 945 erit.
193 885 240 946 De
262 903 297 945 eo
319 883 446 966 autem¹)
469 888 518 961 qui
539 884 614 945 male
635 889 714 960 vixit,
737 892 766 945 et
786 885 908 946 finaliter
928 888 1062 962 poenitet,
1084 891 1125 949 sio

87 973 142 1032 ait:
163 971 196 1031 Si
218 979 318 1032 cutem
339 976 447 1050 inpius
470 977 560 1048 operit
576 975 791 1048 poenitentiam
813 971 851 1030 ab
873 972 1007 1032 omnibns
1020 992 1124 1048 pecco-

88 1062 124 1118 tis
145 1063 205 1118 outo
227 1077 305 1134 quoe
327 1066 467 1134 opuntem
489 1066 545 1131 eat,
568 1067 596 1118 ct
617 1059 787 1118 costodiunt
807 1061 947 1118 universo
965 1069 1125 1136 praecepto

86 1163 160 1219 meo,
183 1152 211 1204 et
230 1145 333 1221 fecerit
353 1145 496 1204 iodicium
518 1153 546 1204 et
566 1149 719 1218 iustitium,
741 1148 805 1204 vita
825 1147 911 1222 vivet,
934 1152 962 1204 ct
982 1163 1045 1204 non
1057 1164 1124 1206 mo-

85 1235 187 1291 rietur.
222 1232 363 1290 Omnium
384 1234 578 1306 iniquitatum
599 1235 660 1290 cius
683 1249 759 1307 quoa
773 1239 913 1306 opertum
936 1239 978 1290 oct
998 1249 1061 1291 non
1073 1252 1123 1292 rc-

86 1317 239 1378 o'ordobor.
278 1319 318 1377 In
338 1321 451 1377 iustitio
472 1335 530 1377 ouo
551 1336 644 1393 quom
666 1324 806 1393 operatua
828 1325 870 1376 cot
891 1321 976 1378 oinct.
1007 1317 1124 1379 NOVI·

86 1404 189 1465 CIUS:
210 1404 320 1482 Magna
341 1404 507 1464 consolatio.
549 1402 783 1464 MONAOHUS:
805 1403 870 1462 Non
891 1406 984 1462 minus
1000 1406 1123 1466 terribile

85 1498 129 1551 est
149 1491 227 1566 quod
239 1493 382 1566 sequitur:
405 1491 438 1549 Si
450 1498 550 1550 auam
565 1493 705 1550 averterit
725 1508 755 1549 oc
775 1493 870 1549 iustus
894 1509 913 1548 a
927 1494 1040 1550 iustitia
1056 1510 1121 1563 oua,

85 1584 113 1636 et
132 1578 235 1654 fecerit
255 1581 456 1654 iniquitatem,
485 1578 645 1636 secundum
667 1579 767 1636 omnes
796 1576 1029 1637 obooniuatiouoo
1052 1597 1123 1640 occas

85 1682 161 1740 quoa
183 1668 302 1739 operari
322 1665 395 1723 colat
415 1667 531 1738 impius,
552 1663 701 1738 numquid
720 1663 817 1722 vivet?
862 1663 970 1722 Omnes
991 1668 1122 1725 iustitiae

83 1755 146 1810 citu
168 1768 244 1826 quus
263 1750 384 1826 fecorat,
406 1767 468 1809 non
490 1749 737 1808 recordabuntur.
763 1750 802 1807 In
823 1756 942 1824 peceato
963 1768 1018 1809 cuo
1040 1754 1123 1827 quod

79 1841 221 1913 peccavit,
242 1841 386 1895 morietur
394 1833 425 1912 ²).
468 1837 571 1895 Petrus
593 1836 667 1896 bene
683 1837 754 1894 vixit
776 1842 805 1894 et
825 1837 899 1895 bene
920 1836 1020 1896 finivit.
1063 1838 1121 1915 Sy-

82 1942 152 1984 mon
180 1923 285 1998 Magus
315 1925 472 1982 econtrario
502 1922 577 1981 male
598 1924 670 1981 vixit
692 1928 720 1981 et
741 1922 816 1980 male
837 1922 936 1980 finivit.
979 1923 1066 1982 Latro
1091 1927 1120 1984 in

83 2027 169 2070 cruce
190 2010 265 2069 male
288 2010 403 2085 quidem
412 2007 432 2088 ³)
455 2012 573 2082 vixerat,
595 2009 646 2068 sed
658 2009 730 2068 bene
742 2011 958 2068 consummavit.
1001 2010 1121 2088 Nycho-

82 2098 147 2156 laus
176 2096 289 2156 advena
318 2095 442 2156 creditur
468 2098 546 2172 prius
569 2097 642 2154 bene
664 2097 784 2169 vixisse,
814 2095 865 2155 sed
887 2103 944 2154 non
965 2096 1042 2156 bono
1064 2098 1120 2159 fine

84 2182 232 2243 conclusit.
274 2181 478 2243 NOVICIUS:
501 2182 597 2258 Quare
619 2182 687 2241 boni
709 2183 798 2256 bene,
820 2188 849 2241 et
869 2182 937 2240 mali
959 2183 1033 2264 male
1055 2202 1120 2244 mo-

82 2273 206 2346 riantur,
235 2272 365 2345 quaestio
388 2269 456 2327 mihi
478 2269 557 2328 nulla
586 2275 644 2344 est;
678 2285 765 2343 quare
788 2273 885 2328 autem
906 2268 954 2328 diu
970 2271 1051 2329 vbene
1073 2274 1120 2330 vi-

83 2362 185 2418 ventes
206 2375 263 2416 non
284 2363 475 2432 perseverent,
497 2361 526 2414 et
548 2354 596 2413 diu
618 2354 692 2414 male
714 2357 843 2415 viventes
864 2357 940 2415 bono
963 2355 1019 2416 fine
1034 2357 1120 2418 deco-

82 2444 162 2519 dant,
183 2460 269 2503 nosse
290 2443 404 2502 vellem.
446 2440 682 2502 MONACHUS:
704 2441 769 2500 Non
791 2459 855 2501 sum
877 2441 965 2501 Chusi
987 2444 1121 2504 consiiia-

81 2533 142 2591 rius
164 2529 270 2590 David.
314 2529 385 2605 Quis
407 2531 482 2588 eninr
504 2531 585 2588 novit
605 2545 722 2588 sensum
743 2528 868 2603 Domini,
890 2534 941 2588 aut
963 2531 1027 2605 quis
1049 2548 1121 2591 con-

82 2619 204 2678 siliarius
234 2619 295 2676 eiua
323 2613 424 2694 fuit⁴)?
467 2611 672 2674 NOVICIUS:
702 2614 785 2691 Quae
808 2621 852 2674 est
872 2632 949 2674 mors
970 2617 1062 2693 bona,
1092 2626 1121 2678 et

82 2721 160 2779 quae
183 2709 227 2762 est
247 2717 323 2760 mors
345 2701 443 2760 mala?
465 2699 702 2760 MONAGHUS:
726 2701 782 2778 Qui
803 2704 832 2760 in
855 2705 971 2762 carita-te
994 2703 1126 2780 decedit,

82 2807 136 2866 per
164 2789 261 2846 lumen
284 2791 344 2847 eius
364 2787 474 2846 videbit
494 2788 592 2846 lumen
614 2792 771 2847 aeternum.
814 2789 890 2848 Hinc
912 2796 956 2849 ast
977 2791 1054 2864 quod
1075 2792 1121 2852 fo-

28 2903 31 2908 r
82 2872 153 2954 ris⁵)
183 2875 334 2932 morientes
362 2873 458 2932 lumen
487 2874 590 2933 ardens
622 2881 719 2933 tenent
739 2877 769 2933 in
789 2876 930 2934 manibus.
974 2875 1031 2952 Qui
1052 2895 1121 2939 vero

82 2964 147 3021 sine
177 2961 295 3019 caritate
323 2963 453 3034 moritur,
482 2963 610 3019 mittetur
637 2963 668 3017 in
696 2963 828 3021 tenebras
850 2965 1013 3022 exteriores.
1055 2963 1121 3024 Una

82 3051 161 3110 enirn
183 3047 331 3121 sententia,
350 3048 443 3120 pmnis
456 3046 529 3106 haec
544 3045 692 3104 diversitas
705 3047 896 3108 concluditur:
920 3050 1054 3126 Quotam,
1075 3055 1122 3110 in-

82 3138 155 3212 quit,
177 3137 363 3207 teinoencro,
386 3134 475 3191 tatem
498 3141 524 3192 to
538 3132 683 3191 iudicabo·
714 3132 916 3194 NOVIUIUS:
938 3135 1123 3198 satisfactum

82 3223 154 3282 mihi
175 3221 267 3280 fateor
287 3238 339 3295 per
360 3221 530 3294 sententiam
554 3236 630 3277 nunc
644 3236 746 3294 precor
766 3227 799 3279 ut
812 3221 944 3298 exempla
957 3224 1124 3302 subiungas.

82 3305 321 3369 MONACHUS:
343 3307 461 3366 Faciam
484 3305 561 3381 quod
583 3304 713 3381 hortaris,
735 3313 764 3366 et
783 3307 840 3367 hoc
862 3309 1020 3368 secundum
1044 3311 1124 3370 ordi-

81 3413 151 3458 nem
187 3393 375 3470 praedictum.
427 3393 520 3468 Quam
549 3395 674 3467 pretiosa
702 3396 739 3452 sit
765 3396 794 3452 in
824 3402 980 3470 conspectu
1007 3397 1125 3458 Domini

82 3501 163 3544 mors
192 3487 357 3540 sanctorum
387 3481 461 3553 eius,
491 3485 540 3546 et.
547 3496 623 3538 mors
644 3487 829 3555 peccatorum
850 3497 937 3556 quam
957 3482 1126 3565 pessimi),

82 3571 216 3630 subiecta
239 3551 425 3626 declarabunt
414 3563 451 3645 t⁷)
475 3565 613 3640 exempla.

103 3670 135 3736 1)
154 3675 259 3718 autern
278 3665 420 3718 ornB.'-
439 3663 471 3728 2)
487 3663 578 3715 Erech
599 3663 691 3716 18.-
661 3663 933 3732 -aJBcFmtro
952 3665 1102 3734 quidem·
1094 3684 1126 3719 ιιι

155 3753 253 3788 cruce
277 3735 423 3786 male.-
444 3733 1128 3800 tJRom.11‚34.-'5)1nsaecu10.Contvn,

156 3807 250 3888 21-
269 3805 301 3873 6)
320 3804 383 3856 Psoi.
405 3803 464 3866 115,
483 3802 523 3854 15.
542 3803 585 3868 33,
603 3803 646 3854 22.
666 3831 697 3842 —-
717 3804 748 3872 7)
765 3803 788 3860 Β
807 3803 986 3865 declarant.
