2654 4308
316 337 322 356 ·
366 314 421 374 11
441 309 627 374 numnam
646 259 883 374 vrsromsos.
970 295 981 308 “
1067 309 1151 376 mr

114 439 181 514 sito,
201 433 349 496 dammam
369 435 406 495 de
426 431 549 515 1111111)
573 436 681 496 elersen
746 473 747 476 =
784 433 865 493 vidit
896 431 1027 492 Vocatur
1046 433 1154 518 enlm')

105 523 297 599 willielmus,
318 529 418 598 estque
433 521 570 582 sacerdos
590 521 705 598 religios
742 563 749 596 ,
770 521 816 580 eui
837 518 928 579 multe
947 519 1083 590 dirmitrts
1105 539 1153 584 re·

54 685 56 690 ,
114 611 256 672 velantur.
300 608 356 686 Qui
383 609 468 669 (111111
496 610 658 683 mabrtlnis,
686 607 833 667 dmninum
861 605 993 684 Sigerum
1026 608 1154 672 Priorem

115 697 195 774 adiit,
215 696 336 772 etquid
358 695 394 756 de
413 695 500 756 iratro
514 694 648 756 Johanne
669 694 773 754 viderit
791 696 932 769 exposuit.
976 693 1070 770 Quem
1091 704 1153 758 sta-

114 788 168 846 tim
198 785 316 845 vocant
342 779 451 862 Paos)
473 781 586 842 dicens:
607 781 663 840 Die
685 781 754 840 nulii
781 781 857 840 bone
882 781 970 840 frater
989 781 1153 862 Jobaonos,

116 871 186 949 quid
216 871 347 947 cogitasti
373 871 404 928 in
429 869 580 945 laudibus,
607 867 722 944 quando
744 867 910 926 inchoatum
932 872 976 926 est
996 872 1154 947 canticum,

115 959 294 1019 Benedictus
315 958 466 1016 Donamus
485 958 569 1015 Deus
590 953 708 1014 Israel?
730 953 783 1012 Oui
803 952 852 1034 ille
873 953 1030 1029 respondit:
1051 955 1155 1018 Orodi-

115 1053 146 1106 te
159 1045 231 1104 mibi
243 1043 365 1118 domine,
385 1059 442 1120 ego
465 1045 598 1120 cogitavi
619 1043 642 1101 si
661 1058 738 1100 esses
760 1043 790 1099 in
810 1040 907 1115 coelis,
928 1057 986 1100 vox
1006 1047 1057 1102 tua
1078 1061 1155 1104 nuu-
1209 1067 1213 1074 ·

116 1147 206 1208 quam
234 1135 428 1204 rancesceret,
457 1135 487 1190 et
514 1145 628 1204 semper
654 1127 751 1187 Deum
778 1127 912 1186 laudares
942 1143 1009 1186 cum
1038 1131 1155 1208 angelis.

116 1219 156 1278 Et
177 1219 273 1278 Prior:
293 1216 374 1293 Quid
394 1215 521 1276 habuisti
541 1218 571 1274 in
591 1214 676 1274 corde
696 1213 770 1274 inira
790 1217 878 1274 istum
898 1213 1086 1276 versiculum:
1114 1219 1155 1279 st

117 1313 153 1366 to
176 1323 257 1381 puer·
277 1303 431 1380 Propheta
451 1304 595 1362 Altiesimi
613 1300 785 1361 ooeoberrb?
813 1299 862 1360 Ad
882 1300 962 1376 quod
983 1304 1086 1362 iterum
1106 1321 1156 1366 re-

117 1391 248 1469 spondit:
276 1390 323 1449 Ita
343 1401 498 1450 aomnsum
520 1394 564 1448 est
585 1405 634 1448 cor
654 1405 751 1447 meum
772 1389 801 1446 in
821 1385 894 1447 hora
914 1387 963 1448 illa
983 1387 1021 1448 ad
1042 1407 1155 1453 memo-

116 1475 222 1558 riam⁴)
245 1479 337 1536 sancti
357 1475 501 1537 Johannis
521 1491 608 1551 quern
629 1473 715 1534 valde
737 1473 841 1551 diligo,
860 1480 894 1532 ut
914 1477 964 1533 vix
984 1493 1031 1536 me
1052 1495 1156 1555 capere

118 1582 236 1644 possem
254 1581 323 1640 prae
344 1563 460 1640 gaudio.
501 1561 541 1620 Et
561 1563 696 1638 cognovit
683 1561 799 1620 tPrior
819 1559 896 1637 quod
916 1562 1033 1623 flamma
1053 1565 1155 1626 eadem

92 1655 234 1756 signum
261 1651 362 1710 luisset
387 1649 629 1708 vehementissimi
658 1649 763 1707 amoris
792 1647 828 1706 de
854 1647 939 1708 corde
968 1648 1157 1713 adolescentis

119 1757 149 1798 m
179 1737 292 1798 coelum
319 1734 508 1796 ascendentis.
550 1733 637 1794 Anno
666 1735 819 1810 praeterito
843 1737 915 1794 visio
937 1735 1009 1796 haec
1031 1756 1050 1798 a
1070 1757 1155 1816 praa-

120 1826 196 1885 dicto
210 1825 309 1884 Priore
330 1815 517 1884 Claraevullrs
537 1822 629 1882 Priori
650 1820 685 1881 de
700 1819 831 1880 Claustro
851 1823 971 1883 recitata
992 1829 1044 1900 est,
1064 1843 1083 1886 a
1099 1843 1157 1903 quo

121 1929 176 1990 ego
197 1908 276 1970 illam
291 1909 392 1970 didici

493 2095 727 2159 CAPITULUM
750 2095 786 2156 L.

174 2221 251 2282 Item
273 2221 309 2280 de
328 2220 547 2292 conatumque·
566 2218 695 2282 desdam
715 2218 926 2278 Praeconem
949 2219 1099 2284 (1111111111

183 2357 305 2421 Retulit
320 2359 390 2419 mihi
418 2357 534 2420 domins
562 2354 780 2438 Irmingardis⁸)
821 2359 958 2434 magistra
993 2359 1029 2422 de
1057 2361 1156 2426 Insula

117 2449 210 2510 sensti
231 2445 374 2525 Nyeholai
395 2463 471 2506 anno
489 2448 641 2523 praeterito
663 2445 813 2506 cuiusdam
839 2447 1061 2509 sanctimonialis
1081 2451 1156 2513 bene

117 2535 175 2596 sibi
204 2540 291 2594 notae
312 2533 617 2596 miramdilectionem
638 2549 707 2609 erga
728 2531 906 2608 praedictum
926 2532 1045 2594 Domini
1065 2537 1157 2599 Prae.

119 2637 274 2683 cursorem.
316 2620 386 2681 Plus
394 2617 416 2701 6)
439 2621 570 2680 omnibus
588 2622 694 2680 sanctis
714 2619 795 2680 illum
816 2618 921 2679 dilexit.
963 2620 1024 2683 Nec
1045 2625 1157 2688 suffecit
1213 2617 1223 2668 ’·

119 2711 147 2770 ei
176 2707 212 2768 de
239 2707 288 2767 illo
317 2709 458 2786 cogitare,
485 2705 566 2766 illum
587 2708 731 2783 obsequiis
754 2711 783 2766 et
804 2707 979 2768 orationibus
1000 2710 1157 2788 honorare,

119 2795 320 2858 consororibus
332 2793 407 2853 illius
420 2796 634 2871 praerogativas
647 2791 821 2869 praedicare,
842 2795 910 2872 quin
923 2796 1009 2856 ctiam
1030 2798 1069 2858 ad
1087 2817 1156 2876 per-

57 2960 61 2966 ,
84 2955 89 2962 ,
118 2881 294 2961 petuandam
308 2883 368 2940 eius
381 2883 549 2940 memoriam
564 2879 773 2940 versificaretur
790 2879 827 2938 de
849 2882 909 2940 eius
930 2887 1158 2964 annunciatione,

118 2971 283 3044 nativitate,
318 2973 347 3027 et
374 2967 480 3044 gaudio
507 2973 667 3044 parentmn
715 2965 856 3026 Litterata
881 2968 1022 3058 siquidem
1049 2972 1157 3051 luerat,

119 3061 150 3118 et
169 3055 235 3116 ideo
255 3055 387 3115 versibus
407 3056 542 3131 prosequi
563 3052 686 3129 studuit,
709 3053 844 3130 quicquid
866 3052 902 3122 de
921 3048 996 3116 illiu's
1017 3061 1156 3122 sanctita-

117 3150 149 3204 te
169 3142 287 3220 legerat.
329 3139 438 3202 Omnes
453 3143 539 3201 etiam
555 3155 693 3217 personas
714 3139 875 3200 saeculares
897 3159 962 3202 cum
984 3145 1088 3220 quibus
1109 3148 1156 3208 lo-

119 3227 278 3307 quebatur,
305 3230 416 3287 monuit
445 3234 473 3287 et
500 3229 627 3304 rogavit,
648 3231 682 3286 ut
708 3225 813 3286 liberos
834 3243 902 3288 suus
922 3229 1086 3293 Johaunem
1107 3236 1155 3296 vel

118 3315 289 3376 Zachariam
308 3315 496 3389 nominarent,
515 3314 634 3374 feminas
655 3329 724 3373 vero
737 3313 895 3373 Elisabeth.
939 3315 1068 3395 Cumque
1089 3339 1155 3382 mo·

118 3405 208 3463 ritura
236 3407 327 3476 esset,
300 3400 508 3488 tJohanncs
536 3400 695 3460 monachus
724 3399 759 3460 de
782 3399 913 3460 Olausbo
935 3420 1000 3463 eam
1021 3409 1174 3469 visitavit‘

118 3490 277 3565 Scioneque
293 3491 353 3548 eius
375 3489 509 3547 affectum
531 3489 607 3547 circa
627 3492 758 3546 sanctum
771 3485 943 3564 Johannem,
964 3493 1019 3551 ait:
1043 3493 1155 3556 Mater-

118 3583 190 3652 tera,
212 3591 284 3636 curn
297 3573 406 3635 fueritis
428 3573 575 3648 defuncta,
598 3572 712 3650 qualem
733 3575 850 3632 missam
871 3575 958 3636 vultis
979 3585 1011 3638 ut
1031 3583 1155 3656 primum

119 3669 234 3725 cantem
254 3679 306 3738 pro
320 3663 416 3724 anima
436 3666 542 3735 vestra,
561 3676 613 3735 pro
631 3659 770 3720 defunctis
790 3677 828 3720 an
850 3659 886 3722 de
907 3671 1007 3725 sancto
1020 3667 1155 3730 Johanne

138 3812 170 3881 1)
188 3811 209 3864 B
233 3812 367 3894 vertice.
388 3809 514 3896 123⁶
537 3817 650 3893 autem.
669 3788 701 3850 ’-
720 3811 817 3932 12110
841 3809 933 3866 Prior
958 3819 1102 3870 vocarit.
1121 3849 1153 3859 -

190 3879 252 3946 4)Β
269 3895 299 3933 ιιι
315 3878 588 3946 memorre.-5)B
606 3879 723 3934 llrobur
749 3895 785 3934 rr.
803 3909 836 3920 -—
855 3881 916 3950 6)ss
934 3879 1008 3952 plus
1026 3888 1116 3940 enim.

820 3993 826 4004 ·
873 3958 896 4030 6
