2622 4322
438 287 489 350 Dc
509 289 774 352 ΤΕΝΤΑΤΙΟΝΕ.
890 341 894 354 ,
1066 293 1123 351 181

426 479 656 544 carnutum
681 479 777 564 axe)

143 599 181 660 ae
199 603 303 662 dertcte
326 601 452 679 eapabe
471 603 669 678 cantantibus,
692 621 821 680 qaorum
842 621 926 664 acces
948 603 1083 664 diabatae

470 693 502 750 ia
522 707 641 750 caecam
663 695 749 750 mitit.

158 824 290 903 Tempore
321 827 449 903 quodam
478 829 586 889 clericis
614 829 786 905 quibusdam
805 828 836 888 in
857 829 979 889 ccclesia
1000 829 1126 904 quadam

112 912 368 990 sacomaritortiter,
390 915 421 974 id
442 922 493 990 est,
515 916 650 990 clamose,
671 933 739 986 non¹
752 915 863 990 devote,
885 916 1075 991 cantantibus,
1096 924 1126 976 et

109 1014 178 1058 noces
197 1001 389 1062 tumulmosas
408 1004 439 1060 in
459 1003 580 1062 sublime
601 1001 779 1084 tollentibus,
808 1002 880 1064 vidit
899 1001 987 1062 homo
1006 1003 1126 1078 quidam

108 1083 248 1163 religiosus,
276 1091 328 1164 qui
354 1089 428 1148 forte
448 1095 516 1148 tunc
545 1089 635 1163 alluit,
656 1089 800 1165 quendam
819 1089 990 1158 daemomm
1011 1092 1040 1147 iu
1060 1089 1126 1150 loco
1240 1167 1245 1177 ι

35 1235 36 1249 2
106 1173 262 1233 eminentiori
284 1181 433 1250 stantem,
461 1192 578 1235 saccum
606 1193 743 1252 magnum
764 1182 804 1236 et
824 1175 943 1252 lougu'm
962 1177 992 1234 in
1013 1177 1127 1236 siuistm

105 1272 177 1317 nanu
207 1267 321 1337 tencre,
350 1264 400 1337 qui
425 1265 600 1322 cantantium
630 1279 718 1322 voces
752 1262 868 1322 canera
894 1262 980 1321 latius
1009 1268 1127 1322 extensa

105 1347 233 1423 capiebat,
261 1355 352 1424 atquc
380 1350 410 1406 in
439 1349 562 1408 eundem
589 1365 706 1408 saccum
736 1350 877 1408 mittebat
923 1348 984 1408 Illis
1012 1349 1126 1424 expleto

104 1439 176 1491 cantu
187 1434 259 1494 inter
275 1452 308 1494 se
322 1435 518 1511 gloriantibus,
540 1442 678 1512 tanquam
692 1439 740 1511 qui
761 1437 835 1495 bene
858 1441 886 1494 et
906 1435 1015 1496 fortiter
1027 1435 1125 1496 Deum

103 1515 264 1596 laudassent,
286 1522 434 1598 respondit
447 1522 501 1598 ille,
523 1525 572 1598 qui
583 1522 694 1582 viderat
705 1518 721 1603 ¹)
735 1525 892 1582 visionem:
913 1522 994 1582 Bene
1009 1522 1124 1598 quidem

104 1610 238 1684 erasm,
260 1608 314 1668 scd
342 1625 460 1668 saccum
481 1609 598 1684 plenum
620 1611 764 1668 cantastis.
806 1609 977 1668 Mirantibus
998 1609 1066 1684 illis,
1096 1615 1125 1668 et

102 1691 336 1770 interrogantibus
349 1711 400 1754 cur
420 1694 476 1754 hoc
498 1695 614 1770 diceret,
635 1697 775 1755 visionem
796 1697 837 1755 cis
859 1697 999 1771 exposuit.
1040 1694 1125 1756 Haec

33 1779 34 1786 ’
102 1777 160 1855 mihi
178 1782 273 1840 retulit
285 1782 396 1841 Abbas
414 1781 517 1860 ordinis
529 1782 732 1858 cisterciensis,
753 1784 797 1842 vir
817 1799 946 1841 summae
968 1783 1125 1860 gravitatis.

33 1854 35 1947 l
102 1861 146 1922 llis
165 1867 299 1944 exemplis
327 1886 387 1927 noa
408 1868 622 1945 reprehenditur
630 1866 651 1949 ²)
673 1868 795 1929 devotus
818 1868 938 1944 clamor,
965 1886 1022 1944 quo
1042 1868 1126 1928 Deus

33 1950 34 2000 ἶ
103 1947 222 2013 laudatur
245 1957 275 2013 in
308 1961 397 2014 cantu
425 1961 453 2014 et
485 1955 661 2031 psalmodia,
689 1955 741 2015 sed
769 1962 880 2015 tautum
906 1957 997 2025 inanis
1025 1954 1125 2031 gloria.

33 2005 34 2062 ¹
102 2033 207 2100 Memini
226 2041 404 2117 Prophetam
425 2041 545 2101 dixisse:
575 2041 711 2102 Otrmtbo
734 2049 761 2102 et
788 2041 948 2102 taanotabo
969 2045 1002 2100 ia
1024 2040 1125 2100 taber-

33 2146 34 2157 *
103 2127 198 2186 cacata
210 2131 269 2188 citae
281 2129 411 2188 bostiam
424 2128 650 2204 vociferationis,
671 2128 799 2188 cantabo
813 2136 841 2189 ct
853 2129 1005 2204 psalmam
1027 2128 1125 2186 dicam

103 2209 259 2292 Doratao³).
305 2214 452 2291 Quantum
485 2217 512 2274 ei
540 2215 645 2276 devota
665 2210 811 2294 placeat)
843 2232 949 2274 vocum
976 2214 1125 2290 exaltatio,

103 2300 163 2358 satis
187 2301 283 2360 audies
311 2304 344 2359 in
365 2303 496 2376 sequenti
516 2301 695 2363 distinctione
716 2301 840 2378 capitulo
863 2303 970 2376 quinto.
1012 2300 1124 2361 Ibidem

32 2412 33 2416 =
104 2382 222 2464 breniae,
243 2394 386 2463 quantum
403 2404 439 2447 ex
458 2388 514 2448 hoc
536 2389 691 2448 daemones
712 2389 860 2462 laetentur,
882 2391 907 2446 si
927 2390 987 2446 sine
1008 2386 1125 2451 hnmili-

104 2473 154 2530 tate
181 2475 208 2532 in
237 2474 405 2550 psalmodia·
427 2491 515 2534 voces
543 2475 710 2535 exaltentur.
752 2475 832 2534 Audi
858 2491 935 2534 nunc
962 2475 1124 2551 exemplum

104 2559 162 2618 satis
181 2561 301 2622 terribile
324 2560 362 2620 de
382 2563 508 2638 superba
529 2569 557 2622 ct
578 2563 718 2622 lucrativa
738 2561 959 2639 praedicatione.
1007 2578 1009 2582 ’

377 2761 381 2772 ’
461 2751 692 2814 CAPITULUM
713 2753 754 2812 X.

145 2871 188 2930 Dc
206 2874 358 2936 cacactotc
378 2875 505 2949 agnato,
526 2891 614 2962 qoem
636 2873 778 2947 diabatae,
801 2873 878 2933 edito
897 2890 1033 2934 comate
1053 2891 1074 2932 a

294 2959 428 3036 quodam
443 2962 653 3036 praedicatore
675 2965 777 3034 acacia,
799 2963 935 3037 incasit,

158 3095 198 3157 llo
218 3104 348 3175 tempore
372 3113 429 3173 quo
452 3089 584 3159 Oli'verus
605 3097 800 3159 scholasticus
823 3097 1014 3171 Coloniensis,
1043 3097 1124 3157 cuius

107 3180 131 3237 in
144 3185 261 3245 secunda
275 3185 455 3245 distinctione
468 3189 642 3246 mentionem
654 3186 716 3261 feci,
738 3202 852 3245 crucem
863 3182 1040 3260 praedicavit
1050 3185 1125 3243 inter

108 3263 234 3350 Bmgge⁵)
255 3270 374 3347 etGint,
397 3275 525 3332 civitates
538 3271 699 3347 Flandriae‚
721 3274 800 3332 venit
814 3271 851 3330 ad
871 3272 987 3330 fratrem
997 3270 1123 3330 Bernar-

111 3350 169 3412 dum
182 3358 349 3418 monachum
361 3364 498 3433 nostrum,
520 3361 570 3436 qni
583 3364 652 3417 tunc
674 3375 770 3418 comes
785 3364 846 3418 crat
857 3359 946 3432 verbi,
969 3363 998 3417 ct
1013 3355 1123 3433 collega

113 3439 222 3502 eimdem
242 3442 362 3521 Oliveri,
383 3445 516 3504 sacerdos
539 3445 656 3522 quidam
677 3445 793 3523 Sigerus
815 3447 943 3518 nomine,
970 3443 1123 3503 inhabita
1161 3453 1163 3456 ’

114 3523 232 3605 religioso,
252 3548 374 3608 cappam
387 3531 497 3592 habens
511 3535 540 3592 in
560 3538 677 3608 pectore
690 3535 839 3609 signatam,
861 3533 943 3606 quasi
960 3529 1122 3606 Templarii.

130 3707 408 3838 l)lingula.322301(5
427 3745 457 3756 -
482 3718 512 3838 P
525 3717 594 3841 &aare
608 3717 708 3838 ¹saure.
729 3745 759 3836 ἶ
779 3718 811 3786 2)
829 3715 870 3769 cu
896 3714 1121 3838 ⁶⁰3¹f¹i3¹¹ffi¹¹¹'

170 3785 318 3921 bugsa,
335 3788 818 3935 c'ssfu}i,3)m01pssgcgffgngvg
825 3785 1018 3908 t(idida—dartJum.
1091 3798 1122 3849 θ’
1141 3873 1142 3880 ¹
