2664 4308
169 252 231 312 386
415 281 420 292 =
453 253 455 264 '
489 249 722 312 msuniculo
746 249 881 312 SEXTA

485 405 718 468 CAPITULUM
738 406 888 468 XXXIV.

297 527 345 586 Dc
361 531 501 603 passione
521 529 715 606 Murpurctac
734 532 857 606 virginis
878 527 1078 589 Looaaieusir.

233 666 316 726 Circa
329 666 429 726 eadem
447 673 576 743 tempora
590 669 659 726 civis
682 666 798 742 quidam
819 651 1007 726 Lovaniensis
1029 684 1094 726 cum
1115 681 1207 726 uxore

168 770 221 812 sua
256 753 342 812 rebus
374 752 510 812 ordinatis
542 754 580 814 ad
608 755 749 814 Vilarium
778 753 894 813 domum
922 753 1026 813 ordinis
1054 755 1144 812 nostri
1172 769 1206 813 se

167 838 317 899 ueusierre
340 839 526 916 disposuerat.
568 840 659 902 Erant
686 845 783 900 autem
811 841 897 899 ambo
926 840 1050 918 religiosi
1077 845 1105 900 et
1135 839 1206 897 reli·

167 929 312 1003 giosorum
333 933 512 1002 susceptores
534 927 638 987 devoti.
681 925 837 986 Habebunt
850 943 949 986 secum
969 925 1094 1003 puellam
1117 925 1206 984 adul·

167 1020 228 1072 tam
260 1020 410 1090 cognatam
439 1031 537 1089 suam,
570 1031 644 1090 quae
676 1014 740 1074 loco
773 1014 892 1074 ancillae
924 1022 985 1074 taur
1015 1016 1083 1090 ipsis
1116 1023 1216 1086 quam'

167 1099 344 1175 hospitibus,
366 1103 440 1160 siout
461 1106 549 1160 testes
571 1107 638 1159 sunt
659 1103 789 1159 conversi
810 1103 914 1174 nostri,
943 1103 1011 1160 satis
1039 1099 1206 1175 simpliciter

167 1203 203 1246 ac
225 1185 372 1262 diligenter
386 1189 573 1262 ministrabat,
596 1195 624 1246 et
645 1205 750 1247 nomen
767 1189 882 1264 virginis
897 1187 1069 1264 Margareta.
1100 1186 1205 1245 Scien-

168 1280 211 1332 tes
232 1273 361 1332 homines
384 1273 500 1348 quidam
521 1274 638 1349 maligni
659 1276 811 1349 pecuniam
832 1274 895 1333 illos
917 1275 1024 1333 habere
1044 1272 1205 1347 collectam,
1320 1346 1324 1357 Ι

169 1359 270 1420 eadem
295 1365 395 1435 nocte,
417 1377 475 1435 qua
496 1360 532 1419 de
553 1378 638 1420 mane
660 1367 741 1420 eraut
761 1361 930 1436 profecturi,
959 1363 1034 1420 cirea
1055 1366 1120 1419 octo
1146 1358 1205 1418 do-

167 1463 246 1504 mum
268 1445 379 1504 illorum
394 1463 457 1505 sero
479 1449 606 1523 ingressi,
628 1450 709 1523 quasi
724 1463 789 1506 cum
812 1451 851 1506 eis
866 1447 1044 1523 hospitaturi,
1065 1447 1170 1506 dictam
1184 1443 1205 1525 ¹)

167 1532 293 1609 puellam
327 1550 379 1608 pro
415 1536 481 1592 vino
509 1537 656 1594 miserunt.
711 1534 828 1594 Interim
865 1534 1010 1594 dominum
1047 1539 1076 1593 et
1107 1532 1206 1593 domi-

167 1637 236 1678 nam
254 1626 401 1695 totamque
415 1620 551 1680 familiam
572 1621 678 1681 ibidem
699 1627 841 1697 repertam
858 1616 1060 1700 oeciderunt²),
1082 1625 1110 1679 et
1128 1619 1207 1679 sub·

166 1707 232 1765 latis
253 1708 398 1781 omuibus,
425 1707 551 1782 puellam
573 1725 638 1768 cum
660 1710 726 1767 vino
748 1725 892 1768 reversam
913 1726 1011 1768 secum
1034 1706 1206 1782 educentes,

168 1793 284 1852 domum
299 1793 444 1870 quandam
458 1797 562 1854 satisa
585 1797 698 1854 civitate
719 1801 860 1855 remotam
881 1794 964 1854 simul
985 1796 1105 1871 ingressi
1125 1799 1206 1853 suut.

168 1879 250 1956 Quae
272 1897 338 1940 cum
352 1883 438 1940 tristis
451 1881 571 1956 sederet,
593 1887 622 1940 et
639 1881 669 1940 bi
689 1884 739 1957 qui
759 1884 789 1939 in
810 1881 895 1941 domo
918 1887 999 1941 erant
1019 1883 1206 1940 aestimarent

128 1985 133 1995 ·
168 1967 245 2042 quod
266 1969 296 2026 vi
317 1974 400 2043 rapta
422 1973 512 2043 esset,
545 1968 687 2027 duxerunt
714 1967 793 2028 illam
821 1967 859 2028 ad
887 1969 1014 2028 fluvium.
1058 1965 1112 2027 (tui
1135 1983 1207 2028 cum

168 2054 284 2130 quidam
306 2071 341 2113 cx
362 2055 520 2114 latronibus
543 2061 783 2130 compaterentur,
805 2062 833 2114 et
855 2054 960 2115 diceret
980 2051 1098 2134 unus³),
1119 2055 1208 2116 sinite

168 2135 241 2202 eam'
254 2144 368 2217 vivere,
396 2148 425 2201 et
446 2158 499 2218 ego
523 2141 627 2201 ducam
647 2141 726 2200 illam
747 2159 881 2220 uxorem3
910 2159 969 2201 uon
990 2147 1208 2217 consenserunt,

166 2230 299 2288 timentes
319 2245 372 2304 per
393 2245 457 2288 eam
478 2229 569 2304 prodi.
611 2227 760 2288 Addentes
781 2235 879 2288 autem
900 2231 1023 2304 portioni
1043 2229 1126 2286 unius
1147 2226 1230 2316 de·'

168 2331 230 2375 cern
252 2333 380 2388 marcas,
410 2322 443 2373 ut
465 2333 528 2374 eam
550 2315 707 2390 occideret,
735 2315 782 2374 ille
804 2333 909 2392 aguam
930 2315 1087 2391 simplicem
1107 2316 1207 2373 susci-

167 2403 264 2477 piens,
285 2407 422 2476 tauquam
445 2402 566 2461 crudelis
589 2403 727 2477 carnifex,
754 2404 832 2478 prius
855 2402 970 2461 desecto
991 2404 1052 2461 eius
1072 2406 1206 2481 gutture,

168 2487 289 2548 cultrum
309 2489 392 2548 lateri
413 2488 599 2548 moribundae
621 2489 725 2564 infixit,
746 2491 845 2564 sicque
866 2489 990 2548 hostiam
1011 2489 1076 2548 Deo
1097 2489 1206 2547 viren-

167 2583 226 2634 tem
254 2577 283 2634 in
312 2575 418 2633 flumen
445 2577 572 2650 proiecit.
615 2576 740 2652 Hospite
766 2593 835 2636 vero
858 2575 974 2649 domus,
1004 2593 1090 2650 quam
1109 2576 1208 2634 intra-

167 2668 276 2736 verant,
297 2660 417 2721 latenter
435 2679 565 2738 egressos
583 2669 690 2738 secuta,
713 2679 787 2737 quac
807 2663 885 2722 facta
905 2667 972 2722 sunt
992 2662 1071 2722 vidit.
1113 2660 1208 2722 Mane

167 2755 227 2808 tam
249 2748 418 2808 exsecrabili
437 2749 561 2808 facinore
583 2752 713 2825 cognito,
735 2749 851 2808 turbata
873 2756 917 2808 est
938 2751 1053 2823 civitas,
1080 2749 1207 2823 quaesiti

167 2841 234 2894 sunt
254 2835 388 2909 latrones,
410 2835 530 2894 sednon
548 2839 664 2894 inventi.
708 2835 899 2918 Consideratis
918 2838 1077 2896 occisorum
1097 2850 1208 2910 corpo-

167 2923 256 2996 ribus,
278 2925 406 2997 quaestio
423 2922 523 2980 babita
537 2927 581 2981 est
603 2922 638 2982 de
660 2921 764 2997 puella.
797 2921 885 2981 (iuius
900 2939 1003 2998 corpus
1018 2938 1084 2982 eum
1104 2922 1206 2996 pisca-

167 3015 244 3068 tores
265 3014 331 3085 post
357 3008 417 3069 dies
437 3008 546 3084 aliquot
575 3011 763 3085 invenissent,
784 3025 838 3068 nec
859 3015 955 3068 tamen
975 3009 1095 3084 prodere
1116 3023 1207 3083 prae-

166 3097 342 3170 sumsissent,
364 3098 496 3154 timentes
517 3097 571 3156 sibi
594 3098 700 3156 cumen
721 3098 852 3173 impingi,
873 3096 1001 3154 inlitora
1023 3095 1207 3170 sepelierunt.

167 3182 253 3242 Circa
281 3183 362 3242 cuius
394 3182 576 3258 sepulchrum
608 3182 656 3240 alii
677 3189 806 3258 tempore
827 3190 965 3243 nocturno
986 3181 1135 3240 luminaria
1154 3183 1207 3242 vi-

168 3269 276 3344 dentes,
288 3269 421 3329 effossam
436 3269 561 3328 tulerunt
570 3265 664 3349 iudei)
676 3267 844 3344 Lovaniam,
855 3269 1024 3345 capellulam
1039 3285 1125 3344 super
1138 3283 1208 3329 eam

111 3358 113 3362 '
166 3357 347 3416 fabricantes.
389 3356 427 3414 Et
447 3355 520 3414 fiunt
540 3363 632 3432 usque
654 3356 740 3417 hodie
762 3353 920 3435 diversat),
949 3357 1055 3414 meritis
1077 3357 1118 3414 cis
1140 3357 1207 3416 exi-

167 3443 309 3522 gentibus,
330 3442 467 3502 miracula
487 3450 548 3502 tam
576 3445 605 3502 in
626 3443 690 3502 loco
714 3445 862 3504 occisionis
883 3443 957 3501 illius
979 3459 1066 3516 quam
1086 3443 1116 3500 in
1136 3442 1207 3504 loco

167 3529 367 3590 translationis
409 3527 596 3606 supradictus
627 3529 758 3590 dominus
788 3533 864 3606 eius,
897 3527 1047 3598 Amandus
1072 3529 1207 3606 nomino,

187 3681 218 3750 l)
236 3679 257 3734 G
273 3679 413 3750 ingressi
430 3689 506 3732 sunt
525 3709 556 3720 —
576 3678 774 3750 dictamque.
794 3709 825 3720 ·-
842 3682 875 3749 2)
892 3679 976 3734 ABDP
999 3678 1208 3733 occidentes,

187 3861 188 3866 ἵ
237 3750 652 3876 divacffracnfignltlffmem'
678 3760 709 3803 et
727 3751 859 3805 diceret.
878 3781 909 3790 -
928 3750 961 3819 4)
978 3749 1034 3802 libri
1057 3746 1096 3802 in.
1121 3779 1151 3789 -
1174 3751 1208 3820 5)
