2628 4310
193 237 255 297 316
462 233 690 297 DISTINGTIO
714 235 957 298 DUODEOIMA

191 375 284 434 nsque
313 357 351 418 ad
373 356 449 416 diem
469 359 574 417 iudicii.
618 357 733 434 Quanta
754 376 823 418 vero
851 361 888 418 sit
908 360 1004 419 lutum
1023 358 1117 436 gloria
1136 361 1226 418 bono-

191 463 262 520 mm,
284 447 344 505 sive
365 461 461 520 poena
481 443 630 519 malorum,
653 446 757 520 quibus
779 447 866 506 etiam
887 445 1028 522 suffragiis
1048 447 1142 506 iuvari
1159 463 1227 523 pos-

190 534 248 592 sint
269 532 299 590 hi
320 533 369 607 qui
390 533 419 589 in
440 534 540 607 poenis
563 538 629 592 sunt
649 535 835 608 purgatoriis,
862 539 891 592 et
919 535 944 591 ei
965 551 1024 606 nep
1044 532 1130 608 plene
1153 531 1229 610 qtrod

190 635 307 696 prorsus
328 625 372 677 eet
392 618 581 694 impossibile,
612 635 648 678 ex
669 618 713 678 his
735 625 832 678 tamen
855 637 930 694 quae
950 625 1110 695 sequuntur
1130 637 1228 679 exem-

189 705 244 780 plis
273 707 382 766 maiora
402 708 516 780 ¹poteris
544 704 728 782 perpendere.
770 704 973 767 NOVIOIUS:
1003 707 1133 766 Primum
1162 707 1229 766 mihi

190 792 325 852 ostendas
347 798 488 850 tormenta
508 793 702 869 reproborum,
725 792 827 852 deinde
848 809 959 867 poenas
976 795 1159 870 purgatorias
1176 795 1230 853 bo-

189 895 301 952 norum,
321 879 474 937 novissime
497 879 616 954 gloriam
638 885 667 938 et
687 879 825 956 gaudium
845 881 993 953 iustorum,
1014 886 1052 944 ιιι,
1068 882 1111 939 sic
1132 887 1230 940 nosue

190 964 303 1025 collatio
326 983 392 1024 cum
411 965 520 1024 laetitia
541 964 664 1023 finiatur.
700 963 936 1025 MONAOHUS·
958 965 1074 1042 Quanta
1096 968 1156 1026 sint
1171 973 1230 1027 tor-

100 1059 104 1066 “
189 1059 286 1112 menta
307 1058 500 1154 tyrannorum,
523 1057 695 1128 exactorum,
716 1055 924 1124 usurariorum,
946 1051 1170 1129 adulterorum,
1181 1072 1230 1112 sn-

187 1141 357 1214 perborum,
386 1141 447 1198 eive
476 1138 596 1198 aliorum
626 1141 674 1213 qui
703 1141 828 1215 graviter
849 1139 946 1199 Deum
975 1139 1158 1199 offendenmt
1178 1158 1230 1200 nec

187 1228 396 1300 poenituerunt,
418 1225 576 1284 seeundum
599 1225 676 1300 quod
698 1243 717 1284 a
737 1226 876 1302 religiosis
899 1226 983 1286 didioi
1001 1213 1144 1301 personis,
1166 1229 1230 1304 qui·

187 1313 311 1373 busdam
332 1312 385 1371 tibi
405 1312 546 1388 pandam
553 1312 699 1387 exemplis.

455 1547 461 1557 ·
554 1519 789 1592 OAPITULUM
824 1519 863 1578 ΙΙ.

434 1642 481 1700 De
499 1658 600 1716 poena
620 1641 769 1702 Lodewice'
790 1641 979 1716 Luatpravii.

251 1762 421 1822 Lodewieus
450 1763 641 1839 Lantgravius
670 1765 812 1822 maximus
841 1769 979 1840 tyrannus
1005 1762 1075 1838 luit,
1105 1763 1144 1824 de
1172 1781 1228 1840 qno

186 1868 273 1926 supro
296 1850 403 1908 dictum
425 1856 469 1908 est
490 1850 711 1909 indistinctione
732 1851 824 1927 prima
838 1849 962 1925 capitulo
976 1852 1121 1910 tricesimo
1140 1869 1229 1928 quar-

187 1945 226 1997 ιο.
269 1937 325 1996 Hic
356 1954 421 1995 cum
449 1940 602 1996 moriturus
625 1944 715 2011 esset,
744 1939 889 2012 praecepit
910 1939 1008 1996 amicis
1031 1939 1090 1996 suis
1112 1938 1227 2000 dicens:

186 2025 257 2083 Mox
278 2030 310 2083 ut
331 2031 460 2082 mortuus
481 2024 569 2098 luere,
592 2023 734 2082 cucullam
756 2023 860 2081 ordinis
879 2022 1073 2082 cisterciensis
1095 2025 1167 2082 mihi
1184 2028 1229 2083 in·

187 2109 273 2185 duite,
295 2117 324 2170 et
345 2127 381 2168 ue
402 2110 458 2168 hoe
479 2109 529 2168 fiat
550 2127 596 2169 me
617 2113 732 2168 vivente
755 2107 967 2185 diligentissime
990 2116 1102 2170 cavete.
1149 2109 1229 2186 Obe-

186 2199 299 2257 dierunt
319 2197 373 2272 illi,
400 2203 529 2256 mortuus
550 2204 594 2256 est
617 2203 645 2255 et
667 2196 834 2255 cucullatus.
878 2196 963 2272 Quod
985 2197 1035 2255 ubi
1055 2196 1141 2256 miles
1165 2201 1228 2274 qui·

187 2283 253 2345 dam
282 2285 368 2356 vidit,
398 2282 603 2342 commilitones
632 2286 748 2359 yronice
778 2283 919 2341 allocutus
942 2290 985 2342 eet
1006 2283 1120 2342 dicens:
1152 2285 1228 2344 Vere

185 2389 243 2431 non
272 2378 317 2431 est
345 2371 442 2430 similis
466 2370 579 2428 domino
602 2387 666 2429 meo
689 2373 718 2427 in
741 2373 818 2430 omni
841 2369 964 2428 virtute'
997 2368 1123 2445 Quando
1146 2371 1227 2431 miles

185 2465 261 2534 erat,
296 2475 354 2516 non
387 2457 489 2516 habuit
516 2474 619 2532 parem
651 2460 680 2514 in
713 2458 824 2515 actibus
857 2456 990 2530 militiae;
1029 2457 1123 2516 lactus
1160 2475 1227 2517 vero

186 2544 361 2616 monachus,
401 2545 532 2603 omnibns
568 2543 660 2602 lactus
694 2550 737 2602 eet
768 2543 859 2602 forma
894 2543 1070 2618 disciplinae.
1123 2544 1227 2604 Videte

187 2649 274 2707 quam
298 2632 446 2706 diligenter
469 2629 592 2689 custodit
613 2630 754 2689 silentium
776 2647 868 2688 suum.
911 2629 972 2688 Nec
993 2647 1084 2688 unum
1110 2631 1226 2705 quidem

186 2719 305 2778 verbum
337 2719 471 2792 loquitur.
514 2715 621 2775 Anima
649 2733 718 2776 vero
748 2717 809 2774 eius
838 2733 903 2774 oum
914 2700 1038 2774 educta
1067 2714 1171 2776 luisset
1193 2717 1225 2776 de

186 2821 318 2880 corpore,
348 2807 467 2880 principi
491 2801 704 2862 daemoniorum
725 2808 907 2878 praesentata
929 2808 985 2877 eet,
1006 2804 1091 2861 sicuti
1112 2802 1224 2863 cuidam

186 2892 414 2951 manifestissime
443 2888 668 2949 revelatumt
624 2896 675 2949 est
718 2888 843 2948 Sedente
865 2888 966 2948 eodem
987 2887 1224 2970 tarisum)

187 2995 239 3055 per
260 2984 394 3054 puteum,
423 2983 453 3036 et
474 2977 615 3054 scyphum
637 2973 753 3055 mann²)
776 2982 906 3050 tenente,
937 2975 1101 3035 huiusmodi
1131 2978 1224 3037 verbis

184 3067 391 3141 Lautgravium
426 3064 575 3123 salutavit:
614 3065 793 3122 Beneveniat
827 3063 947 3122 dilectus
975 3065 1086 3122 amicus
1113 3071 1222 3139 noster;
1287 3087 1288 3144 3

185 3152 325 3213 ostendite
347 3151 387 3208 illi
407 3150 528 3209 triclinia
555 3157 668 3224 nosue,
695 3149 852 3224 apothecas
873 3155 1001 3223 nostras,
1032 3148 1150 3210 cellaria
1170 3167 1222 3210 no·

184 3246 251 3313 stra,
273 3241 371 3313 sieque
387 3254 452 3296 eum
465 3237 602 3296 reducite:
634 3237 767 3295 Deducta
788 3239 892 3296 misero
915 3235 952 3294 ad
973 3236 1039 3296 loca
1057 3252 1222 3311 poenarum,

183 3329 213 3384 in
235 3326 340 3400 quibus
361 3324 431 3382 nihil
452 3323 529 3382 aliud
552 3330 613 3382 erat
633 3326 687 3381 nisi
701 3323 841 3397 plancaro,
863 3323 956 3396 fletae,
979 3328 1008 3380 et
1026 3323 1132 3382 stridor
1154 3324 1223 3383 den·

183 3415 271 3486 tium,
294 3418 323 3470 et
343 3411 476 3485 reducto,
499 3413 539 3468 sic
560 3412 692 3484 princeps
713 3413 871 3485 principem
892 3409 1007 3468 uisatur:
1035 3409 1110 3468 Bibe
1134 3413 1222 3472 amice
1287 3411 1288 3452 l

184 3499 220 3560 de
242 3498 352 3575 scypho
374 3513 448 3556 meo
491 3497 544 3556 lllo
554 3493 574 3574 ³)
597 3496 681 3555 valde
699 3495 865 3569 reluctante,
887 3511 953 3554 cum
974 3494 1045 3554 nibil
1063 3497 1288 3572 proliceret
1287 3527 1288 3570 ι

182 3589 240 3656 imo
264 3592 381 3644 coactus
396 3585 514 3658 biberet,
535 3584 652 3643 tlamma
664 3582 819 3658 sulphurea
842 3583 877 3643 de
899 3581 999 3658 oculis,
1020 3584 1151 3659 auribus,
1172 3602 1223 3644 na·
1287 3589 1288 3614 l

201 3806 233 3872 i)
251 3805 293 3858 BE
311 3807 460 3858 tartaria.
480 3835 512 3843 -
530 3803 562 3872 2)
582 3801 623 3856 DE
642 3804 671 3854 in
689 3818 839 3886 mann3-
859 3803 891 3870 3)
908 3801 950 3856 CF
967 3801 1028 3856 illo
1046 3817 1137 3856 vero.
