2538 4314
55 251 57 256 ’
174 274 235 333 ree
487 271 717 336 omumcno
735 272 885 336 uanum
920 240 923 248 ’

171 401 227 456 tur.
268 395 393 470 Vaccae,
414 412 489 472 quae
510 395 645 456 animalia
665 403 732 456 sunt
752 397 869 473 lascire,
888 395 1032 458 luxuriam
1050 395 1210 474 designant,

171 485 234 543 sive
254 483 333 559 ipses
353 482 537 543 sacerdotum
558 484 741 558 concubinas,
763 501 834 560 quas
859 485 917 544 heu
937 485 1021 544 multi
1040 484 1125 544 hodie
1147 487 1210 545 sine

171 571 273 628 timore
295 569 400 629 colunt
442 569 559 646 Quanta
586 569 665 630 mala
692 570 761 629 mali
788 571 953 631 sacerdotes
973 571 1070 631 Deum
1085 588 1149 631 uon
1169 575 1211 630 ti-

65 671 70 682 ·
171 661 282 716 mentes
314 656 442 716 braxant·
452 653 468 736 ¹)
500 659 530 715 in
560 657 800 733 confessionibus,
828 657 957 734 plurimis
987 658 1124 734 exemplis
1155 659 1212 718 tibi

170 759 287 818 possem
302 743 460 817 ostendere,
481 742 533 802 sed
553 743 730 820 parcendum
751 750 796 804 est
809 745 909 820 ordini,
930 744 1105 821 parcendum
1118 747 1212 820 sexui,

171 828 347 906 parcendum
373 829 510 906 religioni.
559 829 657 890 Unum
685 837 782 891 tamen
810 832 864 892 tibi
890 831 985 892 dicam
1013 849 1049 892 ex
1079 838 1211 907 remoto,

172 915 391 993 quodquidam
410 917 481 976 mibi
502 917 637 978 sacerdos
658 920 797 978 recitavit

512 1105 745 1169 CAPITULUM
768 1107 866 1167 XLII.

192 1207 242 1290 De
261 1237 413 1304 matrona,
434 1248 513 1306 quoe
531 1230 646 1305 papilio
668 1247 688 1288 a
709 1248 739 1288 sc
760 1232 884 1304 nutrito,
906 1236 934 1290 ct
954 1233 987 1289 ia
1006 1193 1191 1290 sacertotem

235 1323 383 1392 provecto,
399 1323 525 1392 peccato
546 1334 605 1376 sua
626 1315 761 1392 confesso
783 1323 833 1390 eat,
856 1324 884 1377 et
906 1316 944 1375 ab
957 1319 1009 1376 illo
1025 1317 1161 1394 prodito.

236 1453 372 1512 Matrona
399 1452 544 1528 quaedam
575 1450 666 1514 dives'
688 1459 717 1514 et
747 1454 883 1528 honesta,
914 1459 1035 1530 peecata
1066 1452 1214 1529 quaedam

173 1542 354 1599 commiserat
374 1545 434 1598 tarn
450 1539 610 1615 inhonesta,
631 1545 664 1598 ut
678 1540 751 1600 nulli
764 1557 798 1600 ca
813 1539 941 1600 confiteri
954 1545 1053 1616 posset
1065 1539 1214 1600 sacerdoti

171 1643 241 1702 prae
261 1625 443 1686 verecundia.
485 1625 542 1684 Die
560 1625 685 1702 quadam
706 1627 842 1687 mfantem
862 1630 1006 1703 reperiens
1027 1626 1214 1700 destitutum,

171 1711 288 1788 levavit,
310 1719 339 1772 et
359 1712 484 1772 locofilii
503 1713 585 1771 illum
606 1715 742 1788 nutriens,
764 1713 851 1772 literis
872 1714 962 1772 imbui
974 1713 1050 1788 feeit,
1070 1719 1161 1788 atque
1183 1715 1214 1772 in

171 1799 351 1859 sacerdotem
372 1797 504 1858 ordinari.
546 1800 628 1860 'limo
655 1799 771 1860 demum
798 1800 933 1860 fiduciam
960 1815 1076 1860 sunnone
1097 1798 1135 1859 de
1158 1817 1214 1860 ex-

171 1884 263 1946 hibita
285 1877 418 1962 caritate,
451 1886 583 1946 consessa
604 1893 648 1946 est
669 1889 696 1946 ei
715 1893 836 1963 peccata
857 1887 907 1945 diu
927 1886 1053 1946 latentia.
1097 1885 1214 1964 Quibus

172 1971 277 2032 auditis
298 1973 402 2032 stultus
422 1972 478 2048 ille,
491 1975 647 2033 immemor
667 1973 733 2048 Dei,
753 1975 903 2033 immemor
922 1975 1044 2049 impensi
1064 1973 1214 2048 beneficii,

173 2074 210 2118 ex
230 2059 286 2119 hoc
307 2077 423 2120 sumens
445 2059 610 2135 audaciam,
637 2063 705 2136 quia
726 2063 751 2120 si
772 2059 851 2137 quod
870 2067 981 2136 peteret
1000 2066 1133 2136 negaret,
1155 2061 1214 2120 mi·
1257 2081 1258 2084 ¹

172 2151 289 2205 naretrrr
310 2163 341 2206 se
363 2147 424 2206 eius
436 2149 507 2206 vitia
529 2146 633 2206 debere
645 2143 665 2226 ²)
686 2147 847 2224 propalare,
868 2149 962 2223 coepit
981 2147 1061 2206 illam
1081 2145 1120 2206 ad
1138 2164 1213 2208 cou-

172 2249 288 2292 sensum
309 2250 381 2293 suae
392 2232 516 2292 libidinis
533 2225 700 2294 'sollicitare
746 2233 833 2293 Cuius
847 2234 938 2294 verba
952 2251 1018 2292 eum
1031 2233 1140 2293 semina
1151 2236 1213 2294 iam
1257 2239 1258 2248 ’

171 2319 325 2379 iustificata
346 2320 538 2395 abhorreret,¹
556 2326 586 2380 et
610 2320 659 2379 ille
677 2321 923 2381 'contradicentem
955 2320 1129 2396 diffamaret,
1160 2320 1213 2380 illa
1257 2311 1258 2318 '

171 2403 306 2464 fiduciam
327 2406 438 2465 habens
461 2406 497 2466 de
517 2407 701 2482 confessione,
721 2424 758 2466 ne
781 2408 859 2482 apud
879 2407 1010 2466 homines
1032 2413 1118 2467 notae
1139 2423 1212 2482 per-

171 2499 277 2566 petuae
298 2493 460 2552 subiaceret
475 2485 617 2568 infamiae,
638 2493 812 2554 srdficienter
831 2511 863 2554 se
878 2510 1049 2570 expurgans,
1070 2492 1212 2553 beneficio

172 2578 357 2638 consessionis
377 2578 498 2639 liberata
521 2585 573 2655 est,
597 2589 625 2640 et
646 2581 808 2639 criminator
830 2579 865 2640 de
882 2582 1030 2656 provincia
1047 2579 1212 2639 eliminatus
1257 2641 1258 2660 2

172 2670 225 2723 eet
267 2663 472 2726 NOVICIUS=
493 2665 561 2726 Duo
583 2665 656 2726 haec
671 2667 803 2743 exempla
823 2667 893 2726 mihi
912 2666 1058 2726 sufficiunt
1079 2665 1115 2726 de
1136 2682 1212 2726 cou-
1257 2687 1258 2728 ᾳ

171 2751 329 2811 fossoribus
347 2752 444 2829 malis3
471 2769 548 2813 nunc
570 2753 686 2829 aliquod
697 2750 718 2834 ³)
747 2754 817 2812 mihi
839 2753 917 2814 dicas
939 2754 976 2813 de
997 2753 1210 2814 confessoribus
1257 2781 1258 2784 ¹

171 2840 319 2900 timoratis
557 2842 559 2846 ’
1257 2835 1258 2846 ’

504 2993 737 3073 CAPITULUM
763 2995 876 3055 XLHI.

243 3119 297 3178 ¹De
317 3125 467 3193 matrona,
490 3135 568 3193 quae
589 3115 784 3262 confessoretm
804 3127 894 3178 enum
916 3119 959 3177 ad
978 3117 1127 3179 bbidioern

622 3206 764 3263 incitavi.
817 3239 820 3250 ·

234 3342 471 3410 MONAOHUS:
492 3342 573 3402 Dum
583 3335 606 3422 ⁴)
630 3330 776 3418 quaedam
787 3347 920 3402 matrona
932 3343 1035 3402 nobilis
1051 3359 1115 3402 cum
1130 3358 1209 3416 quo-

112 3457 115 3464 *
171 3431 238 3492 dam
258 3431 376 3492 Abbate
398 3431 504 3492 ordinis
525 3431 615 3489 nostri
643 3429 697 3489 sub
727 3435 797 3505 typo
827 3429 1010 3488 confessionis
1033 3429 1069 3488 de
1090 3430 1209 3488 secretis

170 3521 361 3580 conscientiae
382 3534 452 3578 suae
474 3513 650 3592 loqueretur,
684 3515 755 3573 dixit
777 3531 808 3575 se
829 3516 859 3573 in
881 3517 942 3575 eius
964 3532 1061 3576 amore
1083 3516 1209 3594 graviter
1257 3597 1258 3608 ἵ

188 3702 378 3773 1)braxare
405 3702 497 3784 dictum
523 3715 571 3767 pro
597 3700 775 3763 coniicerm
801 3701 904 3768 proprie
921 3701 990 3755 velet
1007 3659 1207 3755 cerevisiam
1257 3695 1258 3712 ¹

175 3833 179 3838 ¹
239 3787 395 3910 caracae,
393 3771 516 3908 38111ἆοὶ
517 3769 662 3894 ἓὸαέιῗξιτ
682 3799 713 3810 -
740 3770 773 3838 2)
791 3769 909 3824 debere
927 3786 969 3824 om
986 3771 1036 3825 EG.
1055 3801 1086 3812 ·-
1113 3769 1143 3838 3)
1160 3767 1207 3821 OD
