2664 4308
146 304 188 364 ao
450 257 678 365 nasamone
699 301 874 364 suenum
928 315 930 322 ¹

144 425 176 484 in
210 423 337 484 alarimo
353 425 490 494 ‚maxima
518 443 585 485 cum
612 425 706 486 multa·
738 426 823 485 turba
850 425 993 502 virginum
1022 441 1075 501 per
1101 426 1183 486 fene·

145 515 234 570 stram
272 527 306 570 eo
335 510 451 571 vidente
477 514 607 588 ingressa
635 518 687 572 est
734 511 910 587 Dictumque
939 516 983 571 est
1011 513 1038 572 ci
1053 507 1079 592 ¹),
1104 511 1184 588 quod

145 598 210 673 ipsa
231 603 307 658 esset
326 597 427 657 mulier
449 598 484 658 de
505 599 658 658 Nazareth.
701 598 784 674 Quae
805 615 909 675 eorpus
933 601 1062 658 exanime
1084 615 1183 659 sacer-

145 683 220 744 dotis
249 702 268 743 a
296 687 389 761 capite
417 683 531 762 levans,
563 692 593 746 et
612 684 781 746 Fredericus
800 685 975 761 Imperator,
1004 703 1077 744 avus
1098 685 1184 745 huius

146 770 298 846 Frederici,
319 773 369 846 qui
390 771 476 832 hodie
497 774 632 848 imperat,
653 789 672 832 a
692 778 774 848 parte
794 772 909 849 pedum,
930 778 1092 832 reverenter
1112 770 1184 832 illud

145 857 367 918 mmulaverunt.
408 857 522 920 Deinde
548 859 745 936 beate·Virgo
775 875 841 919 cum
861 858 1041 918 multitudine
1063 857 1184 936 angelo-

145 961 210 1004 rum
240 945 460 1021 obseqnentium
491 946 529 1005 ad
561 945 698 1005 coelestia
724 945 851 1022 rediens,
882 949 1008 1006 animam
1035 945 1185 1022 mmulati,

145 1029 318 1091 daemmmm
350 1035 472 1092 catervis
506 1033 693 1109 'sequentibus
705 1029 741 1112 ²),
783 1039 812 1092 et
838 1050 949 1092 massas
984 1036 1083 1110 igneas
1118 1039 1186 1110 post

145 1135 211 1179 eam
224 1119 450 1194 exsufflantibus,
470 1136 569 1179 secum
582 1119 671 1194 duxit,
683 1119 868 1196 illaesamque
882 1118 1044 1180 cmtcdivit.
1085 1119 1186 1179 Docta

70 1255 78 1266 .,
144 1211 242 1264 nmen
263 1205 301 1264 ad
322 1205 466 1281 quendam
487 1208 583 1284 ignem
610 1208 780 1281 maximum,
810 1207 912 1266 edocta
933 1211 978 1266 est
999 1207 1036 1266 ab
1058 1205 1185 1284 angelis,

145 1291 224 1367 quod
259 1298 327 1368 post
356 1299 478 1353 mortem
509 1291 576 1352 illue
609 1297 685 1352 esset
715 1292 841 1352 reditura
873 1299 902 1352 et
932 1295 1028 1369 ignem
1060 1293 1185 1353 eundem

144 1381 306 1440 transiture
347 1378 477 1456 Repente
498 1395 537 1448 se,
553 1382 663 1455 corpori
686 1381 846 1439 restitutam
869 1381 986 1439 invenit.
1028 1379 1075 1440 De
1096 1379 1185 1440 modo

145 1464 219 1525 illius
233 1465 406 1526 transitionis
428 1473 457 1526 et
472 1484 559 1526 causa
579 1468 685 1525 nemini
699 1467 806 1541 aliquid
821 1466 914 1526 dicere
935 1466 1035 1526 voluit.
1077 1467 1184 1527 Testa·

145 1557 192 1612 tus
221 1557 265 1612 est
291 1559 389 1612 autem
424 1555 550 1613 animam
585 1571 668 1612 suam
695 1554 802 1629 ubique
833 1553 921 1612 inisse
956 1553 1115 1628 ocumtam,
1155 1559 1186 1619 et

144 1644 242 1700 tantae
262 1641 406 1716 scientiae,
427 1640 563 1716 quamdiu
584 1645 671 1700 exuta
690 1640 744 1699 iuit
763 1659 782 1699 a
804 1655 930 1716 corpore,
950 1646 983 1700 ut
1003 1646 1071 1716 post
1090 1642 1186 1700 susci·

145 1728 284 1785 tationem
319 1728 464 1787 caecitatis
498 1743 568 1788 suae
600 1725 750 1806 caliginem
783 1730 940 1787 miraretur.
988 1726 1186 1804 Interrogatus

145 1811 182 1872 de
213 1813 310 1872 formis
345 1814 512 1890 angelorum
546 1816 607 1874 sive
640 1812 828 1889 daemonum,
865 1814 1027 1890 respondit,
1066 1813 1186 1892 angelos

144 1916 177 1960 se
198 1899 305 1959 vidisse
323 1901 354 1958 in
375 1903 471 1976 specie
483 1900 643 1976 puellarum
658 1901 918 1977 pulcherrimarum,
940 1901 1094 1962 daemones
1114 1917 1185 1961 vero

144 1988 175 2048 iu
207 1986 299 2064 effigie
331 2002 491 2046 corvorum.
543 1987 601 2048 Hie
634 1988 768 2048 recordor
803 1989 870 2047 dicti
898 1988 1061 2064 cniusdam,
1102 1989 1186 2048 cuius

145 2074 242 2134 anima
262 2090 355 2151 nuper
375 2074 479 2134 educta
499 2074 552 2134 iuit
572 2092 590 2134 a
612 2090 747 2150 corpore,
770 2081 799 2134 ct
820 2092 945 2134 reversa.
986 2073 1108 2149 Anima,
1136 2077 1185 2133 in·

145 2161 215 2236 quit,
237 2160 341 2221 educta
362 2177 523 2237 acorpore,
544 2160 665 2236 quando
680 2179 739 2221 non
760 2167 805 2221 est
825 2157 1038 2240 revertendai),
1058 2161 1185 2238 reliquas

144 2249 257 2308 animas
277 2250 340 2308 sive
361 2250 475 2324 spiritus
489 2248 634 2325 angelicos
655 2249 735 2308 videt
755 2250 839 2309 sicuti
859 2255 933 2308 sunt.
976 2247 1099 2325 Quando
1113 2264 1185 2308 vero

144 2325 294 2394 reversura
321 2340 366 2394 est
390 2334 429 2395 ad
458 2351 576 2411 corpus,
604 2353 662 2395 non
691 2337 717 2394 ei
746 2335 830 2394 datur
851 2337 961 2394 animas
982 2337 1043 2396 sive
1064 2335 1186 2413 angelos

145 2420 345 2497 contemplari,
376 2423 431 2481 nisi
451 2423 505 2482 sub
528 2421 625 2498 aliqua
647 2421 828 2482 similitudine
850 2429 879 2482 et
898 2421 1083 2498 liniamentis,
1112 2437 1185 2498 prc-

144 2513 209 2584 pter
228 2510 367 2568 viventes.
409 2507 610 2569 NOVIOIUS:
632 2508 708 2569 Satis
721 2510 834 2569 videtur
846 2509 924 2568 istud
946 2526 1009 2570 esse
1023 2509 1185 2585 probabile.

144 2594 205 2656 Sed
240 2594 308 2671 quid
343 2595 484 2672 significat
517 2595 597 2671 quod
631 2595 809 2671 praedictum
844 2596 1023 2657 sacerdotem
1057 2596 1185 2656 Domina

144 2687 244 2756 nostra
266 2699 332 2742 cum
358 2682 534 2759 Imperatore
554 2682 706 2743 Frederico
729 2682 903 2743 tumulavit?
946 2681 1183 2750 MONACHUflr

144 2767 226 2830 Sicut
246 2771 316 2830 mihi
336 2769 433 2829 retulit
452 2767 597 2846 praefatus
618 2769 778 2845 Walterus,
811 2772 861 2846 qui
880 2769 966 2829 huius
987 2769 1184 2832 tumulationis

144 2855 315 2918 solutionem
344 2870 410 2916 cum
431 2858 556 2916 maximo
577 2855 690 2931 labore,
723 2857 829 2916 etheo
855 2858 1058 2933 secretissime,
1086 2856 1183 2916 abeo

145 2943 247 3006 elicere
267 2945 369 3021 potuit,
390 2949 530 3018 quantum
551 2943 638 3003 beata
647 2944 738 3021 Virgo
759 2943 840 3002 illum
857 2942 994 3019 dilexerit,
1014 2943 1063 3004 vel
1083 2945 1184 3020 quanti

144 3033 237 3091 meriti
264 3030 342 3108 apud
363 3029 460 3090 Deum
486 3030 585 3105 firerit,
613 3030 808 3106 pereundam
837 3032 864 3091 ei
889 3031 1029 3090 visionem
1050 3029 1183 3090 ostendit.

143 3116 191 3179 Ac
211 3119 238 3177 si
269 3117 392 3183 diceret:
422 3116 526 3177 Nullus
557 3119 587 3174 in
614 3133 703 3195 regno
735 3123 847 3178 terreno
874 3115 1028 3178 Frederico
1058 3116 1183 3178 Caesam

144 3205 194 3281 qni
214 3219 290 3265 armo
310 3207 433 3280 imperat
461 3203 572 3280 dignior
593 3210 650 3279 est,
680 3220 736 3264 nec
757 3205 819 3281 ipse
840 3209 937 3264 umen
958 3209 1105 3280 praestare
1126 3204 1183 3264 ob·

143 3293 275 3368 sequium
296 3291 459 3367 sepulturae
480 3297 548 3351 tuae
563 3290 665 3368 dignus
684 3297 737 3350 est
777 3290 899 3367 Itaipse
912 3290 1057 3350 intellexit
1098 3290 1183 3351 Das·

144 3393 324 3439 monesvero
345 3380 376 3436 in
397 3377 517 3438 diversis
534 3377 632 3437 inrmis
642 3379 809 3454 saepissime
829 3377 1078 3452 vidit,‚h0minum
1099 3376 1183 3438 vide·

143 3465 218 3542 licet,
239 3464 412 3540 animalium,
433 3464 591 3541 reptilium,
613 3466 688 3524 sicut
707 3467 737 3524 in
758 3467 859 3540 quinta
879 3464 1058 3524 distinctione
1078 3466 1182 3524 memi-

142 3554 174 3612 ni
193 3569 242 3612 me
262 3551 374 3629 plenius
389 3551 494 3612 dixisse
516 3551 640 3628 capitulo
653 3558 744 3613 sexta
755 3585 798 3596 --
811 3551 883 3611 (irim
904 3557 1034 3628 tempore
1056 3551 1182 3628 quodam

143 3645 234 3701 staret
246 3640 320 3699 inter
330 3638 402 3700 alios
413 3639 450 3700 ad
460 3637 640 3717 psallendum
645 3634 667 3720 ⁴)
675 3638 713 3700 ad
725 3638 826 3699 horam
839 3644 959 3716 sextam,
972 3637 1044 3699 vidit
1052 3655 1182 3699 mensam

161 3808 194 3879 i)
228 3808 259 3862 oi
281 3785 332 3861 add
356 3808 385 3861 li.
407 3839 441 3850 ·-
458 3807 530 3878 2Ju
552 3807 819 3878 insequentibus.
843 3837 876 3850 ι»
903 3807 935 3878 3)
952 3805 973 3862 0
989 3821 1178 3860 reversura.

214 3907 243 3920 -
264 3878 297 3949 i)
314 3877 335 3933 B
352 3878 506 3950 psallero.
