2580 4316
150 253 187 309 12
213 285 215 289 ,
476 247 702 311 DISTINCTIO
722 249 850 310 PRIMA

147 372 260 447 plurimi
272 373 358 431 etiam
375 369 390 450 ¹)
412 389 463 447 per
484 374 670 432 ministerium
691 371 811 431 aliorum
833 368 1077 452 convertuntur2),
1100 371 1184 432 vide

146 459 214 518 licet
235 459 323 518 verbo
348 459 567 534 exhortationis,
590 462 694 518 virtute
716 461 858 532 orationis,
880 459 1009 534 exemplo
1031 459 1183 536 religionis.

148 545 222 605 Sunt
243 552 272 606 et
291 549 449 620 innumeri,
472 564 544 623 quos
572 546 658 605 trahit
679 546 716 605 ad
739 546 866 605 ordinem
887 545 1035 621 multiplex
1055 549 1183 606 necessi-

148 640 201 707 tas,
222 632 325 707 idest,
345 632 511 708 infirmitas,
532 640 699 709 paupertas,
721 636 886 709 captivitas,
910 633 1106 692 erubescentia
1127 633 1183 696 ali-

149 722 228 778 cuius
251 720 360 795 culpae,
381 720 538 795 periculum
559 723 644 794 vitae,
666 723 749 778 timor
770 720 817 778 vel
832 723 1057 795 experimentum
1071 737 1183 795 poenae

147 806 328 883 gehennalis,
358 806 528 866 desiderium
555 810 664 883 patriae
692 807 830 866 coelestis.
874 806 993 866 Talibus
1026 804 1182 886 congruital

147 893 217 952 illud
237 893 457 970 Evangelioum:
493 894 637 970 Compelle
668 891 822 971 introi-ev.
865 893 1068 954 NOVICIUS:
1101 894 1184 952 Licet

147 980 220 1039 haee
241 981 391 1039 videantur
413 981 579 1056 probabilia,
601 983 694 1039 minus
716 977 813 1039 tamen
834 980 982 1055 srrfficient,
1003 983 1057 1039 nisi
1070 982 1183 1040 annexa

147 1068 249 1126 luerint
270 1067 409 1142 exempla.
451 1066 690 1127 MONAOHUS:
724 1067 809 1142 Quod
838 1067 955 1144 quidam
982 1074 1184 1128 convertantur

149 1154 211 1214 sola
239 1154 295 1213 Dei
324 1157 491 1229 vocatione,
523 1172 558 1213 ex
586 1154 642 1213 hoc
670 1155 762 1230 quod¹
775 1172 852 1214 nunc
874 1155 1044 1232 subiungam
1076 1157 1182 1230 poteris

148 1241 277 1317 exemplo
300 1241 474 1318 dignoscere.

513 1429 744 1492 CAPITULUM
766 1429 818 1492 VI.

158 1555 205 1612 De
227 1557 367 1622 conopico
390 1553 545 1613 Leodieirsi
567 1555 609 1612 od
623 1555 876 1630 praedicationem
898 1557 991 1612 coacti
1012 1553 1164 1612 Bernordi

234 1659 382 1714 converso,
406 1647 432 1700 et
455 1642 490 1700 cie
512 1643 626 1716 ampelo,
649 1661 736 1718 quern
757 1645 847 1716 speeie
869 1641 1006 1699 monachi
1026 1641 1099 1700 vidit

526 1730 656 1804 confiteri
676 1729 806 1787 volentis.

213 1867 402 1942 Temporibus
426 1864 547 1926 Conra'di
569 1866 657 1942 Regis
678 1866 872 1925 Romanomm
894 1884 959 1925 oum
982 1867 1182 1926 sanctusBer-

150 1955 255 2014 nardus
275 1953 454 2030 praedicaret
476 1970 589 2012 crucem
609 1955 638 2011 in
659 1952 781 2027 Leodio,
804 1954 920 2029 quidam
943 1956 1095 2012 canonicus
1116 1971 1181 2012 ma-

54 2103 56 2110 ,
148 2044 213 2101 ioris
236 2041 373 2101 ecclesiae
394 2046 552 2116 prostratus
574 2043 603 2098 in
632 2043 758 2098 oratione
769 2036 788 2118 ⁵)
810 2046 876 2098 ante
906 2040 1050 2116 quoddam
1078 2039 1181 2115 altare,

148 2146 251 2188 vocem
272 2127 434 2186 huiusmodi
465 2126 583 2186 coelitus
612 2121 792 2206 demissam⁶)
815 2126 937 2185 audivit:
970 2127 1024 2184 Exi
1041 2133 1075 2186 et
1096 2127 1181 2202 audi,

149 2215 337 2292 Evangelium
358 2217 460 2272 revixit
468 2210 496 2292 ⁷).
541 2213 596 2289 Qui
617 2229 685 2271 mox
707 2214 744 2272 ab
767 2216 893 2272 oratione
915 2231 1033 2290 surgens
1055 2216 1142 2272 exirit
1153 2221 1183 2272 et

149 2306 240 2362 virum
263 2307 397 2360 sanctum
416 2318 529 2360 crucem
552 2306 650 2359 contra
671 2299 843 2358 Sarracenos
863 2300 1077 2375 praedicantem
1098 2304 1182 2360 inve-

148 2392 204 2448 nit:
227 2389 297 2447 alios
320 2387 436 2463 quidem
457 2387 597 2464 signabat,
620 2386 690 2445 alios
712 2386 750 2444 ad
771 2386 898 2446 ordinem
911 2387 1091 2463 suscipiebat.
1126 2388 1182 2464 Qui

150 2482 336 2552 compunctus
359 2480 387 2533 et
409 2473 528 2554 Spiritus
550 2476 641 2532 sancti
661 2476 794 2532 unctione
826 2477 901 2532 intus
929 2476 1081 2533 instructus
1114 2493 1182 2534 cru·

150 2580 213 2624 cem
234 2563 367 2636 suscepit,
389 2578 447 2619 non
468 2567 564 2619 tamen
586 2563 791 2619 transmarinae
811 2561 885 2619 illius
908 2561 1108 2636 expeditionis,
1130 2562 1182 2620 sed

150 2651 269 2723 ordinis,
302 2648 444 2707 salubrius
472 2646 600 2706 iudicans
626 2647 741 2724 longam
764 2665 877 2706 crucem
899 2649 1059 2724 imprimere
1080 2655 1182 2722 menti,

150 2754 237 2815 quam
266 2737 383 2794 brevem
411 2752 514 2792 nonam
543 2734 580 2792 ad
601 2740 714 2809 tempus
736 2732 880 2814 assuere⁸)
904 2737 985 2793 vesti.
1028 2733 1180 2814 Legerat⁹)

149 2824 327 2885 salvatorem
349 2822 504 2881 dicentem:
530 2823 588 2899 Qui
606 2838 670 2896 ¹aori
693 2823 767 2880 toltit
789 2840 904 2880 crucem
926 2823 1063 2897 quotidie,
1086 2829 1113 2880 at
1134 2841 1181 2880 sa-

150 2915 253 2988 qoitur
274 2928 327 2981 me,
349 2901 415 2967 ooo*
432 2916 473 2966 eat
495 2927 541 2966 me
563 2910 668 2984 diptica
688 2907 726 2986 ¹⁰).
770 2909 835 2967 Non
858 2908 934 2982 dixit,
955 2926 1013 2967 uno
1036 2925 1111 2967 anno
1132 2910 1182 2968 vel

149 2998 276 3070 duobus,
308 2995 359 3054 sed
382 2995 515 3070 quotidie.
539 2995 642 3053 'Multi
672 3001 738 3071 post
766 2997 1006 3072 peregrinationes
1029 2995 1181 3055 deteriores

148 3085 220 3143 fiunt
242 3089 270 3142 et
291 3085 412 3158 pristinis
434 3085 509 3140 vitiis
531 3083 652 3157 amplius
675 3100 706 3141 se
729 3082 891 3158 involvunt3
920 3082 950 3140 bi
978 3083 1082 3141 similes
1115 3090 1182 3140 sunt

149 3171 267 3230 canibus
289 3171 496 3228 revertentibus
518 3169 556 3228 ad
576 3173 725 3244 vomitum,
748 3176 776 3228 et
796 3171 894 3227 suibus
909 3169 973 3227 lotis
989 3172 1018 3228 in
1029 3169 1180 3228 volutabro

147 3260 198 3317 luti
220 3259 263 3316 sui
281 3253 318 3337 ¹¹).
361 3255 569 3315 Monaelrorum
590 3259 650 3315 vita
671 3255 836 3333 regulariter
857 3257 1015 3314 viventium
1036 3262 1097 3315 tota
1111 3273 1181 3315 cmx

148 3353 199 3420 est,
222 3362 256 3406 eo
279 3342 355 3418 quod
371 3346 406 3402 ‘in
428 3343 544 3420 singulis
566 3344 700 3403 membris
723 3360 772 3402 eos
795 3341 956 3401 obedientia
978 3343 1124 3420 crucifigat
1142 3339 1180 3422 ¹²).

166 3483 196 3550 1)
214 3481 233 3534 G
251 3489 371 3543 autem,
389 3488 415 3530 et
431 3493 490 3529 mox
507 3476 785 3543 ministeria—2]
804 3475 822 3525 P
840 3486 1084 3529 convertuntur
1101 3476 1180 3530 alio-

214 3566 290 3603 rum.
311 3579 341 3590 -
370 3548 440 3615 oJG
463 3549 626 3600 convenit.
647 3576 677 3586 -
704 3547 737 3613 4)
755 3547 811 3596 luc.
831 3546 873 3608 li,
891 3548 932 3599 23.
953 3575 983 3585 -
1003 3549 1034 3615 5)
1052 3550 1082 3598 in
1109 3563 1180 3599 orn-

215 3621 302 3688 tiono
320 3617 396 3668 habet
414 3617 433 3668 C
451 3625 508 3684 post
530 3617 644 3667 altore.
665 3645 696 3654 -
724 3616 756 3683 6)
773 3614 814 3667 ΒΟ
832 3614 1003 3668 dimissam.
1024 3646 1053 3656 -—
1083 3619 1114 3684 7)
1132 3633 1179 3668 re·

213 3691 299 3741 vixit
316 3704 356 3739 orn
375 3687 402 3738 C.
422 3715 452 3724 -
472 3686 504 3753 8)
522 3686 543 3736 l)
561 3701 735 3736 assumere.
756 3714 786 3723 -
815 3685 846 3750 9)
864 3685 883 3737 Ο
901 3685 949 3737 add
969 3687 1059 3738 enirn.
1080 3717 1110 3736 ·-,
1130 3687 1179 3755 10)

215 3759 273 3809 Luc.
292 3755 487 3878 Qllzalighuh·
508 3755 549 3818 10,
567 3756 608 3808 38.
629 3784 659 3793 -
680 3755 727 3823 11)
746 3754 811 3808 Pctr.
830 3753 865 3819 ll,
884 3755 914 3822 2,
932 3757 974 3808 22.
995 3786 1025 3796 -
1047 3754 1093 3825 12)
1112 3757 1177 3808 conl.

215 3829 279 3880 inira
352 3864 359 3889 ,
413 3863 418 3875 .
