2594 4302
668 77 685 116 q

386 290 440 352 DE
457 287 650 352 'CORPORE
672 288 840 358 CHRISTI·
1072 288 1132 350 195

91 409 201 488 pletum
227 416 274 471 est
300 412 331 470 in
359 427 394 472 eo
409 410 503 488 quod
529 426 582 488 per
602 411 768 487 Sapientem
790 410 897 471 dictum
919 416 978 470 este
1011 410 1134 485 Diliptte

91 501 244 571 inditam,
259 502 311 574 qui
323 499 460 558 intimatis
473 505 593 558 terram
614 499 725 558 Sancte
742 499 777 557 dc
794 499 927 558 Domino
940 501 972 556 tn
994 496 1133 570 bonitate,

92 591 121 645 et
148 587 181 644 tn
208 586 393 660 sinplicitcte
414 585 509 644 condis
530 586 787 660 quaeritantium
820 588 962 661 qnoniam
984 587 1134 644 invenitur

92 671 131 731 ab
152 672 197 730 his
219 675 272 748 qut
292 689 355 730 non
377 677 493 731 mutant
513 673 614 744 illum,
644 679 771 747 oppam
792 678 893 730 antem
915 674 953 730 ca
976 675 1028 746 qui
1046 671 1133 746 fidem

91 757 201 818 habent
220 761 254 817 in
274 755 399 828 illum),
441 758 603 835 Episcopus
625 775 693 818 vero
709 774 820 833 pavens
841 763 952 816 tantum
966 756 1135 816 miraculum

91 847 199 920 ubique
235 844 409 921 divulgavit,
444 862 496 920 per
527 861 614 920 quem
647 847 733 906 etiam
765 843 938 919 quibusdam
970 842 1135 904 Abbatibus

91 931 198 992 ordinis
226 934 316 991 nostri
335 934 472 1007 innotuit,
501 933 550 1007 qui
578 949 653 991 anno
683 933 836 1007 praeterito
858 929 979 990 illud-ln
1001 919 1134 1007 Capitale

91 1018 219 1098 generali
238 1021 446 1093 recitaverunt,
479 1021 587 1078 cunctis
608 1018 705 1077 Deum
726 1017 967 1095 glorificantibus,
995 1019 1045 1092 qui
1066 1017 1135 1076 lecit

91 1105 234 1166 mirabilia
265 1123 372 1182 magna
400 1101 520 1184 sclusa).
562 1103 767 1166 NOVIOIUS:
800 1104 895 1164 Valde
924 1122 970 1163 me
998 1103 1135 1166 laetificat

91 1193 196 1253 horum
226 1192 335 1252 relatio.
378 1191 614 1252 MONAGHUS:
631 1190 771 1252 'Advertc
799 1207 877 1252 nunc
906 1198 1016 1266 quanta
1043 1193 1133 1249 sitin

58 1314 64 1326 ·
92 1295 213 1357 corpore
235 1278 340 1340 Christi
362 1278 493 1339 dulcedo.

411 1414 645 1478 CAPI'l'ULUM
666 1415 819 1476 XXXIX.

135 1509 184 1600 Dc
205 1541 365 1616 corporali·
377 1541 529 1600 dulcedine
557 1541 789 1600 sanctimonialis
811 1557 903 1616 qnam
920 1544 1048 1617 percepit
1067 1543 1101 1600 in

102 1651 104 1658 r
345 1683 349 1692 ,
454 1645 543 1685 sacru
560 1631 774 1686 communione.

157 1765 233 1827 Novi
262 1761 406 1841 quandam
435 1763 681 1825 sanctimonialem
702 1760 808 1823 ordinis
830 1766 933 1840 nostri,
963 1782 1037 1838 quae
1057 1764 1135 1825 illam

91 1843 259 1915 aDomino
281 1853 392 1927 accepit
411 1855 542 1928 gratiam,
564 1857 596 1909 ut
618 1849 732 1926 quando
755 1854 947 1911 communicat
967 1859 1079 1912 tantam
1100 1871 1135 1914 ex

89 1935 155 2016 ip'eo
184 1956 266 1998 sacro
295 1955 413 2015 corpore
435 1938 616 1998 dulcedinem
638 1941 756 2012 sentiat,
789 1955 823 1998 ac
852 1941 877 1998 si
904 1937 961 1998 mel
989 1941 1136 2016 receperit.

90 2027 159 2088 Non
180 2042 312 2102 saporem
333 2028 431 2101 panis,
458 2022 509 2084 sed
531 2023 622 2084 mellis
643 2031 676 2082 ut
697 2024 754 2082 dixi
780 2026 810 2082 in
832 2027 1029 2086 masticatione
1051 2029 1137 2087 sentit

91 2119 156 2174 tota
176 2112 226 2172 illa
246 2112 308 2188 die,
328 2114 453 2172 maxime
475 2119 541 2172 ante
564 2114 776 2188 perceptionem
799 2111 854 2171 cibi
876 2111 1045 2188 corporalis,
1066 2114 1137 2173 sali·

93 2217 162 2262 vam
175 2199 285 2260 habens
301 2199 475 2259 mellifluam.
518 2199 580 2258 Nec
594 2201 705 2257 mimm.
738 2197 866 2276 ¹Legitur
880 2201 955 2258 enim
973 2198 1009 2260 de
1023 2217 1138 2274 manna,

93 2284 173 2366 quod
186 2294 287 2364 gustus
303 2289 364 2347 cius
377 2288 461 2345 luerit
478 2288 559 2362 quasi
581 2285 701 2345 simulac
713 2283 734 2366 ³)
757 2303 824 2344 cum
845 2286 937 2346 melle.
965 2286 1019 2345 Est
1040 2294 1138 2347 autem

93 2374 197 2436 eadem
218 2374 441 2434 sanctimonialis
468 2375 551 2450 pirgo
573 2375 650 2433 vitae
672 2373 859 2448 venerabilis,
881 2376 962 2434 cuius
983 2391 1137 2450 personam

91 2463 250 2540 supprimo,
272 2477 307 2522 eo
330 2460 408 2538 quod
430 2459 525 2521 adhuc
547 2462 635 2534 vivat,
658 2467 687 2520 et
708 2478 740 2520 se
761 2460 843 2538 prodi
863 2477 922 2520 non
943 2462 1096 2538 permittet.

456 2599 691 2661 CAPITULUM
717 2599 783 2659 XL.

138 2739 217 2800 rum
238 2738 274 2797 a
296 2739 448 2800 enatent
468 2741 579 2800 seraa
599 2740 776 2843 accensae
796 2739 1037 2800 manneae
1058 2756 1095 2798 ex
1121 2707 1123 2712 ’

457 2844 544 2886 tacta
569 2843 783 2888 communione.

164 2959 292 3022 Similem
314 2965 435 3038 gratiam
458 2971 486 3023 et
506 2959 579 3024 forte
600 2967 753 3040 maiorem,
777 2963 875 3024 audivi
897 2964 1031 3025 collatam
1051 2963 1138 3024 luisse

97 3051 232 3111 dominae
260 3047 356 3108 Aleidi
380 3054 488 3126 primae
509 3051 685 3111 Abbatissae
706 3051 873 3114 Monasterii
894 3054 1017 3112 civitatis
1038 3051 1141 3111 West-

95 3137 192 3198 taliae.
235 3135 318 3196 Haec
340 3139 584 3213 quotienscunque
607 3154 710 3214 corpus
732 3138 848 3199 Domini
869 3155 888 3197 a
909 3138 1059 3198 sacerdote
1074 3157 1140 3198 sue·

98 3217 224 3302 cepit⁴),
246 3240 304 3282 non
318 3225 401 3299 panis
415 3223 587 3283 soliditatem
608 3227 681 3284 inter
703 3224 811 3300 dentes,
831 3242 926 3302 neque
947 3228 1030 3302 panis
1052 3242 1141 3303 sapo-

97 3329 160 3373 rem
174 3313 249 3370 intra
264 3307 392 3390 sauces⁵)
414 3313 511 3386 sensit,
532 3311 699 3388 sedipsum
721 3319 934 3373 sacramentum
956 3314 1040 3389 quasi
1058 3313 1143 3373 favus

97 3398 192 3460 mellis
216 3400 282 3474 ‘sine
315 3400 512 3457 masticatione
534 3416 585 3475 per
605 3407 704 3476 guttur
726 3402 787 3459 eius
808 3401 837 3458 in
859 3407 988 3463 ventrem
1011 3397 1140 3475 defluxit,

97 3491 141 3549 sic
154 3491 187 3545 ut
201 3487 273 3545 mira
287 3488 430 3544 suavitate
449 3489 545 3546 omnia
567 3488 627 3545 eius
648 3489 783 3546 interiora
803 3487 986 3562 replerentur.
1019 3485 1143 3563 Quando

98 3573 236 3635 defuncte
263 3578 319 3648 est,
347 3571 479 3633 dominus
505 3572 667 3660 Florentius
695 3573 797 3634 Abbes
827 3573 862 3634 de
896 3574 1005 3652 Campo
1026 3581 1145 3634 sanctae

119 3796 151 3864 1)
168 3795 281 3862 sapient.
305 3794 336 3858 1,
360 3795 435 3848 1-2.
460 3825 491 3836 -
519 3795 550 3864 ²)
575 3785 639 3848 Psal.
664 3794 728 3861 135,
754 3797 779 3847 ⁴.
805 3825 835 3836 -
862 3796 894 3864 3)
917 3794 981 3849 ABG
1009 3794 1145 3848 similae.

171 3863 414 3930 Erod16‚3l.-
434 3865 465 3936 1)
485 3865 719 3934 dempsit·
739 3865 893 3933 mneos.
