2642 4330
139 279 221 386 Ιιιι
308 260 311 267 ’
481 273 710 346 ιιιιιιιιιιιο
739 281 873 346 saxna

161 423 229 466 suos
250 409 279 465 in
301 405 403 466 eodem
423 406 600 484 Episcopatu
621 407 731 468 clausit
773 402 840 466 Hoc
862 408 949 466 etiam
968 408 1099 482 noveris,
1120 404 1198 483 quod

161 510 248 569 saepe
270 494 414 554 ambitiosi
435 513 453 554 a
475 494 615 554 desiderio
637 512 689 554 ιιιο
702 491 719 574 1)
741 500 813 553 nutu
841 494 898 553 Dei
919 493 1102 570 fraudentur,
1125 500 1154 554 et
1173 495 1198 554 si

162 583 284 655 promoti
315 582 419 640 inerint
441 584 502 640 eius
519 584 714 658 permissione,
736 584 785 641 vix
807 578 969 660 evadant²),
992 584 1060 656 quin
1080 583 1113 640 in
1130 583 1199 657 ipsis

162 667 347 744 dignitatibus
374 668 534 744 periculose
554 669 737 744 tribulentur,
764 668 812 729 vel
834 685 899 728 cum
921 669 1086 731 confusione
1109 668 1200 744 depo-

134 773 138 787 ·
162 763 274 814 uantur.
317 755 396 814 Audi
416 755 452 815 de
473 756 519 815 his
540 756 673 832 exempla
693 756 765 815 sorte
787 756 930 831 aliquibus
951 758 1122 816 necessaria.

517 944 751 1006 CAPITULUM
778 946 851 1006 XX.

213 1070 261 1128 Dc
283 1075 382 1128 astuto
403 1063 521 1142 Priore,
543 1071 595 1144 qui
611 1085 773 1148 percoctam
796 1067 832 1127 ob
853 1067 1012 1144 infamiam
1034 1073 1155 1128 eiectam

398 1156 490 1230 clepit,
512 1173 549 1213 ue
570 1173 627 1214 ιιια
643 1173 719 1232 pure
740 1155 952 1250 infirmaretur.

229 1277 311 1336 Prior
320 1276 436 1352 quidam
454 1275 559 1334 ordinis
580 1280 678 1351 nostri,
699 1276 831 1337 defuncto
842 1275 1084 1352 abbatemque
1106 1276 1202 1336 abba·

103 1365 109 1374 ⁴
164 1367 233 1426 tiam
255 1366 390 1439 aspirans,
412 1380 478 1421 cum
499 1369 627 1438 tempore
649 1364 793 1423 electionis
815 1382 834 1424 a
854 1365 1026 1438 Visitatore,
1054 1366 1128 1422 sicut
1150 1380 1201 1424 ce-

164 1454 216 1512 teri
237 1453 362 1510 seniores
384 1449 419 1508 de
440 1467 564 1525 persona
584 1449 688 1510 idonea
708 1453 938 1528 interrogaretur,
958 1468 1017 1510 non
1039 1449 1124 1510 corde
1149 1467 1201 1510 co-

163 1538 291 1598 lumbino
313 1536 485 1596 monachum
506 1536 650 1612 quendam
672 1538 708 1597 de
741 1538 825 1597 domo
856 1537 957 1598 eadem
985 1539 1023 1596 ob
1054 1537 1202 1596 infamiam

164 1629 286 1686 eiectum
314 1627 479 1683 nominavit.
528 1623 646 1684 Sciebat
674 1627 750 1684 enim
777 1625 883 1684 Prioris
914 1627 1115 1684 anctoritatem
1142 1641 1202 1683 non
1242 1645 1265 1690 ·,

124 1721 126 1728 ’
165 1729 229 1773 esse
249 1711 400 1786 modicam,
423 1718 451 1770 et
472 1712 498 1770 si
513 1711 638 1786 aliquem
660 1711 695 1770 de
718 1718 862 1772 conventu
882 1714 1050 1787 nominaret,
1071 1729 1123 1786 per
1144 1711 1202 1770 hoc

166 1817 249 1859 snam
271 1799 438 1858 electionem
448 1797 687 1874 posseinfirmari,
710 1801 821 1857 etsein
834 1816 887 1858 suo
901 1798 1040 1858 desiderio
1062 1797 1201 1873 impediri.

164 1887 288 1946 Pactum
309 1893 353 1945 est
370 1892 445 1944 nutu
466 1891 499 1942 nt
520 1885 643 1944 creditur
665 1885 774 1960 divino,
795 1892 829 1944 ut
850 1887 950 1959 ceteri,
972 1888 1033 1945 aius
1055 1886 1203 1960 exemplo,

128 2037 136 2049 ,
165 1973 286 2034 eandem
306 1957 458 2048 personam
479 1971 630 2048 eligerent,
603 1972 788 2032 tdicentes
808 1975 883 2031 intra
904 1988 950 2031 se:
971 1973 1054 2031 Prior
1071 1968 1202 2050 nosters)

64 2085 66 2090 ·
165 2061 265 2120 oculus
286 2065 383 2119 noster
404 2066 462 2133 est,
494 2076 548 2118 nec
569 2059 656 2118 talem
677 2077 830 2135 personam
841 2061 1040 2134 nominasset,
1070 2061 1094 2117 si
1116 2061 1143 2118 ei
1166 2057 1203 2118 de

164 2148 239 2206 illius
251 2149 413 2207 innocentia
426 2162 484 2204 non
506 2152 656 2205 constaret
699 2146 819 2205 Forte
796 2165 820 2206 ιι
837 2147 913 2205 idem
934 2146 1017 2206 Prior
1037 2145 1203 2220 simpliciter

127 2291 132 2298 .
165 2234 355 2308 ambulasset,
378 2232 471 2292 sactus
493 2239 569 2292 esset
589 2232 701 2292 Abbas.
743 2232 781 2291 Et
802 2235 870 2292 satis
892 2239 975 2309 puto,
1004 2240 1144 2309 quantum
1166 2250 1204 2291 cx

165 2322 261 2382 verbis
275 2319 424 2380 cuiusdam
444 2319 578 2394 Abbatis,
600 2323 652 2407 qui
669 2319 741 2378 mibi
762 2320 835 2382 haec
856 2321 960 2394 retulit,
981 2321 1108 2394 coniicio,
1122 2318 1203 2395 quod

165 2416 277 2468 tantum
313 2407 397 2467 fuerit
433 2407 573 2466 cruciatus
601 2408 630 2466 in
668 2406 796 2466 eiusdem
832 2407 966 2467 monachi
1002 2409 1203 2485 promotione,

165 2501 304 2571 quantum
327 2494 380 2552 ille
405 2493 557 2552 tribulatus
580 2494 753 2552 exstiterat
746 2513 774 2552 m
796 2511 849 2554 sua
871 2496 1017 2554 eiectione.
1059 2493 1137 2553 Ecce
1160 2495 1202 2552 sic

165 2588 275 2642 astutos
296 2587 325 2640 et
346 2579 460 2639 dolosos
481 2583 563 2655 punit
584 2582 699 2639 etiam
690 2599 720 2638 m
741 2583 886 2656 praesenti
905 2581 996 2640 Deus.
1032 2577 1085 2640 De
1106 2581 1201 2639 tribu·
1277 2613 1283 2626 ·

162 2669 282 2743 latione,
309 2667 473 2727 confusione
501 2673 530 2726 et
552 2667 709 2727 deiectione
733 2667 926 2742 praelatorum
946 2667 1093 2728 Ecclesiae
1113 2667 1203 2726 hodie

163 2753 284 2836 magia)
307 2771 394 2830 quam
425 2760 492 2813 ante
519 2759 617 2814 nostra
644 2762 775 2829 tempora
802 2754 950 2814 abundant
972 2754 1112 2831 exempla.
1162 2754 1203 2812 Et

164 2845 220 2903 hoc
252 2844 325 2902 forte
355 2841 435 2915 idco,
472 2841 539 2916 quia
574 2840 631 2899 Dei
657 2841 791 2904 voluntas
823 2844 853 2900 in
880 2841 993 2900 illorum
1020 2843 1221 2917 promotione*

113 2988 117 2994 ,
163 2949 220 2990 non
241 2930 301 2996 suit.
343 2929 405 3005 Ipsi
425 2935 641 3003 captaverunt,
672 2935 699 2986 ct
724 2946 787 2988 acc
809 2946 845 2988 ecc
866 2947 921 3001 ma,
938 2933 1087 3004 principes
1108 2932 1202 2987 easd-

163 3025 279 3090 teruut,
307 3024 336 3076 et
355 3033 418 3074 non
439 3017 571 3089 copuooi.
614 3014 713 3074 Verba
734 3022 801 3073 sunt
821 3015 879 3074 Dei
898 3033 950 3091 per
972 3033 1005 3075 os
1025 3011 1202 3094 Jeremiae⁵)

162 3105 332 3181 Prophetae.
374 3099 577 3160 NOVIOIUS.
609 3100 683 3159 Cum
711 3101 828 3162 Deus
820 3121 849 3163 ιιι
870 3104 976 3162 virtute
997 3103 1202 3182 simplicitatis,

161 3195 235 3253 sicut
254 3191 407 3267 probatum
429 3193 474 3248 est
494 3188 639 3264 exemplis,
661 3181 815 3264 plurimum
837 3189 1007 3265 delectetur,
1027 3195 1098 3266 puto
1119 3187 1203 3264 quod

160 3284 190 3339 in
219 3281 288 3339 vitio
318 3279 344 3336 ei
372 3276 529 3350 contrario,
563 3275 594 3332 id
622 3282 680 3350 cst,
713 3279 820 3335 astutia
853 3276 975 3336 multum
1004 3277 1202 3336 exacerbetur.

159 3363 394 3426 MONACHUS.
424 3363 533 3422 Vitium
565 3363 737 3438 simplicitati
765 3367 928 3438 oppositum
960 3363 1111 3440 duplicitas
1132 3369 1201 3436 ast,

161 3457 207 3514 cui
229 3450 335 3512 sodalis
356 3463 401 3509 est
421 3451 534 3508 astutia.
577 3448 779 3510 NOVICIUS:
797 3449 881 3510 Unde
905 3451 1005 3510 dicitur
1027 3449 1201 3527 duplicitas?
1303 3449 1304 3455 ’

158 3536 394 3600 MONACHUS:
423 3534 452 3595 A
474 3535 579 3612 duplici
607 3537 698 3612 plica,
725 3539 800 3597 sicut
827 3537 993 3614 simplicitas
1022 3540 1105 3614 quasi
1135 3539 1200 3596 sine

178 3726 208 3795 1)
225 3723 290 3847 301³
306 3739 364 3844 σξιο
375 3722 562 3845 Ιἑιιιιιιιοιιιο.
582 3751 613 3764 -
637 3722 944 3845 aquaductu&-
968 3724 1000 3844 ῗ)
1016 3732 1129 3806 noster
1146 3721 1199 3846 ogd
1299 3748 1303 3754 υ

224 3795 639 3929 ιιιοῑθιέιοῧξῖωοωω
685 3808 880 3862 ommam
932 3808 1138 3846 ocem&-
1183 3793 1200 3860 )
1302 3873 1303 3876 ,
