2580 4316
182 220 221 324 sn
509 259 885 322 orsrmcmoesnm

180 385 268 460 fluxit,
290 401 326 443 ex
347 400 405 458 quo
426 383 545 460 angelus
558 384 675 443 Domini
696 384 832 460 pendenti
853 383 923 442 milri
941 381 1017 443 diem
1038 381 1218 445 resolutionis

180 489 261 550 meae
282 471 436 547 praedixit,
459 473 517 530 scio
541 475 586 530 cui
608 471 728 546 credidi,
750 471 836 531 fidem
858 473 986 546 servavi,
1009 487 1123 532 cursum
1147 489 1218 532 con-

180 561 336 635 summovi3
360 558 395 616 de
416 557 525 633 reliquo
547 561 671 634 reposita
693 565 738 617 est
758 559 827 616 mihi
849 575 955 618 corona
975 560 1100 618 iustitiae
1117 554 1144 638 ¹).
1186 558 1217 618 Si

181 663 216 706 ea
237 647 321 720 feria,
356 662 414 720 qua
434 645 579 720 praedixi,
612 652 679 705 ante
709 646 818 704 obitum
846 663 944 704 meum
971 662 1029 703 non
1058 645 1217 721 deposuero

181 733 306 792 cilicium
326 733 456 808 linguae,
477 735 527 791 vix
548 735 641 808 spatio
663 735 747 790 unius
768 736 872 791 missae
894 731 1047 808 legendae,
1069 749 1128 791 non
1150 733 1218 790 mihi

181 820 310 881 credatis.
353 819 391 877 nt
412 819 529 878 adiecit:
553 819 625 878 Cum
643 819 793 878 defunctus
805 816 825 898 ²)
848 820 936 892 fuero,
957 821 1108 894 apparebit
1129 821 1160 878 in
1173 837 1217 879 me

180 907 257 967 rmde
278 909 425 981 stupeatis,
447 911 475 964 et
489 906 602 966 divinae
616 909 711 964 virtuti
732 909 840 982 gratias
862 909 962 966 merito
984 906 1122 965 reseratis.
1165 905 1217 964 His

125 1059 127 1066 ,
181 996 272 1068 dictis,
295 1000 396 1069 quarta
408 993 478 1052 seria
498 992 698 1052 hebdomadae
713 993 865 1068 paschalis,
889 993 1056 1052 duodecimo
1070 993 1218 1054 Kalendas

180 1082 259 1156 Maii,
281 1097 356 1140 anno
370 1080 488 1139 Domini
502 1079 650 1140 millesimo
664 1083 818 1139 centesimo
835 1083 1009 1156 octogesimo
1025 1086 1138 1156 octavo,
1160 1080 1218 1139 sole

180 1169 314 1229 tendente
336 1167 373 1226 ad
396 1184 546 1239 occasum,
576 1173 676 1225 sancta
703 1166 753 1224 illa
775 1170 870 1226 anima
892 1168 928 1226 de
951 1184 1069 1242 corpore
1091 1170 1217 1244 virgineo

181 1273 304 1334 egressa,
325 1257 459 1330 migravit
487 1254 525 1311 ad
546 1252 712 1311 Dominum.
756 1254 899 1313 Percussa
920 1254 1033 1328 tabula,
1064 1271 1132 1313 cum
1160 1262 1218 1312 tam

180 1343 282 1403 Abbas
304 1359 391 1417 quam
414 1343 500 1400 ceteri
520 1341 620 1398 iratres
632 1338 653 1419 ³)
683 1340 719 1398 ad
748 1342 808 1399 eius
831 1343 981 1416 exsequias
1003 1341 1217 1416 convolassem,

181 1437 210 1489 et
231 1445 350 1504 corpore
373 1433 521 1503 exportato
532 1424 554 1506 ⁸)
585 1427 622 1485 ad
651 1428 807 1486 lavandum
839 1427 983 1486 detectum
1003 1428 1114 1502 fuisset,
1136 1445 1219 1487 sexus

180 1517 318 1576 femineus
340 1517 480 1590 apparuit.
524 1513 605 1572 Tunc
628 1515 760 1573 omnibus
782 1517 811 1571 in
830 1521 974 1590 stuporem
988 1517 1079 1573 versis
1093 1514 1219 1574 miraculi

180 1605 315 1676 nentate,
336 1603 503 1660 nunciatum
525 1608 568 1659 est
583 1601 724 1659 sacerdoti
738 1601 999 1660 commendationes
1015 1601 1132 1677 legenti.
1165 1601 1219 1678 Qui

181 1691 295 1766 cognito
318 1699 397 1762 sexu,
419 1693 529 1746 textum
551 1691 681 1762 mutavit,
705 1695 734 1747 et
755 1705 807 1763 pro
832 1689 974 1747 monacho
997 1689 1172 1748 monacham
1193 1681 1219 1748 et

180 1794 232 1854 pro
261 1776 346 1834 trane
374 1791 500 1834 sororem
528 1777 694 1833 nominavit
746 1775 854 1834 Postea
882 1793 947 1834 cum
976 1777 1078 1835 brevia
1106 1793 1158 1851 pro
1186 1792 1219 1834 ea

181 1862 332 1923 scribenda
354 1868 464 1936 essent,
494 1868 523 1919 et
550 1879 655 1920 nomen
685 1864 746 1920 eius
774 1865 950 1937 ignorarent,
982 1863 1036 1921 sub
1057 1862 1111 1922 tali
1131 1863 1219 1922 forma

179 1953 286 2026 scripta
308 1955 392 2008 sunt:
421 1947 602 2008 Duodecimo
624 1948 771 2007 Kalendas
792 1949 863 2008 Maii
892 1950 962 2028 obiit
989 1949 1096 2008 aneilla
1118 1949 1219 2008 Chlisti

180 2041 209 2096 in
231 2038 382 2096 Soonavia
425 2035 538 2110 Elapsis
560 2036 669 2120 aliquot
692 2035 801 2110 diebus,
824 2053 889 2094 cum
911 2037 1010 2094 fratres
1025 2052 1133 2095 nomen
1146 2036 1217 2095 illius

180 2127 283 2184 beatae
311 2124 383 2183 scire
412 2123 621 2195 disederarent,
654 2125 792 2180 miserunt
823 2125 852 2180 in
880 2125 1004 2182 vicinam
1016 2119 1036 2202 ⁶)
1068 2122 1217 2196 Coloniae,

92 2255 94 2264 ‚
179 2212 257 2271 unde
279 2229 310 2270 se
333 2210 481 2268 oriundam
503 2210 627 2284 dixerat,
650 2216 679 2268 et
701 2227 767 2267 cum
789 2209 916 2268 studiose
940 2213 1163 2285 circumquaque
1184 2209 1217 2268 de

180 2302 242 2359 eius
264 2300 434 2373 cognatione
451 2299 662 2373 investigarent,
684 2303 755 2354 nutu
770 2296 865 2356 divino
880 2299 997 2355 inventa
1019 2303 1063 2356 est
1079 2296 1218 2372 quaedam

180 2403 261 2459 anus,
284 2401 358 2460 quae
380 2401 412 2442 se
434 2386 494 2442 eius
503 2381 524 2463 ⁶)
547 2391 700 2460 cognatam
720 2383 806 2443 fuisse
821 2381 840 2463 τ)
864 2383 978 2457 diceret,
1000 2401 1134 2443 asserens
1157 2401 1217 2442 eam

180 2467 427 2549 Hildegundemr)
449 2477 592 2530 vocatam.
637 2470 710 2529 (lum
732 2477 798 2529 ante
820 2471 874 2528 hos
890 2487 981 2529 annos
1004 2476 1217 2530 consecraretur

179 2577 288 2619 novum
300 2555 320 2638 ⁹)
351 2560 505 2618 oratorium
533 2560 560 2615 in
594 2557 751 2631 Soonavia,
778 2575 821 2616 ex
851 2557 971 2618 diversis
999 2560 1154 2632 provinciis
1182 2555 1217 2614 ad

180 2646 388 2706 dedicationem
409 2644 508 2720 populi
531 2645 723 2717 confluentes,
753 2649 781 2702 et
808 2645 968 2720 praedictas
989 2645 1095 2704 beatae
1116 2643 1217 2703 Hilde-

180 2734 282 2812 gundis
304 2735 423 2792 virtutes
445 2731 601 2805 audientes,
622 2730 763 2788 tumulum
786 2734 846 2790 eius
867 2732 1133 2807 frequentaverunt,
1155 2747 1216 2790 ma-

179 2829 279 2881 tronae
307 2822 445 2894 maxime,
478 2821 583 2878 sanctis
612 2820 673 2875 eius
703 2819 878 2876 orationibus
908 2836 939 2877 se
972 2813 1215 2890 commendantes,

178 2909 332 2982 Deumque
354 2923 440 2981 super
461 2908 547 2963 tantis
562 2904 739 2963 mirabilibus
761 2904 961 2980 glorificantes.
982 2904 1021 2963 Et
1041 2922 1095 2964 nos
1117 2907 1216 2964 fratres

180 3013 246 3056 cum
267 2995 322 3054 illis
343 2996 448 3072 gratias
469 2992 625 3051 referamus
646 2992 790 3052 Salvatori
811 3000 924 3067 nostro,
948 2995 996 3067 qui
1017 2992 1091 3052 haec
1107 2991 1135 3074 ¹⁰)
1157 2990 1216 3050 fieri

180 3083 270 3144 voluit
290 3083 395 3140 nosnis
416 3080 594 3155 temporibus
613 3082 643 3136 in
664 3078 763 3137 ordine
791 3086 904 3153 nostro,
934 3079 972 3138 ad
993 3080 1115 3154 gloriam
1136 3095 1216 3138 suam

181 3177 209 3230 et
231 3168 460 3228 aedificationem
481 3172 622 3240 nostram,
652 3168 701 3240 qui
722 3167 794 3226 vivit
820 3172 849 3225 et
870 3172 971 3242 regnat
992 3185 1058 3234 cum
1079 3167 1167 3226 Patre
1189 3168 1216 3222 et

180 3257 286 3333 Spiritu
309 3259 408 3313 sancto
430 3256 459 3310 in
481 3252 597 3312 saecula
618 3245 806 3314 saeculoru'm.
849 3253 952 3312 Amen.

292 3376 395 3434 Omnis
417 3375 504 3434 borno
526 3377 659 3446 miretur,
681 3375 768 3434 bomo
792 3374 865 3450 quid
882 3373 986 3450 fecerit
1005 3376 1058 3434 ote
1073 3370 1114 3447 ¹¹),

291 3463 384 3536 Haec,
406 3465 490 3522 cuius
510 3461 595 3538 fossa
617 3465 726 3520 annes
747 3463 865 3520 inclusit
886 3468 914 3520 ct
937 3479 1011 3521 ossa.

183 3634 231 3702 »1)
248 3632 310 3684 Tim.
328 3632 359 3695 ll,
377 3633 402 3696 4,
420 3633 444 3682 7.
464 3630 488 3682 8.
509 3659 540 3670 -
560 3629 592 3697 2)
610 3629 672 3682 BCD
691 3629 851 3682 defuncta.
871 3660 901 3670 -
922 3632 953 3698 3)
976 3630 1101 3682 fratres
1123 3645 1163 3681 om
1186 3627 1213 3679 0.

250 3733 281 3743 -
302 3703 334 3768 1)
352 3701 372 3753 G
389 3709 531 3768 portato.
551 3729 581 3739 ·—
602 3701 633 3767 5)
652 3699 670 3750 Ρ
688 3701 847 3752 viciniam.
870 3700 942 3752 Geni.
960 3701 1016 3761 Vll,
1035 3701 1076 3752 58.
1095 3699 1155 3761 Vlll,
1172 3698 1211 3750 47.

251 3803 279 3812 -
294 3773 325 3837 6)
344 3771 363 3823 G
381 3771 523 3822 illius-
544 3770 576 3835 7)
594 3769 700 3821 luisse
718 3785 758 3821 om
774 3770 844 3822 0.—
858 3771 890 3837 8)
909 3770 949 3822 CD
968 3768 1211 3839 llildegundam.

252 3871 282 3882 -
303 3841 334 3908 9)
353 3857 468 3893 novum
487 3856 528 3892 orn
547 3839 575 3895 G.
595 3869 626 3880 ·-
648 3841 696 3908 10)
715 3840 735 3894 G
752 3839 818 3891 lroc.
839 3870 869 3880 -
890 3839 938 3908 11)
956 3840 975 3892 C
994 3844 1066 3892 ista.
