2580 4316
424 173 482 234 DE
505 171 788 234 CONVERSIONE.
1082 175 1121 232 at

105 294 191 356 diceret
215 297 253 354 ei:
284 296 340 355 Vis
370 297 444 354 mibi
471 297 564 356 lacere
591 296 749 356 hominium
768 293 800 375 ¹),
833 302 862 354 et
891 313 945 372 ego
973 295 1024 356 tibi
1046 294 1123 356 dabo

105 385 227 441 sciendam
248 385 381 442 omnium
403 384 551 442 literarum
562 381 603 463 ²)?
647 382 778 442 Audiens
798 383 871 442 haec
891 384 1011 456 iuvenis,
1033 399 1124 458 erpa·

106 471 149 542 rit,
176 476 200 528 et
230 469 347 530 diabolo
384 471 456 529 talia
488 473 649 546 suggerenti
670 469 830 546 respondit:
863 469 936 528 Redi
964 475 1031 554 popt
1062 487 1124 545 me,

104 556 210 630 Sounaa
231 560 299 632 quia
320 575 477 632 nunquam
499 558 705 616 eris-dominus
727 575 823 633 meus,
844 573 938 632 neque
960 573 1015 632 ego
1036 557 1124 616 homo

104 651 162 701 tuus.
198 644 323 702 Etcum
347 648 459 704 elnon
481 648 687 719 acquiesceret,
719 661 835 704 manum
857 644 932 702 illius
954 646 1036 719 quasi
1057 647 1124 704 vio-

101 730 173 789 lenter
190 734 321 806 aperuit,
343 732 532 806 lapidemque
553 734 702 806 imponens
724 731 806 790 dixit:
839 730 983 806 Quamdiu
1002 732 1124 792 „conclu-

101 815 181 896 sun³l
201 821 328 878 tenueris
345 818 482 894 lapidem
502 821 587 876 istum
608 821 638 876 in
659 835 746 876 manu
768 825 826 892 tua,
847 821 920 877 scies
931 821 1034 878 omnia
1062 818 1124 878 Re-

100 904 196 965 cedente
216 907 346 980 inimico,
368 909 483 964 iuvenis
505 908 635 980 surrexit,
659 905 772 964 scholas
792 907 922 978 intravit,
944 908 1125 981 quaestiones

99 995 232 1067 proposuit,
255 1010 421 1068 omnesque
446 992 615 1067 disputando
638 995 791 1068 superavit.
822 991 919 1050 Mirati
937 997 1003 1050 suut
1017 1009 1125 1067 omneS,

99 1077 158 1138 unde
176 1079 282 1138 idiotae
305 1085 392 1138 tauta
414 1075 577 1158 seiential),
599 1085 681 1137 tanta
700 1079 842 1154 facundia,
863 1081 976 1137 novitas
998 1085 1057 1138 tum
1077 1082 1124 1138 in-

98 1167 192 1224 usitata
234 1167 289 1226 [lle
313 1183 386 1226 vero
408 1169 558 1242 negotium
580 1165 703 1224 celatum
724 1166 831 1240 habuit
853 1183 906 1224 neo
924 1165 1009 1224 alicui
1030 1166 1126 1224 homi·

97 1269 151 1310 num
171 1270 289 1312 causam
311 1260 413 1312 tantae
437 1255 572 1312 scientiae
602 1270 744 1328 exponere
771 1253 869 1312 voluit.
911 1253 977 1312 Non
1005 1249 1126 1331 multo⁶)

96 1347 148 1412 post
165 1340 303 1399 infirmari
327 1343 425 1415 coepit
446 1357 538 1414 usque
560 1340 598 1397 ad
619 1350 755 1414 mortem3
777 1346 896 1398 vocatus
920 1347 963 1401 est
983 1340 1128 1414 sacerdos,

95 1429 135 1500 qui
154 1430 210 1484 eius
231 1428 349 1486 audiret
372 1427 591 1486 consessionem.
635 1426 692 1502 Qui
713 1430 785 1484 inter
806 1434 901 1486 cetera
913 1417 998 1486 etiarn
1010 1421 1031 1507 ⁶)
1054 1445 1126 1486 con·

95 1515 171 1572 lessus
192 1522 244 1590 est,
267 1514 420 1590 quomodo
443 1531 464 1572 a
484 1513 597 1572 diabolo
620 1516 774 1588 recepisset
794 1514 926 1590 lapidem,
949 1521 977 1572 et
999 1533 1064 1574 oum
1079 1515 1126 1573 la-

94 1600 148 1674 pide
167 1605 328 1662 scientiam.
372 1600 536 1676 Respondit
557 1600 703 1660 sacerdos:
728 1601 853 1675 Proiice,
875 1603 960 1660 miser
974 1598 1012 1680 ⁷),
1035 1609 1127 1661 artem

95 1687 198 1764 diaboli,
219 1707 257 1747 ne
282 1706 389 1763 expers
406 1687 467 1746 ,fias
488 1690 623 1746 scientiae
644 1688 708 1746 Dei.
753 1688 878 1746 Territus
898 1688 960 1761 ille,
986 1688 1128 1763 lapidem,

95 1791 166 1847 quern
187 1776 285 1835 adhuc
309 1793 401 1834 manu
424 1775 541 1833 terrebat
556 1771 587 1852 ⁰),
608 1777 734 1848 proiecit,
756 1782 784 1833 et
805 1793 871 1834 cum
892 1775 1127 1850 lapidelallaoem

95 1864 227 1922 scientiam
251 1863 399 1938 deposuit
445 1861 520 1936 Quid
541 1861 646 1935 plura?
688 1861 848 1920 Defunctus
871 1869 914 1920 est
935 1862 1070 1934 clericus,
1099 1870 1129 1922 et

95 1965 183 2024 corpus
206 1953 269 2009 eius
293 1952 426 2025 positum
447 1951 476 2006 in
498 1948 626 2022 ecclesia,
649 1948 783 2008 ordinatis
805 1949 1026 2007 circaleretrum
1040 1949 1127 2008 scho-

95 2034 187 2095 laribus
201 2035 244 2116 2),
268 2039 322 2112 qui
343 2052 426 2094 more
444 2033 604 2093 Christiano
625 2035 751 2110 psalmos
764 2036 966 2094 decantarent.
997 2035 1128 2094 Daemo-

95 2141 137 2181 nes
155 2127 283 2184 animam
306 2122 443 2181 tollentes
465 2128 494 2180 et
515 2122 553 2180 ad
574 2121 679 2179 vallem
699 2123 877 2198 profundam,
899 2122 1060 2197 terribilem,
1080 2122 1127 2180 lu-

96 2226 217 2286 urumque
239 2210 435 2285 sulphureum
452 2205 481 2287 ¹⁰)
498 2208 719 2283 evaporantem,
740 2209 818 2268 illam
837 2215 991 2284 portantes,
1013 2209 1128 2268 ordina-

96 2296 154 2355 bant
173 2315 204 2356 se
227 2315 266 2358 ex
288 2304 415 2372 utraque
436 2303 518 2370 parte
532 2295 630 2371 vallis3
654 2301 682 2353 et
695 2299 743 2370 qui
757 2297 872 2354 stabant
886 2314 921 2355 ex
931 2315 990 2355 una
1003 2293 1131 2375 parte¹'),

95 2386 208 2444 animam
228 2387 371 2444 miseram
392 2382 431 2442 ad
453 2381 663 2441 similitudinem
685 2383 743 2441 ludi
764 2383 840 2458 pilae
857 2384 1058 2460 proficiebant,
1080 2383 1129 2445 alii

96 2479 205 2547 exparte
213 2473 308 2531 altera
319 2467 348 2550 ¹²)
356 2488 411 2545 per
417 2469 635 2528 aerarolantem
646 2471 777 2529 manibus
785 2471 986 2545 suscipiebant.
1001 2469 1129 2546 Quorum

96 2575 194 2635 ungues
204 2563 248 2618 ita
259 2565 343 2619 erant
355 2558 519 2630 acutissimi,
529 2563 561 2616 ut
572 2574 640 2614 acus
651 2554 839 2636 exacuatas¹³)
852 2574 993 2632 omneque
1007 2575 1129 2616 acumen
1194 2599 1199 2612 ,

97 2643 149 2703 lerri
157 2645 424 2723 incomparabiliter
437 2645 611 2718 superarent.
637 2643 780 2720 Aquibus
790 2647 830 2701 ita
840 2645 1035 2719 torquebatur,
1055 2647 1130 2704 sicut

97 2739 185 2804 postea
207 2733 334 2806 dicebat,
358 2749 425 2789 oum
448 2747 514 2788 eum
535 2732 673 2788 lactarent
693 2730 741 2790 vel
763 2732 932 2806 exciperent,
954 2737 986 2788 ut
1007 2731 1047 2788 illi
1067 2737 1128 2790 tor-

98 2827 181 2878 mento
192 2821 304 2878 nullum
316 2836 410 2895 genus
423 2823 628 2876 tormentorum
634 2813 661 2896 14)
672 2825 770 2892 posset
779 2820 967 2894 aequiparari.
994 2817 1129 2878 Misertus

98 2903 161 2965 illius
180 2907 336 2979 Dominus
359 2907 438 2962 misit
457 2906 552 2963 nescio
576 2921 663 2980 quam
685 2905 837 2964 coelestem
856 2922 1016 2979 personam,
1037 2897 1129 2963 virum

98 3009 209 3070 magnae
232 2991 423 3077 reuerentiae,
446 2992 494 3066 qui
516 2991 702 3052 daemonibus
720 2992 776 3052 tale
790 2994 925 3050 nuncium
937 2988 1129 3070 deferebat¹⁵):

116 3264 141 3333 l)
157 3267 177 3319 B
195 3266 418 3328 homicidium,
436 3264 477 3316 hic
494 3273 521 3315 et
538 3265 609 3316 inira.
630 3294 660 3304 -
688 3266 721 3333 2]
738 3265 758 3318 C
775 3266 1018 3332 scripturarum.
1038 3295 1068 3303 -
1097 3265 1130 3332 3)

160 3336 366 3399 Ginclusum,
387 3364 417 3374 -
438 3335 470 3403 4)
488 3343 579 3386 tants
597 3337 736 3386 scientia
754 3351 795 3386 om
813 3335 838 3385 P.
851 3365 881 3373 -
901 3335 932 3400 5]
951 3331 972 3385 C
989 3334 1128 3386 multum.

161 3407 252 3474 ojnu
279 3408 333 3474 qui
362 3405 458 3455 etism
486 3407 574 3455 inter
599 3414 719 3456 cetera.
740 3435 770 3444 —
799 3405 830 3471 7)
848 3405 942 3456 miser
969 3419 1009 3454 om
1028 3403 1076 3456 Bc.
1097 3433 1127 3443 -
1191 3427 1193 3434 >

162 3477 193 3543 8]
209 3476 230 3528 B
248 3480 280 3529 in
308 3491 401 3526 manu
429 3473 580 3537 tenebat,
598 3473 618 3526 G
634 3491 726 3526 manu
743 3473 885 3542 gerebat.
906 3503 936 3511 -
956 3473 987 3540 9]
1006 3473 1025 3525 G
1043 3473 1128 3525 ordi-

162 3549 227 3597 nati
253 3554 331 3598 sunt
358 3546 446 3595 circa
470 3543 627 3594 feretrum
646 3543 825 3596 scholares.
845 3571 875 3582 -
897 3543 944 3609 to]
963 3543 983 3594 G
999 3543 1130 3610 sulphu-

65 3671 70 3688 ,
164 3631 313 3685 reumque
340 3615 466 3665 furnum.
488 3642 518 3652 -
541 3602 868 3681 ttjcaddvrllrsfi-
900 3611 1038 3678 l2)0ex
1065 3613 1130 3664 alia

164 3695 267 3751 parte3
295 3700 355 3738 mox
379 3681 446 3734 idem
464 3698 579 3735 aerem.
599 3711 630 3724 -
659 3684 706 3751 13)
725 3685 761 3735 sic
778 3698 865 3734 omues
882 3679 940 3732 libri
957 3697 1049 3750 magno
1067 3697 1130 3734 corr-

166 3770 245 3808 remu.
265 3785 297 3796 ·—-
318 3753 368 3822 14)
387 3753 427 3806 ut
445 3753 609 3810 tormenti.
630 3781 660 3792 -
682 3753 729 3822 15)
747 3749 767 3806 B
785 3749 964 3834 referebat.
