2642 4330
178 265 241 326 ata
499 263 728 326 Dlsuntt'no
756 263 892 326 SEXTA

178 386 258 462 dunt,
278 386 453 464 etegonihil
465 385 647 463 habeoquod
660 385 819 448 c'omedam
840 385 1041 456 NOVICIUSr
1063 383 1219 463 Quomodo

178 473 361 534 excusabitur
367 474 423 534 hoo
433 474 561 534 iactum?
572 474 808 535 MONACHUS:
821 475 915 534 Multa
924 475 1128 549 licentsanctis,
1139 491 1212 549 qnae

177 560 222 620 his
239 561 289 636 qni
305 563 398 620 sancti
421 578 479 620 non
496 569 579 637 sunt,
599 579 657 621 non
680 563 775 622 licent
805 562 864 622 Ubi
884 564 999 638 spiritns
1019 562 1152 636 Domini,
1171 561 1211 619 ibi

176 647 295 706 libertas
311 644 337 726 ¹).
358 647 443 707 Unde
456 652 625 708 auctoritas:
643 649 729 708 Habe
744 651 899 723 cantatam,
911 656 940 707 et
952 649 998 707 iac
1010 647 1147 723 quicquid
1159 649 1211 707 vis.

76 789 89 796 -
177 733 335 794 Excusavit
347 751 413 794 eum
430 738 542 812 caritas3
563 739 712 796 excusavit
721 754 787 794 eum
797 738 962 811 necessitas,
982 737 1131 794 excusavit
1147 751 1212 794 eum

176 823 346 896 auctoritas,
368 825 516 882 excusavit
531 841 598 882 cum
616 824 785 882 fraternitas.
823 822 942 896 Caritas,
966 825 1034 898 quia
1055 822 1210 882 consolatio

176 903 336 984 pauperum
356 909 422 967 lecit
442 908 522 968 illum
530 906 552 989 ²)
574 927 668 985 egere.
709 910 874 969 Necessitas
894 926 971 985 vero,
994 907 1098 989 quae³)
1120 908 1211 984 legem

176 1012 234 1054 non
248 994 344 1069 habet,
365 995 400 1054 de
412 1013 470 1071 qua
482 995 654 1072 Rudolphus
665 999 780 1056 maioris
796 996 934 1056 ecclesiae
948 999 978 1054 iu
989 995 1109 1056 Colonia
1118 995 1211 1056 Scho-

176 1081 293 1142 lastieus
314 1084 356 1141 sic
377 1081 522 1158 discipulis
543 1086 602 1142 suis
634 1083 727 1142 dicere
756 1085 919 1143 consuevit:
951 1082 1117 1159 Antequam
1138 1083 1211 1141 lame
1295 1097 1296 1102 ’

176 1184 315 1242 morerer,
347 1168 383 1227 de
411 1166 566 1249 pedibus⁴)
598 1187 730 1246 raperem
756 1169 883 1229 crucifixi
915 1169 993 1244 qnod
1026 1169 1211 1229 comederem.
1295 1199 1296 1206 1

175 1253 333 1315 Excusasit
359 1271 426 1314 eum
454 1256 666 1330 quodammodo
695 1259 862 1331 auctoritas,
891 1259 959 1332 quia
979 1257 1117 1316 Decanus
1139 1262 1211 1329 erat,

177 1347 207 1402 et
236 1343 318 1416 quasi
345 1348 426 1417 pater
453 1343 579 1402 fratrum.
629 1343 819 1419 Fraternitas,
849 1346 917 1419 quia
943 1343 1089 1402 iudicabat
1118 1344 1212 1402 omnia

177 1429 309 1488 onuribus
331 1445 396 1488 esse
418 1429 522 1488 debere
544 1433 714 1505 communia
737 1433 811 1490 sieut
832 1437 861 1490 ot
882 1449 935 1490 sua
953 1431 1085 1489 omnibus
1106 1430 1212 1489 iecerat

177 1517 348 1576 communia
392 1515 465 1574 dum
492 1518 551 1575 iam
579 1535 615 1576 ex
644 1517 757 1577 defectu
778 1520 902 1594 corporis
931 1521 1090 1592 aetatisque
1118 1516 1211 1576 senilis

177 1602 254 1662 diem
271 1604 371 1661 mortis
389 1619 458 1662 suae
476 1604 530 1661 sibi
551 1605 697 1664 imminere
712 1607 836 1678 sentiret,
856 1622 893 1663 ne
906 1621 1062 1680 pauperem
1083 1606 1212 1679 spiritum
1295 1627 1296 1642 ¹

176 1688 274 1764 aliqua
294 1695 406 1749 terrena
434 1693 576 1766 possessio
597 1689 798 1766 repatriantem
820 1698 964 1766 oneraret,
992 1691 1110 1750 domum
1132 1707 1212 1750 suam

162 1775 320 1851 ·vendidit,
351 1779 531 1854 pretiumque
557 1777 647 1853 illius,
679 1795 737 1836 non
766 1780 909 1854 cognatis,
937 1794 995 1837 non
1021 1768 1137 1853 amieis,
1162 1774 1212 1838 sed
1295 1821 1296 1824 ,

177 1861 281 1921 Christi
311 1865 486 1940 pauperibus
518 1865 638 1939 propriis
669 1866 801 1924 manibus
822 1865 925 1924 divisit.
977 1865 1107 1924 Noverat
1138 1866 1211 1922 enim

177 1953 384 2014 concanonicos
410 1949 612 2026 manufideles,
642 1958 709 2026 post
735 1957 857 2011 mortem
887 1953 981 2010 minus
1013 1967 1076 2010 esse
1104 1950 1211 2009 fideles.

157 2035 231 2096 ·Gui
253 2053 319 2096 eum
340 2035 446 2096 diceret
467 2040 491 2095 ir
509 2041 558 2112 qui
572 2038 689 2097 domum
711 2045 826 2112 emerat,
847 2037 963 2112 quidam
981 2037 1118 2097 ecclesiae
1138 2037 1211 2096 illius

177 2123 311 2183 sacerdos
340 2129 426 2198 atque
455 2127 623 2199 canonicus,
652 2126 765 2183 nomine
795 2124 959 2184 Conradus:
988 2124 1129 2198 Domine,
1158 2139 1210 2199 ego

146 875 157 918 Ι

176 2209 243 2269 volo
272 2209 379 2269 habere
402 2210 520 2285 domum
539 2228 648 2286 meam3
676 2210 823 2287 respondit
848 2210 895 2270 illc
923 2211 1008 2270 valde
1037 2211 1209 2287 simpliciter:
1295 2215 1296 2274 l

176 2296 258 2356 Bone
270 2295 408 2370 conrade,
430 2297 517 2357 homo
539 2315 603 2356 sum
614 2297 774 2372 decrepitus
789 2304 817 2356 et
831 2315 927 2372 senex,
949 2301 1005 2357 cito
1026 2301 1139 2372 moriar,
1160 2314 1210 2356 ex-

177 2389 277 2459 specta
292 2382 449 2458 paululum,
471 2390 500 2442 et
512 2381 533 2462 ⁵)
555 2386 628 2444 bene
646 2384 766 2445 habebis
784 2401 857 2444 eam.
874 2384 947 2455 ,Ubi
968 2387 1011 2444 vis
1032 2391 1065 2444 nt
1078 2401 1210 2443 maneam

175 2468 311 2528 interim?
332 2468 384 2528 llle
406 2471 572 2544 virbonus,
595 2470 631 2529 de
652 2473 820 2530 necessitate
840 2470 947 2532 iaciens
969 2473 1118 2545 virtutem,
1143 2471 1210 2530 satis

176 2558 318 2632 patienter
339 2557 449 2615 obitum
471 2559 531 2616 cius
553 2560 739 2632 exspectavit.
781 2558 891 2617 Tantae
919 2560 1004 2634 igitur
1023 2559 1138 2633 pietatis
1160 2573 1210 2616 er-

176 2644 248 2702 stitit
267 2643 311 2700 vir
332 2643 450 2716 beatus,
478 2650 511 2702 ut
537 2653 624 2719 saepe
652 2647 681 2702 in
709 2647 820 2719 porticu
842 2644 980 2704 ecclcsiae
1001 2644 1117 2718 sedens,
1147 2659 1210 2703 cum
1295 2717 1296 2722 γ

176 2745 317 2804 pauperes
338 2746 435 2787 musso
447 2727 478 2809 ⁶),
500 2747 586 2805 quem
601 2731 637 2789 de
648 2747 763 2790 nemore
777 2730 958 2808 collegerant,
979 2737 1111 2790 oneratos
1125 2747 1209 2806 prae-
1295 2797 1296 2806 χ

176 2817 260 2874 terire
278 2821 414 2890 cerneret,
436 2825 542 2876 emeret
562 2820 632 2892 ipse,
653 2834 711 2875 non
723 2814 829 2895 quod²l
852 2833 887 2876 eo
908 2819 937 2875 in
948 2817 1042 2893 aliquo
1063 2818 1209 2894 indigeret,

176 2901 228 2961 sed
255 2909 288 2961 ut
316 2917 457 2979 pauperes
484 2919 503 2962 a
529 2902 629 2962 labore
657 2904 798 2963 liberaret
840 2903 887 2964 De
916 2922 973 2980 quo
1003 2907 1089 2964 etiam
1116 2902 1210 2963 retulit
1295 2957 1296 2960 ,

175 2988 245 3046 mihi
265 2988 396 3048 Renerus
417 2990 575 3049 monachus
596 2997 708 3065 noster,
730 2990 901 3066 quandoque
924 2991 1052 3050 eiusdem
1073 2991 1208 3050 ecclesiae
1295 3037 1296 3040 ,

175 3073 384 3151 Scholasticus,
417 3076 493 3150 quod
522 3076 568 3136 die
590 3077 715 3153 quadam
736 3095 803 3136 eum
822 3095 933 3154 pauper
954 3078 1069 3153 quidam
1089 3077 1209 3153 plurima
1295 3117 1296 3120 κ

175 3161 290 3222 flabella
322 3168 448 3239 portaret
475 3161 620 3244 venalia⁸)
642 3166 671 3222 in
692 3166 750 3223 iam
771 3165 847 3224 dicta
867 3167 991 3240 porticu,
1011 3181 1066 3224 nec
1087 3162 1208 3223 vendere

175 3255 288 3325 posset,
320 3250 374 3308 sibi
401 3249 482 3307 illum
504 3249 623 3309 dixisse:
651 3250 780 3325 Ranae,
816 3269 879 3311 eme
907 3250 1022 3310 flabella
1044 3253 1113 3309 ista.
1156 3249 1207 3308 Oui
1295 3319 1296 3328 χ

177 3335 374 3396 cumdicerct:
395 3337 529 3411 Domine,
550 3354 608 3396 non
621 3337 800 3414 eisindige03
821 3337 1038 3414 responditille:
1054 3331 1207 3412 Emcea2),

177 3429 206 3482 et
228 3423 266 3482 da
292 3424 391 3483 amicis
412 3426 477 3482 turis.
521 3422 576 3499 Qui
599 3427 666 3483 emit
686 3424 750 3499 illa,
778 3426 870 3484 sciens
900 3427 1124 3499 compassionem
1145 3422 1207 3480 De·

176 3512 240 3570 cani
274 3511 320 3568 sui
350 3516 461 3569 tanum
500 3527 563 3570 esse
599 3512 629 3570 iu
668 3529 763 3572 causa.
816 3511 1027 3571 Misericordiae
1053 3509 1207 3570 visceribus

195 3696 225 3765 1)
244 3694 302 3750 Cor.
320 3695 350 3760 11,
368 3692 393 3760 3,
413 3697 453 3748 17.
468 3727 498 3736 -
517 3698 549 3766 2)
567 3698 628 3750 sscu
646 3710 723 3750 eum.
743 3727 774 3738 -
793 3699 825 3766 3)
843 3697 862 3750 G
880 3699 963 3766 quia.
984 3727 1014 3738 -
1032 3697 1067 3766 l)
1085 3696 1103 3748 Ρ
1119 3695 1205 3763 panl-
1295 3705 1296 3710 ’

244 3765 312 3817 bus.
332 3795 362 3806 -
382 3766 414 3834 5)
434 3775 464 3818 et
482 3766 531 3819 add
549 3767 576 3819 G.
589 3797 619 3806 —
639 3769 670 3835 6)
686 3770 722 3818 sie
739 3767 804 3832 libri,
821 3776 850 3819 ut
861 3767 961 3820 videtur
977 3782 1023 3835 pro
1041 3777 1154 3819 museo.
1174 3791 1203 3802 -
1295 3799 1296 3810 r

245 3835 277 3903 7)
295 3834 351 3887 libri
369 3844 410 3889 ut.
431 3865 461 3877 -
480 3837 513 3906 8)
531 3836 572 3890 BC
589 3837 720 3889 venalia
738 3846 895 3905 portaret.
915 3867 946 3880 -
965 3838 997 3906 9)
1015 3852 1051 3890 aa
1067 3835 1117 3889 add
1132 3833 1161 3886 B.
