2654 4308
174 254 235 317 rsa
349 215 353 223 “
485 251 712 318 ursummuo
733 251 898 318 oounva

173 373 305 434 obtinuit.
347 371 487 436 ostensus
500 382 544 436 est
564 377 590 435 ei
611 375 729 452 quidam
749 377 863 437 nomine
876 373 999 450 Ulrious,
1020 375 1068 435 cui
1084 390 1208 436 consue·

173 459 244 524 ttrdo
276 465 338 520 erat
368 461 523 521 earundem
553 477 699 522 sacmrum
730 470 888 541 martyrum
922 478 1043 538 corpora
1076 460 1209 522 effodere

174 545 341 608 Conductus
370 563 439 608 vero
460 549 499 610 ab
520 548 654 625 Abbate,
686 567 753 610 cum
780 553 811 610 lu
838 549 903 612 loeo
931 549 1114 610 denominato
1136 547 1210 608 duos

172 635 324 709 reperisset
349 635 514 713 surcoiogos
523 631 556 716 ¹),
583 642 612 697 et
632 653 691 696 uno
711 643 812 713 aperto
831 637 906 696 inter
926 653 993 696 ossa
1012 653 1096 696 sacra
1114 628 1210 714 pecti&
1315 665 1316 696 l

173 736 242 780 nem
261 717 482 797 pulcherrimum
502 722 628 798 vidisset,
652 725 815 801 concupivit
835 729 865 784 et
885 723 958 800 tulit,
978 739 1101 799 eumque
1123 737 1211 800 cyro·

93 833 95 838 ’
173 805 276 868 thecae
304 823 373 868 suae
399 810 574 885 immissum,
601 812 631 868 in
651 811 745 869 sinum
765 811 892 888 proiecit
934 807 963 870 A
985 827 1042 886 quo
1064 827 1131 870 cum
1150 811 1211 870 im-

172 891 317 972 pediretur
336 895 366 952 in
379 894 522 971 fodiendo,
543 913 609 956 eum
622 899 753 973 extraxit,
772 914 859 974 super
870 897 977 958 fossam
996 896 1077 956 illum
1097 911 1211 974 ponens

172 979 202 1042 tn
228 979 292 1042 loco
320 983 463 1042 eminenti.
503 981 713 1060 Superveniens
741 982 885 1060 quaedam
906 1001 942 1044 ex
963 983 1124 1062 sororibus,
1147 989 1211 1042 tam

172 1064 358 1148 curialitate2)
391 1085 479 1145 quam
506 1071 657 1131 sanctitate
683 1071 803 1148 pectinis
831 1069 986 1147 delectata,
1014 1075 1124 1130 secrete
1144 1067 1221 1140 tulit¹

171 1160 201 1215 et
221 1154 300 1214 abiit.
342 1154 517 1232 Corporibus
537 1171 606 1216 vero
628 1157 737 1218 effossis
759 1164 789 1217 et
807 1159 837 1216 in
855 1159 957 1217 scrinio
971 1156 1104 1217 decenter
1126 1171 1211 1216 com-

170 1241 286 1320 positis,
317 1257 383 1301 oum
415 1259 499 1302 mane
526 1241 629 1304 Abbas
661 1261 727 1304 cum
760 1245 801 1304 eis
827 1243 970 1322 proticisci
996 1245 1211 1321 proposuisset,

170 1325 271 1389 eadem
298 1333 384 1389 noete
410 1331 441 1388 in
467 1329 560 1390 torma
587 1336 617 1390 et
642 1329 744 1392 habitu
763 1331 895 1413 virginali
914 1329 955 1390 illi
974 1331 1004 1389 ln
1024 1330 1132 1390 somnis
1152 1346 1212 1407 ap-

170 1421 304 1492 parentes
333 1415 478 1476 dixerunt:
510 1416 620 1477 Tecum
648 1419 689 1478 ire
717 1435 776 1479 non
803 1435 966 1496 possumus.
1008 1416 1211 1494 Quibuscum

170 1501 378 1578 respondisset,
415 1520 503 1579 quare
535 1501 735 1568 dilectissimae
767 1503 922 1565 dominae?
957 1502 1105 1564 subiunxit
1134 1518 1211 1564 une:

170 1587 247 1665 Quia
267 1590 410 1665 pectinem
430 1606 527 1650 meum
547 1589 672 1674 perditi,
704 1587 819 1672 quem⁸)
841 1591 911 1654 mihi
931 1597 1023 1652 mater
1042 1607 1109 1650 mea
1130 1588 1213 1650 dedit

171 1690 238 1736 eum
252 1673 288 1738 de
309 1677 402 1753 patria
422 1693 489 1738 mea
509 1677 666 1754 egrederer.
707 1677 748 1737 Et
766 1677 826 1738 ille:
849 1678 922 1756 Quis
943 1675 1032 1738 habet
1049 1675 1131 1738 illum
1152 1673 1211 1738 do·

169 1763 248 1821 mina
278 1761 365 1842 mear?
397 1762 571 1840 Respondit:
603 1764 727 1840 Quando
755 1763 868 1826 Ulricus
899 1762 1083 1841 sepulchrum
1111 1779 1211 1824 meum

168 1850 293 1924 aperuit,
314 1855 343 1909 et
363 1849 481 1911 vidisset
499 1849 592 1925 illum,
614 1851 785 1928 cyrothecae
805 1867 876 1912 suae
896 1852 1041 1928 imposrdt,
1062 1866 1129 1910 cum
1149 1867 1211 1927 qua

168 1934 320 1996 abscondit
349 1936 428 1996 illum
455 1940 486 1997 in
512 1939 578 1998 sinu
605 1955 667 2000 suo.
717 1938 812 2016 Quem
840 1955 907 2002 oum
935 1943 1095 1998 extractum
1120 1953 1212 2014 super
1316 1999 1317 2010 ,

169 2019 357 2100 marginemt)
378 2024 472 2084 fossae
492 2026 644 2101 posuisset,
665 2026 867 2101 superveniens
887 2023 1030 2101 quaedam
1050 2025 1230 2085 sanctimo·.

169 2108 252 2169 niam
272 2107 464 2192 Friderunis⁸)
485 2113 608 2187 nomino,
619 2111 714 2172 iurata
734 2118 780 2173 ost
790 2111 880 2172 illum.
910 2103 999 2171 Mune
1011 2110 1051 2172 ad
1064 2109 1210 2172 Abbatis-
1317 2166 1318 2187 ,

169 2211 233 2256 sem
253 2199 370 2256 veniens
391 2199 445 2258 ait:
475 2197 561 2275 Quod
584 2205 628 2259 est
647 2215 752 2260 nomen
773 2198 908 2274 hominis,
936 2201 986 2274 qui
1007 2198 1133 2275 virgines
1151 2195 1210 2258 lias
1317 2193 1318 2220 ³

169 2282 287 2346 effodit?
329 2283 500 2362 Respondit,
528 2283 650 2346 meus.
691 2285 731 2346 Et
751 2285 871 2348 adiecit:
897 2285 950 2346 Est
969 2284 1017 2348 hle
1033 2285 1131 2360 aliqua
1151 2283 1209 2346 do·

167 2370 341 2446 mineorum
362 2377 480 2432 vocetur
500 2370 686 2434 Fridemnis?
727 2371 931 2450 Respondente
952 2389 996 2448 ea,
1016 2374 1112 2449 eiiam3
1133 2372 1209 2434 suh-

167 2457 249 2518 iecit:
276 2457 365 2533 Peto,
390 2463 423 2518 ut
450 2465 570 2536 uterque
598 2465 725 2522 vocetur.
768 2457 855 2538 Quod
884 2475 950 2520 oum
976 2458 1085 2520 iactum
1115 2463 1209 2534 osset,

168 2544 209 2604 alt
240 2541 349 2606 Ulrico:
390 2543 513 2621 Quando
545 2563 664 2624 corpora
695 2563 778 2608 sacra
809 2544 946 2621 effodisti,
983 2548 1127 2623 pectinem
1165 2543 1208 2606 ibi

168 2631 314 2705 invenisti,
343 2637 439 2692 cetera
466 2649 540 2710 quae
569 2651 657 2710 supra
677 2632 754 2694 dicta
774 2640 842 2694 sunt
862 2631 1030 2709 adiungens.
1070 2631 1209 2708 Respon-

169 2715 255 2778 deute
282 2716 352 2794 illo„
377 2718 490 2780 domiue
522 2737 636 2779 verum·
652 2726 708 2797 est,
741 2737 896 2782 conversus
922 2719 961 2782 ad
987 2713 1207 2802 Fridemnam‘)

169 2801 253 2864 dixit:
274 2803 313 2863 Et
333 2821 386 2866 vos
408 2804 524 2866 domina
544 2807 647 2866 tulistis
668 2805 758 2866 illum.
800 2803 867 2888 Qua
888 2805 1050 2880 confitente,
1070 2805 1208 2866 subintu-

166 2887 213 2952 lit:
241 2889 325 2970 Rogo
354 2897 387 2952 ut
413 2894 568 2956 restituatis
596 2895 754 2970 pectinem,
783 2893 852 2970 quia
878 2894 939 2956 sine
960 2891 1008 2952 illo
1029 2909 1143 2952 mecum
1163 2893 1207 2952 ire

165 2985 298 3038 renuunt
330 2977 423 3055 Quem
445 2996 510 3040 cum
524 2979 643 3040 celerius
655 2979 805 3056 retulisset,
826 2985 856 3042 et
868 2977 905 3040 ab
920 2977 1037 3042 Abbato
1057 2980 1087 3040 in
1101 2979 1205 3040 scrinio

166 3065 277 3142 positus
296 3063 404 3140 luisset,
424 3065 463 3126 ad
479 3069 683 3128 monasterium
695 3083 780 3128 suum
793 3065 856 3128 illas
871 3065 994 3142 devexit,
1013 3067 1043 3126 in
1058 3081 1116 3144 quo
1137 3082 1206 3126 cum

166 3151 258 3212 multa
270 3150 361 3229 gloria
373 3158 440 3212 suut
452 3159 610 3230 susceptae,
624 3154 691 3213 etin
702 3151 766 3213 loco
777 3153 898 3213 honesto
909 3153 1031 3213 locatae.
1051 3147 1087 3211 Iu
1097 3169 1206 3229 magua

165 3238 206 3298 ibi
220 3238 332 3298 fuerant
346 3241 538 3316 veneratione,
553 3239 606 3302 sed
619 3239 675 3301 hoc
693 3239 831 3316 quamdiu
846 3241 918 3300 vixit
928 3238 1030 3300 Abbas
1046 3237 1093 3300 ille
1108 3240 1155 3300 cul
1171 3255 1206 3300 se

165 3325 371 3388 revelaverant.
402 3325 544 3403 Tempore
564 3325 725 3389 schismatis
746 3326 824 3403 quod
844 3333 905 3388 arat
924 3328 998 3386 inter
1016 3323 1152 3386 Ottoncm
1174 3332 1207 3387 ot

166 3411 845 3490 PldlippumRegesRumanorum,oumdiversa
854 3411 1207 3489 bellaoocupareut'l'hn·

165 3499 294 3578 cinglum,
310 3501 412 3559 timore
424 3499 537 3560 illorum
551 3499 652 3561 cadom
665 3517 748 3560 sacra
757 3517 879 3577 corpora
890 3517 957 3561 cum
967 3498 1207 3575 ceterlsreliqulis

184 3597 216 3670 1)
232 3595 256 3652 Α
275 3596 505 3669 sarchofagos,
522 3597 544 3654 B
562 3599 774 3669 sarcofagos,
792 3597 1079 3670 Cl’uarcopliagos.
1093 3597 1206 3668 -2)C

234 3668 440 3724 curiositate.
465 3697 496 3712 -
519 3669 551 3738 3)
570 3668 593 3723 Α
614 3667 706 3742 quod.
726 3695 757 3712 —·
781 3669 852 3738 tJti
874 3673 1055 3746 mergiuom.
1074 3697 1107 3709 -
1130 3671 1147 3722 5
1182 3669 1207 3724 B

233 3735 424 3862 ggpltllgginriua,
442 3737 463 3796 O
479 3738 709 3843 Fridorundis,
726 3739 746 3796 P
762 3737 978 3802 Fridotiudio.
995 3770 1026 3786 -
1044 3739 1077 3812 6)
1094 3736 1116 3796 D
1160 3740 1208 3794 ri-
