<?xml version="1.0" encoding="UTF-8"?>
<!DOCTYPE html PUBLIC "-//W3C//DTD XHTML 1.0 Transitional//EN"
    "http://www.w3.org/TR/xhtml1/DTD/xhtml1-transitional.dtd">
<html xmlns="http://www.w3.org/1999/xhtml" xml:lang="en" lang="en">
 <head>
  <title>
</title>
<meta http-equiv="Content-Type" content="text/html;charset=utf-8" />
  <meta name='ocr-system' content='tesseract 3.04.00' />
  <meta name='ocr-capabilities' content='ocr_page ocr_carea ocr_par ocr_line ocrx_word'/>
</head>
<body>
  <div class='ocr_page' id='page_1' title='image "./caesariiheister05stragoog/caesariiheister05stragoog_0233.png"; bbox 0 0 2622 4322; ppageno 0'>
   <div class='ocr_carea' id='block_1_1' title="bbox 131 201 853 342">
    <p class='ocr_par' dir='ltr' id='par_1_1' title="bbox 131 201 853 342">
     <span class='ocr_line' id='line_1_1' title="bbox 131 201 853 342; baseline 0.008 -21"><span class='ocrx_word' id='word_1_1' title='bbox 131 261 192 322; x_wconf 82' lang='lat' dir='ltr'><strong>are</strong></span> <span class='ocrx_word' id='word_1_2' title='bbox 355 201 364 223; x_wconf 67' lang='grc'><strong><em>’</em></strong></span> <span class='ocrx_word' id='word_1_3' title='bbox 431 259 660 324; x_wconf 79' lang='lat' dir='ltr'><strong>omrmorm</strong></span> <span class='ocrx_word' id='word_1_4' title='bbox 689 254 853 342; x_wconf 73' lang='lat' dir='ltr'><strong>polana</strong></span> 
     </span>
    </p>
   </div>
   <div class='ocr_carea' id='block_1_2' title="bbox 125 383 1166 1052">
    <p class='ocr_par' dir='ltr' id='par_1_2' title="bbox 125 383 1166 1052">
     <span class='ocr_line' id='line_1_2' title="bbox 128 383 1165 461; baseline 0.007 -15"><span class='ocrx_word' id='word_1_5' title='bbox 128 383 300 446; x_wconf 76' lang='lat' dir='ltr'><strong>Sicutaemibi</strong></span> <span class='ocrx_word' id='word_1_6' title='bbox 318 383 415 443; x_wconf 91' lang='lat' dir='ltr'><strong>retulit</strong></span> <span class='ocrx_word' id='word_1_7' title='bbox 433 386 492 444; x_wconf 90' lang='lat' dir='ltr'><strong>iam</strong></span> <span class='ocrx_word' id='word_1_8' title='bbox 515 384 607 445; x_wconf 87' lang='lat' dir='ltr'><strong>dietus</strong></span> <span class='ocrx_word' id='word_1_9' title='bbox 627 383 739 461; x_wconf 89' lang='lat' dir='ltr'><strong>Abbas,</strong></span> <span class='ocrx_word' id='word_1_10' title='bbox 760 388 801 448; x_wconf 88' lang='lat' dir='ltr'><strong>ita</strong></span> <span class='ocrx_word' id='word_1_11' title='bbox 821 388 919 450; x_wconf 88' lang='lat' dir='ltr'><strong>vultus</strong></span> <span class='ocrx_word' id='word_1_12' title='bbox 939 391 1045 451; x_wconf 89' lang='lat' dir='ltr'><strong>novicii</strong></span> <span class='ocrx_word' id='word_1_13' title='bbox 1069 392 1165 454; x_wconf 89' lang='lat' dir='ltr'><strong>subito</strong></span> 
     </span>
     <span class='ocr_line' id='line_1_3' title="bbox 127 471 1166 548; baseline 0.01 -18"><span class='ocrx_word' id='word_1_14' title='bbox 127 471 220 532; x_wconf 84' lang='lat' dir='ltr'><strong>suerat</strong></span> <span class='ocrx_word' id='word_1_15' title='bbox 240 473 421 546; x_wconf 85' lang='lat' dir='ltr'><strong>immutatus,</strong></span> <span class='ocrx_word' id='word_1_16' title='bbox 452 477 485 530; x_wconf 94' lang='lat' dir='ltr'><strong>ut</strong></span> <span class='ocrx_word' id='word_1_17' title='bbox 505 471 623 548; x_wconf 82' lang='lat' dir='ltr'>nigredo</span> <span class='ocrx_word' id='word_1_18' title='bbox 645 472 824 534; x_wconf 83' lang='lat' dir='ltr'><strong>maxillarum</strong></span> <span class='ocrx_word' id='word_1_19' title='bbox 846 482 875 535; x_wconf 90' lang='lat' dir='ltr'><strong>et</strong></span> <span class='ocrx_word' id='word_1_20' title='bbox 895 482 1001 538; x_wconf 92' lang='lat' dir='ltr'><strong>tremor</strong></span> <span class='ocrx_word' id='word_1_21' title='bbox 1022 478 1166 540; x_wconf 78' lang='lat' dir='ltr'>labiorum</span> 
     </span>
     <span class='ocr_line' id='line_1_4' title="bbox 126 557 1165 636; baseline 0.01 -18"><span class='ocrx_word' id='word_1_22' title='bbox 126 561 196 618; x_wconf 88' lang='lat' dir='ltr'><strong>satis</strong></span> <span class='ocrx_word' id='word_1_23' title='bbox 218 557 409 632; x_wconf 80' lang='lat' dir='ltr'><strong>ostenderent,</strong></span> <span class='ocrx_word' id='word_1_24' title='bbox 430 557 499 633; x_wconf 92' lang='lat' dir='ltr'><strong>quid</strong></span> <span class='ocrx_word' id='word_1_25' title='bbox 520 558 605 618; x_wconf 90' lang='lat' dir='ltr'><strong>corde</strong></span> <span class='ocrx_word' id='word_1_26' title='bbox 627 563 813 636; x_wconf 69' lang='lat' dir='ltr'><strong>concepisset</strong></span> <span class='ocrx_word' id='word_1_27' title='bbox 855 561 1059 626; x_wconf 81' lang='lat' dir='ltr'><strong>NOVlOIUS:</strong></span> <span class='ocrx_word' id='word_1_28' title='bbox 1086 566 1165 627; x_wconf 85' lang='lat' dir='ltr'><strong>Eece</strong></span> 
     </span>
     <span class='ocr_line' id='line_1_5' title="bbox 126 644 1164 730; baseline 0.01 -27"><span class='ocrx_word' id='word_1_29' title='bbox 126 644 203 704; x_wconf 85' lang='lat' dir='ltr'><strong>istud</strong></span> <span class='ocrx_word' id='word_1_30' title='bbox 225 650 269 704; x_wconf 92' lang='lat' dir='ltr'><strong>est</strong></span> <span class='ocrx_word' id='word_1_31' title='bbox 291 644 447 720; x_wconf 90' lang='lat' dir='ltr'><strong>quodiam</strong></span> <span class='ocrx_word' id='word_1_32' title='bbox 470 644 542 721; x_wconf 86' lang='lat' dir='ltr'>dixi,</span> <span class='ocrx_word' id='word_1_33' title='bbox 571 649 639 721; x_wconf 88' lang='lat' dir='ltr'><strong>quia</strong></span> <span class='ocrx_word' id='word_1_34' title='bbox 665 650 784 708; x_wconf 80' lang='lat' dir='ltr'><strong>navidis</strong></span> <span class='ocrx_word' id='word_1_35' title='bbox 805 652 924 709; x_wconf 89' lang='lat' dir='ltr'><strong>tentatio</strong></span> <span class='ocrx_word' id='word_1_36' title='bbox 946 651 1029 710; x_wconf 83' lang='lat' dir='ltr'><strong>facile</strong></span> <span class='ocrx_word' id='word_1_37' title='bbox 1050 655 1164 730; x_wconf 88' lang='lat' dir='ltr'><strong>veniat,</strong></span> 
     </span>
     <span class='ocr_line' id='line_1_6' title="bbox 126 729 1163 811; baseline 0.007 -19"><span class='ocrx_word' id='word_1_38' title='bbox 126 736 156 792; x_wconf 92' lang='lat' dir='ltr'><strong>et</strong></span> <span class='ocrx_word' id='word_1_39' title='bbox 176 731 258 791; x_wconf 84' lang='lat' dir='ltr'><strong>facile</strong></span> <span class='ocrx_word' id='word_1_40' title='bbox 279 729 403 791; x_wconf 86' lang='lat' dir='ltr'><strong>recedat.</strong></span> <span class='ocrx_word' id='word_1_41' title='bbox 446 730 682 793; x_wconf 84' lang='lat' dir='ltr'><strong>MONAOHUS:</strong></span> <span class='ocrx_word' id='word_1_42' title='bbox 711 733 862 811; x_wconf 84' lang='lat' dir='ltr'><strong>Quaedam</strong></span> <span class='ocrx_word' id='word_1_43' title='bbox 884 741 1055 798; x_wconf 79' lang='lat' dir='ltr'><strong>tentationes</strong></span> <span class='ocrx_word' id='word_1_44' title='bbox 1076 741 1163 799; x_wconf 86' lang='lat' dir='ltr'><strong>novi·</strong></span> 
     </span>
     <span class='ocr_line' id='line_1_7' title="bbox 126 815 1163 902; baseline 0.009 -24"><span class='ocrx_word' id='word_1_45' title='bbox 126 819 233 878; x_wconf 87' lang='lat' dir='ltr'><strong>ciorum</strong></span> <span class='ocrx_word' id='word_1_46' title='bbox 246 815 262 898; x_wconf 88' lang='lat'><strong>¹)</strong></span> <span class='ocrx_word' id='word_1_47' title='bbox 285 825 345 877; x_wconf 89' lang='lat' dir='ltr'><strong>tam</strong></span> <span class='ocrx_word' id='word_1_48' title='bbox 367 819 455 878; x_wconf 89' lang='lat' dir='ltr'><strong>durae</strong></span> <span class='ocrx_word' id='word_1_49' title='bbox 475 825 543 879; x_wconf 89' lang='lat' dir='ltr'><strong>aunt</strong></span> <span class='ocrx_word' id='word_1_50' title='bbox 564 825 593 878; x_wconf 95' lang='lat' dir='ltr'><strong>et</strong></span> <span class='ocrx_word' id='word_1_51' title='bbox 614 825 674 879; x_wconf 88' lang='lat' dir='ltr'><strong>tam</strong></span> <span class='ocrx_word' id='word_1_52' title='bbox 695 819 817 898; x_wconf 89' lang='lat' dir='ltr'><strong>validae,</strong></span> <span class='ocrx_word' id='word_1_53' title='bbox 838 829 871 882; x_wconf 93' lang='lat' dir='ltr'><strong>ut</strong></span> <span class='ocrx_word' id='word_1_54' title='bbox 891 822 956 883; x_wconf 89' lang='lat' dir='ltr'><strong>illas</strong></span> <span class='ocrx_word' id='word_1_55' title='bbox 979 842 1163 902; x_wconf 89' lang='lat' dir='ltr'><strong>compescere</strong></span> 
     </span>
     <span class='ocr_line' id='line_1_8' title="bbox 125 904 1162 990; baseline 0.01 -26"><span class='ocrx_word' id='word_1_56' title='bbox 125 904 240 965; x_wconf 79' lang='lat' dir='ltr'><strong>valeant</strong></span> <span class='ocrx_word' id='word_1_57' title='bbox 261 922 319 965; x_wconf 92' lang='lat' dir='ltr'><strong>non</strong></span> <span class='ocrx_word' id='word_1_58' title='bbox 340 905 445 980; x_wconf 86' lang='lat' dir='ltr'><strong>verba,</strong></span> <span class='ocrx_word' id='word_1_59' title='bbox 477 922 534 965; x_wconf 88' lang='lat' dir='ltr'><strong>non</strong></span> <span class='ocrx_word' id='word_1_60' title='bbox 567 905 712 984; x_wconf 88' lang='lat' dir='ltr'><strong>exempla,</strong></span> <span class='ocrx_word' id='word_1_61' title='bbox 740 907 792 968; x_wconf 86' lang='lat' dir='ltr'><strong>sed</strong></span> <span class='ocrx_word' id='word_1_62' title='bbox 821 909 884 971; x_wconf 89' lang='lat' dir='ltr'><strong>sola</strong></span> <span class='ocrx_word' id='word_1_63' title='bbox 911 913 1041 987; x_wconf 89' lang='lat' dir='ltr'><strong>potentia</strong></span> <span class='ocrx_word' id='word_1_64' title='bbox 1073 919 1162 990; x_wconf 86' lang='lat' dir='ltr'><strong>atque</strong></span> 
     </span>
     <span class='ocr_line' id='line_1_9' title="bbox 126 991 504 1052; baseline 0.005 -2"><span class='ocrx_word' id='word_1_65' title='bbox 126 991 282 1052; x_wconf 85' lang='lat' dir='ltr'><strong>consolatio</strong></span> <span class='ocrx_word' id='word_1_66' title='bbox 305 991 410 1052; x_wconf 86' lang='lat' dir='ltr'><strong>divina.</strong></span> <span class='ocrx_word' id='word_1_67' title='bbox 500 1031 504 1038; x_wconf 87' lang='lat'><em>-</em></span> 
     </span>
    </p>
   </div>
   <div class='ocr_carea' id='block_1_3' title="bbox 480 1181 797 1245">
    <p class='ocr_par' dir='ltr' id='par_1_3' title="bbox 480 1181 797 1245">
     <span class='ocr_line' id='line_1_10' title="bbox 480 1181 797 1245; baseline 0.013 -4"><span class='ocrx_word' id='word_1_68' title='bbox 480 1181 713 1244; x_wconf 81' lang='lat' dir='ltr'><strong>cAP1rULUM</strong></span> <span class='ocrx_word' id='word_1_69' title='bbox 732 1184 797 1245; x_wconf 87' lang='lat' dir='ltr'>LII.</span> 
     </span>
    </p>
   </div>
   <div class='ocr_carea' id='block_1_4' title="bbox 65 1305 1199 3712">
    <p class='ocr_par' dir='ltr' id='par_1_4' title="bbox 132 1305 1147 1469">
     <span class='ocr_line' id='line_1_11' title="bbox 132 1305 1147 1388; baseline 0.003 -19"><span class='ocrx_word' id='word_1_70' title='bbox 132 1310 179 1369; x_wconf 87' lang='lat' dir='ltr'><strong>Dc</strong></span> <span class='ocrx_word' id='word_1_71' title='bbox 200 1310 316 1368; x_wconf 67' lang='lat' dir='ltr'><strong>novato</strong></span> <span class='ocrx_word' id='word_1_72' title='bbox 337 1325 358 1366; x_wconf 88' lang='lat' dir='ltr'><strong>o</strong></span> <span class='ocrx_word' id='word_1_73' title='bbox 378 1309 484 1382; x_wconf 72' lang='lat' dir='ltr'><strong>spirita</strong></span> <span class='ocrx_word' id='word_1_74' title='bbox 505 1305 700 1382; x_wconf 68' lang='lat' dir='ltr'><strong>euphemiae</strong></span> <span class='ocrx_word' id='word_1_75' title='bbox 723 1314 843 1383; x_wconf 82' lang='lat' dir='ltr'><strong>tentato,</strong></span> <span class='ocrx_word' id='word_1_76' title='bbox 865 1316 894 1369; x_wconf 84' lang='lat' dir='ltr'><strong>ct</strong></span> <span class='ocrx_word' id='word_1_77' title='bbox 914 1313 946 1370; x_wconf 85' lang='lat' dir='ltr'><strong>in</strong></span> <span class='ocrx_word' id='word_1_78' title='bbox 964 1314 1147 1388; x_wconf 69' lang='lat' dir='ltr'><strong>contenpla-</strong></span> 
     </span>
     <span class='ocr_line' id='line_1_12' title="bbox 450 1391 833 1469; baseline 0.008 -18"><span class='ocrx_word' id='word_1_79' title='bbox 450 1397 528 1452; x_wconf 83' lang='lat' dir='ltr'><strong>tionc</strong></span> <span class='ocrx_word' id='word_1_80' title='bbox 549 1394 679 1469; x_wconf 70' lang='lat' dir='ltr'><strong>crcofirn</strong></span> <span class='ocrx_word' id='word_1_81' title='bbox 698 1391 833 1454; x_wconf 79' lang='lat' dir='ltr'><strong>liberato.</strong></span> 
     </span>
    </p>

    <p class='ocr_par' dir='ltr' id='par_1_5' title="bbox 65 1513 1199 3712">
     <span class='ocr_line' id='line_1_13' title="bbox 184 1513 1158 1594; baseline 0.005 -18"><span class='ocrx_word' id='word_1_82' title='bbox 184 1517 322 1576; x_wconf 88' lang='lat' dir='ltr'><strong>Novicius</strong></span> <span class='ocrx_word' id='word_1_83' title='bbox 355 1513 471 1590; x_wconf 89' lang='lat' dir='ltr'><strong>quidam</strong></span> <span class='ocrx_word' id='word_1_84' title='bbox 499 1519 626 1590; x_wconf 91' lang='lat' dir='ltr'><strong>tempore</strong></span> <span class='ocrx_word' id='word_1_85' title='bbox 654 1515 830 1590; x_wconf 89' lang='lat' dir='ltr'><strong>probationis</strong></span> <span class='ocrx_word' id='word_1_86' title='bbox 858 1533 928 1576; x_wconf 84' lang='lat' dir='ltr'><strong>suae</strong></span> <span class='ocrx_word' id='word_1_87' title='bbox 967 1535 1003 1578; x_wconf 89' lang='lat' dir='ltr'><strong>ex</strong></span> <span class='ocrx_word' id='word_1_88' title='bbox 1031 1518 1158 1594; x_wconf 88' lang='lat' dir='ltr'><strong>quadam</strong></span> 
     </span>
     <span class='ocr_line' id='line_1_14' title="bbox 120 1600 1199 1676; baseline 0.002 -12"><span class='ocrx_word' id='word_1_89' title='bbox 120 1607 276 1665; x_wconf 85' lang='lat' dir='ltr'><strong>tentatione</strong></span> <span class='ocrx_word' id='word_1_90' title='bbox 298 1600 455 1675; x_wconf 88' lang='lat' dir='ltr'><strong>diabolica,</strong></span> <span class='ocrx_word' id='word_1_91' title='bbox 484 1619 571 1676; x_wconf 88' lang='lat' dir='ltr'><strong>quam</strong></span> <span class='ocrx_word' id='word_1_92' title='bbox 591 1618 737 1676; x_wconf 89' lang='lat' dir='ltr'><strong>nunquam</strong></span> <span class='ocrx_word' id='word_1_93' title='bbox 761 1608 827 1662; x_wconf 89' lang='lat' dir='ltr'><strong>ante</strong></span> <span class='ocrx_word' id='word_1_94' title='bbox 849 1605 1065 1666; x_wconf 89' lang='lat' dir='ltr'><strong>conversionem</strong></span> <span class='ocrx_word' id='word_1_95' title='bbox 1087 1624 1158 1667; x_wconf 86' lang='lat' dir='ltr'><strong>sen·</strong></span> <span class='ocrx_word' id='word_1_96' title='bbox 1196 1635 1199 1642; x_wconf 91' lang='lat'>·</span> 
     </span>
     <span class='ocr_line' id='line_1_15' title="bbox 119 1689 1157 1767; baseline 0.003 -16"><span class='ocrx_word' id='word_1_97' title='bbox 119 1696 210 1766; x_wconf 87' lang='lat' dir='ltr'><strong>serat,</strong></span> <span class='ocrx_word' id='word_1_98' title='bbox 242 1691 409 1767; x_wconf 89' lang='lat' dir='ltr'><strong>gravissime</strong></span> <span class='ocrx_word' id='word_1_99' title='bbox 440 1689 619 1747; x_wconf 85' lang='lat' dir='ltr'><strong>turbabatur.</strong></span> <span class='ocrx_word' id='word_1_100' title='bbox 661 1689 731 1747; x_wconf 87' lang='lat' dir='ltr'><strong>Erat</strong></span> <span class='ocrx_word' id='word_1_101' title='bbox 758 1691 833 1748; x_wconf 91' lang='lat' dir='ltr'><strong>enim</strong></span> <span class='ocrx_word' id='word_1_102' title='bbox 854 1689 956 1750; x_wconf 90' lang='lat' dir='ltr'><strong>eadem</strong></span> <span class='ocrx_word' id='word_1_103' title='bbox 977 1695 1096 1753; x_wconf 89' lang='lat' dir='ltr'><strong>tentatio</strong></span> <span class='ocrx_word' id='word_1_104' title='bbox 1119 1693 1157 1755; x_wconf 92' lang='lat' dir='ltr'><strong>de</strong></span> 
     </span>
     <span class='ocr_line' id='line_1_16' title="bbox 117 1774 1156 1853; baseline 0.004 -16"><span class='ocrx_word' id='word_1_105' title='bbox 117 1780 311 1838; x_wconf 86' lang='lat' dir='ltr'><strong>incarnatione</strong></span> <span class='ocrx_word' id='word_1_106' title='bbox 332 1776 437 1851; x_wconf 88' lang='lat' dir='ltr'><strong>Verbi,</strong></span> <span class='ocrx_word' id='word_1_107' title='bbox 458 1792 516 1834; x_wconf 91' lang='lat' dir='ltr'><strong>non</strong></span> <span class='ocrx_word' id='word_1_108' title='bbox 538 1774 674 1851; x_wconf 85' lang='lat' dir='ltr'><strong>quodde</strong></span> <span class='ocrx_word' id='word_1_109' title='bbox 694 1774 743 1834; x_wconf 91' lang='lat' dir='ltr'><strong>illa</strong></span> <span class='ocrx_word' id='word_1_110' title='bbox 764 1775 839 1835; x_wconf 89' lang='lat' dir='ltr'><strong>male</strong></span> <span class='ocrx_word' id='word_1_111' title='bbox 861 1781 993 1853; x_wconf 86' lang='lat' dir='ltr'><strong>sentiret,</strong></span> <span class='ocrx_word' id='word_1_112' title='bbox 1015 1779 1067 1838; x_wconf 91' lang='lat' dir='ltr'><strong>sed</strong></span> <span class='ocrx_word' id='word_1_113' title='bbox 1090 1779 1156 1842; x_wconf 86' lang='lat' dir='ltr'><strong>dia-</strong></span> 
     </span>
     <span class='ocr_line' id='line_1_17' title="bbox 118 1862 1155 1941; baseline 0.002 -16"><span class='ocrx_word' id='word_1_114' title='bbox 118 1865 203 1926; x_wconf 89' lang='lat' dir='ltr'><strong>bolus</strong></span> <span class='ocrx_word' id='word_1_115' title='bbox 224 1882 276 1941; x_wconf 91' lang='lat' dir='ltr'><strong>per</strong></span> <span class='ocrx_word' id='word_1_116' title='bbox 297 1865 427 1940; x_wconf 87' lang='lat' dir='ltr'><strong>spiritum</strong></span> <span class='ocrx_word' id='word_1_117' title='bbox 441 1862 635 1938; x_wconf 86' lang='lat' dir='ltr'><strong>blasphemiae</strong></span> <span class='ocrx_word' id='word_1_118' title='bbox 656 1863 797 1922; x_wconf 85' lang='lat' dir='ltr'><strong>fervorem</strong></span> <span class='ocrx_word' id='word_1_119' title='bbox 819 1867 921 1923; x_wconf 86' lang='lat' dir='ltr'><strong>mentis</strong></span> <span class='ocrx_word' id='word_1_120' title='bbox 942 1865 1017 1925; x_wconf 91' lang='lat' dir='ltr'><strong>illius</strong></span> <span class='ocrx_word' id='word_1_121' title='bbox 1038 1868 1155 1927; x_wconf 89' lang='lat' dir='ltr'><strong>niteba-</strong></span> 
     </span>
     <span class='ocr_line' id='line_1_18' title="bbox 118 1948 1154 2028; baseline 0.001 -15"><span class='ocrx_word' id='word_1_122' title='bbox 118 1961 164 2013; x_wconf 87' lang='lat' dir='ltr'><strong>tur</strong></span> <span class='ocrx_word' id='word_1_123' title='bbox 186 1953 380 2028; x_wconf 81' lang='lat' dir='ltr'><strong>exstinguere,</strong></span> <span class='ocrx_word' id='word_1_124' title='bbox 408 1955 441 2007; x_wconf 90' lang='lat' dir='ltr'><strong>ut</strong></span> <span class='ocrx_word' id='word_1_125' title='bbox 462 1949 529 2008; x_wconf 93' lang='lat' dir='ltr'><strong>dum</strong></span> <span class='ocrx_word' id='word_1_126' title='bbox 552 1948 588 2008; x_wconf 96' lang='lat' dir='ltr'><strong>de</strong></span> <span class='ocrx_word' id='word_1_127' title='bbox 610 1966 645 2009; x_wconf 88' lang='lat' dir='ltr'><strong>ea</strong></span> <span class='ocrx_word' id='word_1_128' title='bbox 667 1948 827 2024; x_wconf 83' lang='lat' dir='ltr'><strong>dubitaret,</strong></span> <span class='ocrx_word' id='word_1_129' title='bbox 848 1956 945 2010; x_wconf 88' lang='lat' dir='ltr'><strong>tantos</strong></span> <span class='ocrx_word' id='word_1_130' title='bbox 965 1955 1017 2028; x_wconf 84' lang='lat' dir='ltr'><strong>pto</strong></span> <span class='ocrx_word' id='word_1_131' title='bbox 1040 1952 1154 2014; x_wconf 77' lang='lat' dir='ltr'><strong>Christo</strong></span> 
     </span>
     <span class='ocr_line' id='line_1_19' title="bbox 118 2035 1154 2116; baseline 0.001 -17"><span class='ocrx_word' id='word_1_132' title='bbox 118 2041 212 2101; x_wconf 89' lang='lat' dir='ltr'><strong>subire</strong></span> <span class='ocrx_word' id='word_1_133' title='bbox 233 2039 346 2098; x_wconf 85' lang='lat' dir='ltr'><strong>labores</strong></span> <span class='ocrx_word' id='word_1_134' title='bbox 367 2041 519 2095; x_wconf 87' lang='lat' dir='ltr'><strong>recusaret.</strong></span> <span class='ocrx_word' id='word_1_135' title='bbox 551 2035 607 2094; x_wconf 95' lang='lat' dir='ltr'><strong>Die</strong></span> <span class='ocrx_word' id='word_1_136' title='bbox 631 2035 756 2112; x_wconf 91' lang='lat' dir='ltr'><strong>quadam</strong></span> <span class='ocrx_word' id='word_1_137' title='bbox 778 2053 843 2095; x_wconf 90' lang='lat' dir='ltr'><strong>cum</strong></span> <span class='ocrx_word' id='word_1_138' title='bbox 865 2043 954 2097; x_wconf 87' lang='lat' dir='ltr'><strong>staret</strong></span> <span class='ocrx_word' id='word_1_139' title='bbox 974 2038 1012 2098; x_wconf 93' lang='lat' dir='ltr'><strong>ad</strong></span> <span class='ocrx_word' id='word_1_140' title='bbox 1032 2041 1154 2116; x_wconf 85' lang='lat' dir='ltr'><strong>primam</strong></span> 
     </span>
     <span class='ocr_line' id='line_1_20' title="bbox 116 2123 1153 2200; baseline 0.001 -14"><span class='ocrx_word' id='word_1_141' title='bbox 116 2129 146 2186; x_wconf 93' lang='lat' dir='ltr'><strong>in</strong></span> <span class='ocrx_word' id='word_1_142' title='bbox 168 2127 254 2186; x_wconf 90' lang='lat' dir='ltr'><strong>choro</strong></span> <span class='ocrx_word' id='word_1_143' title='bbox 275 2125 453 2184; x_wconf 87' lang='lat' dir='ltr'><strong>noviciorum</strong></span> <span class='ocrx_word' id='word_1_144' title='bbox 487 2129 585 2182; x_wconf 89' lang='lat' dir='ltr'><strong>contra</strong></span> <span class='ocrx_word' id='word_1_145' title='bbox 617 2123 721 2196; x_wconf 89' lang='lat' dir='ltr'><strong>altare,</strong></span> <span class='ocrx_word' id='word_1_146' title='bbox 755 2123 962 2200; x_wconf 86' lang='lat' dir='ltr'><strong>contemplatus</strong></span> <span class='ocrx_word' id='word_1_147' title='bbox 991 2132 1035 2185; x_wconf 90' lang='lat' dir='ltr'><strong>est</strong></span> <span class='ocrx_word' id='word_1_148' title='bbox 1063 2127 1153 2188; x_wconf 89' lang='lat' dir='ltr'><strong>oculis</strong></span> 
     </span>
     <span class='ocr_line' id='line_1_21' title="bbox 117 2209 1153 2290; baseline -0.002 -16"><span class='ocrx_word' id='word_1_149' title='bbox 117 2215 260 2290; x_wconf 89' lang='lat' dir='ltr'><strong>corporeis</strong></span> <span class='ocrx_word' id='word_1_150' title='bbox 290 2213 444 2288; x_wconf 80' lang='lat' dir='ltr'><strong>imaginem</strong></span> <span class='ocrx_word' id='word_1_151' title='bbox 478 2209 603 2269; x_wconf 82' lang='lat' dir='ltr'><strong>crucifixi</strong></span> <span class='ocrx_word' id='word_1_152' title='bbox 632 2211 662 2268; x_wconf 92' lang='lat' dir='ltr'><strong>in</strong></span> <span class='ocrx_word' id='word_1_153' title='bbox 690 2226 756 2268; x_wconf 88' lang='lat' dir='ltr'><strong>aere</strong></span> <span class='ocrx_word' id='word_1_154' title='bbox 782 2213 880 2270; x_wconf 84' lang='lat' dir='ltr'><strong>venire</strong></span> <span class='ocrx_word' id='word_1_155' title='bbox 916 2211 955 2271; x_wconf 90' lang='lat' dir='ltr'><strong>ad</strong></span> <span class='ocrx_word' id='word_1_156' title='bbox 983 2229 1030 2288; x_wconf 88' lang='lat' dir='ltr'><strong>se,</strong></span> <span class='ocrx_word' id='word_1_157' title='bbox 1062 2231 1097 2274; x_wconf 90' lang='lat' dir='ltr'><strong>ac</strong></span> <span class='ocrx_word' id='word_1_158' title='bbox 1127 2215 1153 2274; x_wconf 86' lang='lat' dir='ltr'><strong>si</strong></span> 
     </span>
     <span class='ocr_line' id='line_1_22' title="bbox 99 2293 1151 2377; baseline -0.001 -17"><span class='ocrx_word' id='word_1_159' title='bbox 99 2301 236 2360; x_wconf 75' lang='lat' dir='ltr'><strong>diceret:</strong></span> <span class='ocrx_word' id='word_1_160' title='bbox 259 2299 354 2376; x_wconf 85' lang='lat' dir='ltr'><strong>Quare</strong></span> <span class='ocrx_word' id='word_1_161' title='bbox 376 2293 511 2356; x_wconf 78' lang='lat' dir='ltr'><strong>dubitas?</strong></span> <span class='ocrx_word' id='word_1_162' title='bbox 554 2297 677 2373; x_wconf 88' lang='lat' dir='ltr'><strong>Respice</strong></span> <span class='ocrx_word' id='word_1_163' title='bbox 697 2297 728 2355; x_wconf 90' lang='lat' dir='ltr'><strong>in</strong></span> <span class='ocrx_word' id='word_1_164' title='bbox 749 2313 804 2356; x_wconf 92' lang='lat' dir='ltr'><strong>me.</strong></span> <span class='ocrx_word' id='word_1_165' title='bbox 846 2297 909 2375; x_wconf 88' lang='lat' dir='ltr'><strong>Ego</strong></span> <span class='ocrx_word' id='word_1_166' title='bbox 932 2316 996 2358; x_wconf 90' lang='lat' dir='ltr'><strong>sum</strong></span> <span class='ocrx_word' id='word_1_167' title='bbox 1017 2299 1079 2376; x_wconf 90' lang='lat' dir='ltr'><strong>ille,</strong></span> <span class='ocrx_word' id='word_1_168' title='bbox 1101 2302 1151 2377; x_wconf 87' lang='lat' dir='ltr'><strong>qui</strong></span> 
     </span>
     <span class='ocr_line' id='line_1_23' title="bbox 115 2383 1150 2462; baseline 0 -16"><span class='ocrx_word' id='word_1_169' title='bbox 115 2393 200 2448; x_wconf 89' lang='lat' dir='ltr'><strong>natus</strong></span> <span class='ocrx_word' id='word_1_170' title='bbox 222 2393 252 2446; x_wconf 88' lang='lat' dir='ltr'><strong>et</strong></span> <span class='ocrx_word' id='word_1_171' title='bbox 271 2403 374 2462; x_wconf 86' lang='lat' dir='ltr'><strong>passus</strong></span> <span class='ocrx_word' id='word_1_172' title='bbox 396 2401 460 2442; x_wconf 87' lang='lat' dir='ltr'><strong>sum</strong></span> <span class='ocrx_word' id='word_1_173' title='bbox 487 2390 604 2458; x_wconf 88' lang='lat' dir='ltr'><strong>propter</strong></span> <span class='ocrx_word' id='word_1_174' title='bbox 632 2389 670 2443; x_wconf 91' lang='lat' dir='ltr'><strong>tc.</strong></span> <span class='ocrx_word' id='word_1_175' title='bbox 711 2383 768 2442; x_wconf 90' lang='lat' dir='ltr'><strong>Per</strong></span> <span class='ocrx_word' id='word_1_176' title='bbox 799 2383 926 2460; x_wconf 82' lang='lat' dir='ltr'><strong>aliquam</strong></span> <span class='ocrx_word' id='word_1_177' title='bbox 953 2385 1055 2446; x_wconf 86' lang='lat' dir='ltr'><strong>horam</strong></span> <span class='ocrx_word' id='word_1_178' title='bbox 1082 2392 1150 2446; x_wconf 87' lang='lat' dir='ltr'><strong>ante</strong></span> 
     </span>
     <span class='ocr_line' id='line_1_24' title="bbox 114 2470 1150 2547; baseline 0.001 -14"><span class='ocrx_word' id='word_1_179' title='bbox 114 2475 217 2534; x_wconf 82' lang='lat' dir='ltr'><strong>faeiem</strong></span> <span class='ocrx_word' id='word_1_180' title='bbox 239 2476 300 2532; x_wconf 89' lang='lat' dir='ltr'><strong>eius</strong></span> <span class='ocrx_word' id='word_1_181' title='bbox 322 2470 450 2547; x_wconf 90' lang='lat' dir='ltr'><strong>pendens</strong></span> <span class='ocrx_word' id='word_1_182' title='bbox 472 2476 533 2529; x_wconf 90' lang='lat' dir='ltr'><strong>erat</strong></span> <span class='ocrx_word' id='word_1_183' title='bbox 563 2473 627 2545; x_wconf 88' lang='lat' dir='ltr'><strong>ipsa</strong></span> <span class='ocrx_word' id='word_1_184' title='bbox 652 2472 763 2546; x_wconf 86' lang='lat' dir='ltr'><strong>imago,</strong></span> <span class='ocrx_word' id='word_1_185' title='bbox 797 2488 884 2546; x_wconf 90' lang='lat' dir='ltr'><strong>quam</strong></span> <span class='ocrx_word' id='word_1_186' title='bbox 916 2477 1028 2531; x_wconf 91' lang='lat' dir='ltr'><strong>tantum</strong></span> <span class='ocrx_word' id='word_1_187' title='bbox 1053 2473 1150 2534; x_wconf 86' lang='lat' dir='ltr'><strong>videre</strong></span> 
     </span>
     <span class='ocr_line' id='line_1_25' title="bbox 114 2557 1150 2638; baseline 0.001 -19"><span class='ocrx_word' id='word_1_188' title='bbox 114 2563 207 2638; x_wconf 85' lang='lat' dir='ltr'><strong>potuit</strong></span> <span class='ocrx_word' id='word_1_189' title='bbox 228 2561 265 2618; x_wconf 91' lang='lat' dir='ltr'><strong>ab</strong></span> <span class='ocrx_word' id='word_1_190' title='bbox 287 2557 430 2618; x_wconf 91' lang='lat' dir='ltr'><strong>umbelico</strong></span> <span class='ocrx_word' id='word_1_191' title='bbox 460 2563 489 2616; x_wconf 92' lang='lat' dir='ltr'><strong>et</strong></span> <span class='ocrx_word' id='word_1_192' title='bbox 517 2573 612 2632; x_wconf 89' lang='lat' dir='ltr'><strong>supra.</strong></span> <span class='ocrx_word' id='word_1_193' title='bbox 654 2557 850 2632; x_wconf 87' lang='lat' dir='ltr'><strong>Interrogatus</strong></span> <span class='ocrx_word' id='word_1_194' title='bbox 879 2575 898 2616; x_wconf 90' lang='lat' dir='ltr'><strong>a</strong></span> <span class='ocrx_word' id='word_1_195' title='bbox 927 2575 989 2634; x_wconf 88' lang='lat' dir='ltr'><strong>me,</strong></span> <span class='ocrx_word' id='word_1_196' title='bbox 1019 2562 1044 2618; x_wconf 90' lang='lat' dir='ltr'><strong>si</strong></span> <span class='ocrx_word' id='word_1_197' title='bbox 1065 2563 1150 2621; x_wconf 87' lang='lat' dir='ltr'><strong>sciret</strong></span> 
     </span>
     <span class='ocr_line' id='line_1_26' title="bbox 114 2639 1148 2724; baseline 0.002 -18"><span class='ocrx_word' id='word_1_198' title='bbox 114 2647 183 2724; x_wconf 89' lang='lat' dir='ltr'><strong>quid</strong></span> <span class='ocrx_word' id='word_1_199' title='bbox 205 2645 260 2706; x_wconf 89' lang='lat' dir='ltr'><strong>hoc</strong></span> <span class='ocrx_word' id='word_1_200' title='bbox 282 2639 492 2722; x_wconf 70' lang='lat' dir='ltr'><strong>significaret2),</strong></span> <span class='ocrx_word' id='word_1_201' title='bbox 514 2643 673 2718; x_wconf 87' lang='lat' dir='ltr'><strong>respondit:</strong></span> <span class='ocrx_word' id='word_1_202' title='bbox 694 2643 836 2703; x_wconf 90' lang='lat' dir='ltr'><strong>Dominus</strong></span> <span class='ocrx_word' id='word_1_203' title='bbox 858 2644 927 2703; x_wconf 90' lang='lat' dir='ltr'><strong>mibi</strong></span> <span class='ocrx_word' id='word_1_204' title='bbox 949 2646 1067 2706; x_wconf 91' lang='lat' dir='ltr'><strong>contulit</strong></span> <span class='ocrx_word' id='word_1_205' title='bbox 1080 2665 1148 2724; x_wconf 88' lang='lat' dir='ltr'><strong>gra-</strong></span> 
     </span>
     <span class='ocr_line' id='line_1_27' title="bbox 65 2729 1149 2808; baseline 0 -14"><span class='ocrx_word' id='word_1_206' title='bbox 65 2796 68 2806; x_wconf 36' lang='lat'><strong>,</strong></span> <span class='ocrx_word' id='word_1_207' title='bbox 112 2737 183 2795; x_wconf 90' lang='lat' dir='ltr'><strong>tiam</strong></span> <span class='ocrx_word' id='word_1_208' title='bbox 204 2734 291 2808; x_wconf 88' lang='lat' dir='ltr'><strong>illam,</strong></span> <span class='ocrx_word' id='word_1_209' title='bbox 313 2737 345 2790; x_wconf 90' lang='lat' dir='ltr'><strong>ut</strong></span> <span class='ocrx_word' id='word_1_210' title='bbox 365 2731 434 2790; x_wconf 91' lang='lat' dir='ltr'><strong>nihil</strong></span> <span class='ocrx_word' id='word_1_211' title='bbox 455 2729 646 2807; x_wconf 87' lang='lat' dir='ltr'><strong>impudicum,</strong></span> <span class='ocrx_word' id='word_1_212' title='bbox 669 2735 697 2790; x_wconf 90' lang='lat' dir='ltr'><strong>et</strong></span> <span class='ocrx_word' id='word_1_213' title='bbox 719 2730 797 2805; x_wconf 90' lang='lat' dir='ltr'><strong>quod</strong></span> <span class='ocrx_word' id='word_1_214' title='bbox 817 2730 930 2790; x_wconf 88' lang='lat' dir='ltr'><strong>laedere</strong></span> <span class='ocrx_word' id='word_1_215' title='bbox 951 2735 1043 2808; x_wconf 87' lang='lat' dir='ltr'><strong>possit</strong></span> <span class='ocrx_word' id='word_1_216' title='bbox 1062 2751 1149 2794; x_wconf 90' lang='lat' dir='ltr'><strong>vere·</strong></span> 
     </span>
     <span class='ocr_line' id='line_1_28' title="bbox 113 2815 1148 2896; baseline -0.002 -15"><span class='ocrx_word' id='word_1_217' title='bbox 113 2819 246 2883; x_wconf 89' lang='lat' dir='ltr'><strong>cundiam</strong></span> <span class='ocrx_word' id='word_1_218' title='bbox 269 2837 377 2893; x_wconf 88' lang='lat' dir='ltr'><strong>meam,</strong></span> <span class='ocrx_word' id='word_1_219' title='bbox 410 2819 535 2893; x_wconf 76' lang='lat' dir='ltr'><strong>cog&#39;tare</strong></span> <span class='ocrx_word' id='word_1_220' title='bbox 563 2821 671 2893; x_wconf 89' lang='lat' dir='ltr'><strong>possim</strong></span> <span class='ocrx_word' id='word_1_221' title='bbox 704 2815 739 2876; x_wconf 96' lang='lat' dir='ltr'><strong>de</strong></span> <span class='ocrx_word' id='word_1_222' title='bbox 759 2816 817 2876; x_wconf 88' lang='lat' dir='ltr'><strong>illo.</strong></span> <span class='ocrx_word' id='word_1_223' title='bbox 860 2817 899 2877; x_wconf 85' lang='lat' dir='ltr'><strong>Et</strong></span> <span class='ocrx_word' id='word_1_224' title='bbox 918 2818 982 2878; x_wconf 92' lang='lat' dir='ltr'><strong>ideo</strong></span> <span class='ocrx_word' id='word_1_225' title='bbox 1004 2820 1148 2896; x_wconf 86' lang='lat' dir='ltr'><strong>intellexi,</strong></span> 
     </span>
     <span class='ocr_line' id='line_1_29' title="bbox 113 2907 1147 2986; baseline 0 -18"><span class='ocrx_word' id='word_1_226' title='bbox 113 2909 190 2986; x_wconf 85' lang='lat' dir='ltr'><strong>quod</strong></span> <span class='ocrx_word' id='word_1_227' title='bbox 219 2914 332 2966; x_wconf 86' lang='lat' dir='ltr'><strong>tantum</strong></span> <span class='ocrx_word' id='word_1_228' title='bbox 358 2911 454 2981; x_wconf 87' lang='lat' dir='ltr'><strong>partes</strong></span> <span class='ocrx_word' id='word_1_229' title='bbox 472 2907 609 2979; x_wconf 63' lang='lat' dir='ltr'><strong>„corporis</strong></span> <span class='ocrx_word' id='word_1_230' title='bbox 638 2907 682 2963; x_wconf 89' lang='lat' dir='ltr'><strong>sui</strong></span> <span class='ocrx_word' id='word_1_231' title='bbox 710 2907 885 2980; x_wconf 85' lang='lat' dir='ltr'><strong>superiores,</strong></span> <span class='ocrx_word' id='word_1_232' title='bbox 917 2922 975 2964; x_wconf 90' lang='lat' dir='ltr'><strong>non</strong></span> <span class='ocrx_word' id='word_1_233' title='bbox 1002 2907 1147 2968; x_wconf 82' lang='lat' dir='ltr'><strong>inferiores</strong></span> 
     </span>
     <span class='ocr_line' id='line_1_30' title="bbox 112 2988 1148 3071; baseline 0 -16"><span class='ocrx_word' id='word_1_234' title='bbox 112 2994 261 3055; x_wconf 90' lang='lat' dir='ltr'><strong>ostendere</strong></span> <span class='ocrx_word' id='word_1_235' title='bbox 293 2988 390 3071; x_wconf 85' lang='lat' dir='ltr'><strong>mihi³)</strong></span> <span class='ocrx_word' id='word_1_236' title='bbox 413 2991 544 3067; x_wconf 86' lang='lat' dir='ltr'><strong>dignatus</strong></span> <span class='ocrx_word' id='word_1_237' title='bbox 574 2997 625 3051; x_wconf 89' lang='lat' dir='ltr'><strong>est.</strong></span> <span class='ocrx_word' id='word_1_238' title='bbox 667 2990 715 3050; x_wconf 78' lang='lat' dir='ltr'><strong>Ab</strong></span> <span class='ocrx_word' id='word_1_239' title='bbox 746 2992 847 3051; x_wconf 88' lang='lat' dir='ltr'><strong>eadem</strong></span> <span class='ocrx_word' id='word_1_240' title='bbox 874 2992 947 3052; x_wconf 93' lang='lat' dir='ltr'><strong>hora</strong></span> <span class='ocrx_word' id='word_1_241' title='bbox 976 2997 1067 3054; x_wconf 90' lang='lat' dir='ltr'><strong>omnis</strong></span> <span class='ocrx_word' id='word_1_242' title='bbox 1097 2993 1148 3055; x_wconf 84' lang='lat' dir='ltr'><strong>illa</strong></span> 
     </span>
     <span class='ocr_line' id='line_1_31' title="bbox 112 3077 1147 3158; baseline -0.003 -15"><span class='ocrx_word' id='word_1_243' title='bbox 112 3083 237 3143; x_wconf 88' lang='lat' dir='ltr'><strong>cessavit</strong></span> <span class='ocrx_word' id='word_1_244' title='bbox 257 3081 385 3154; x_wconf 87' lang='lat' dir='ltr'><strong>tentatio,</strong></span> <span class='ocrx_word' id='word_1_245' title='bbox 407 3095 495 3154; x_wconf 91' lang='lat' dir='ltr'><strong>quarn</strong></span> <span class='ocrx_word' id='word_1_246' title='bbox 517 3084 588 3158; x_wconf 29' lang='lat' dir='ltr'><strong>ante·</strong></span> <span class='ocrx_word' id='word_1_247' title='bbox 604 3077 684 3137; x_wconf 86' lang='lat' dir='ltr'><strong>nulla</strong></span> <span class='ocrx_word' id='word_1_248' title='bbox 705 3078 854 3153; x_wconf 88' lang='lat' dir='ltr'><strong>confessio,</strong></span> <span class='ocrx_word' id='word_1_249' title='bbox 874 3077 953 3138; x_wconf 89' lang='lat' dir='ltr'><strong>nulla</strong></span> <span class='ocrx_word' id='word_1_250' title='bbox 974 3097 1076 3140; x_wconf 88' lang='lat' dir='ltr'><strong>sanare</strong></span> <span class='ocrx_word' id='word_1_251' title='bbox 1089 3097 1147 3158; x_wconf 91' lang='lat' dir='ltr'><strong>po-</strong></span> 
     </span>
     <span class='ocr_line' id='line_1_32' title="bbox 111 3164 1147 3241; baseline 0 -13"><span class='ocrx_word' id='word_1_252' title='bbox 111 3173 165 3228; x_wconf 91' lang='lat' dir='ltr'><strong>tuit</strong></span> <span class='ocrx_word' id='word_1_253' title='bbox 185 3169 285 3229; x_wconf 86' lang='lat' dir='ltr'><strong>oratio.</strong></span> <span class='ocrx_word' id='word_1_254' title='bbox 328 3166 366 3224; x_wconf 88' lang='lat' dir='ltr'><strong>Et</strong></span> <span class='ocrx_word' id='word_1_255' title='bbox 386 3164 453 3225; x_wconf 90' lang='lat' dir='ltr'><strong>licet</strong></span> <span class='ocrx_word' id='word_1_256' title='bbox 473 3167 531 3227; x_wconf 89' lang='lat' dir='ltr'><strong>iam</strong></span> <span class='ocrx_word' id='word_1_257' title='bbox 552 3164 629 3224; x_wconf 89' lang='lat' dir='ltr'><strong>dicta</strong></span> <span class='ocrx_word' id='word_1_258' title='bbox 650 3167 768 3224; x_wconf 89' lang='lat' dir='ltr'><strong>tentatio</strong></span> <span class='ocrx_word' id='word_1_259' title='bbox 792 3169 954 3241; x_wconf 87' lang='lat' dir='ltr'><strong>cessaverit,</strong></span> <span class='ocrx_word' id='word_1_260' title='bbox 974 3173 1147 3228; x_wconf 86' lang='lat' dir='ltr'><strong>nontamen</strong></span> 
     </span>
     <span class='ocr_line' id='line_1_33' title="bbox 109 3250 1146 3330; baseline 0 -15"><span class='ocrx_word' id='word_1_261' title='bbox 109 3261 234 3319; x_wconf 86' lang='lat' dir='ltr'><strong>tentator</strong></span> <span class='ocrx_word' id='word_1_262' title='bbox 255 3255 386 3314; x_wconf 82' lang='lat' dir='ltr'><strong>cesserit.</strong></span> <span class='ocrx_word' id='word_1_263' title='bbox 430 3252 523 3329; x_wconf 86' lang='lat' dir='ltr'><strong>Quem</strong></span> <span class='ocrx_word' id='word_1_264' title='bbox 545 3254 620 3310; x_wconf 91' lang='lat' dir='ltr'><strong>enim</strong></span> <span class='ocrx_word' id='word_1_265' title='bbox 643 3250 763 3311; x_wconf 87' lang='lat' dir='ltr'><strong>deiicere</strong></span> <span class='ocrx_word' id='word_1_266' title='bbox 783 3269 842 3311; x_wconf 92' lang='lat' dir='ltr'><strong>non</strong></span> <span class='ocrx_word' id='word_1_267' title='bbox 863 3255 956 3328; x_wconf 91' lang='lat' dir='ltr'><strong>potuit</strong></span> <span class='ocrx_word' id='word_1_268' title='bbox 980 3269 1033 3330; x_wconf 90' lang='lat' dir='ltr'><strong>per</strong></span> <span class='ocrx_word' id='word_1_269' title='bbox 1064 3254 1146 3315; x_wconf 81' lang='lat' dir='ltr'><strong>blaa-</strong></span> 
     </span>
     <span class='ocr_line' id='line_1_34' title="bbox 109 3338 1146 3420; baseline -0.001 -19"><span class='ocrx_word' id='word_1_270' title='bbox 109 3343 273 3420; x_wconf 89' lang='lat' dir='ltr'><strong>phemiam,</strong></span> <span class='ocrx_word' id='word_1_271' title='bbox 293 3340 392 3417; x_wconf 85' lang='lat' dir='ltr'><strong>fugare</strong></span> <span class='ocrx_word' id='word_1_272' title='bbox 414 3344 534 3399; x_wconf 88' lang='lat' dir='ltr'><strong>conatus</strong></span> <span class='ocrx_word' id='word_1_273' title='bbox 557 3345 601 3397; x_wconf 89' lang='lat' dir='ltr'><strong>cst</strong></span> <span class='ocrx_word' id='word_1_274' title='bbox 621 3356 673 3414; x_wconf 88' lang='lat' dir='ltr'><strong>per</strong></span> <span class='ocrx_word' id='word_1_275' title='bbox 695 3339 842 3398; x_wconf 89' lang='lat' dir='ltr'><strong>accidiam.</strong></span> <span class='ocrx_word' id='word_1_276' title='bbox 884 3338 961 3400; x_wconf 87' lang='lat' dir='ltr'><strong>Nam</strong></span> <span class='ocrx_word' id='word_1_277' title='bbox 981 3356 1034 3414; x_wconf 91' lang='lat' dir='ltr'><strong>per</strong></span> <span class='ocrx_word' id='word_1_278' title='bbox 1053 3341 1146 3418; x_wconf 87' lang='lat' dir='ltr'><strong>pluri-</strong></span> 
     </span>
     <span class='ocr_line' id='line_1_35' title="bbox 109 3423 1144 3504; baseline 0.002 -16"><span class='ocrx_word' id='word_1_279' title='bbox 109 3445 172 3488; x_wconf 86' lang='lat' dir='ltr'><strong>mos</strong></span> <span class='ocrx_word' id='word_1_280' title='bbox 195 3429 273 3504; x_wconf 78' lang='lat' dir='ltr'><strong>dien,</strong></span> <span class='ocrx_word' id='word_1_281' title='bbox 295 3429 425 3503; x_wconf 86' lang='lat' dir='ltr'><strong>quotiens</strong></span> <span class='ocrx_word' id='word_1_282' title='bbox 446 3428 487 3485; x_wconf 90' lang='lat' dir='ltr'><strong>ire</strong></span> <span class='ocrx_word' id='word_1_283' title='bbox 510 3424 634 3486; x_wconf 85' lang='lat' dir='ltr'><strong>debebat</strong></span> <span class='ocrx_word' id='word_1_284' title='bbox 655 3423 693 3484; x_wconf 92' lang='lat' dir='ltr'><strong>ad</strong></span> <span class='ocrx_word' id='word_1_285' title='bbox 715 3424 865 3485; x_wconf 83' lang='lat' dir='ltr'><strong>ecclesiam</strong></span> <span class='ocrx_word' id='word_1_286' title='bbox 887 3425 924 3485; x_wconf 89' lang='lat' dir='ltr'><strong>ad</strong></span> <span class='ocrx_word' id='word_1_287' title='bbox 946 3425 1031 3486; x_wconf 89' lang='lat' dir='ltr'><strong>boras</strong></span> <span class='ocrx_word' id='word_1_288' title='bbox 1053 3445 1144 3490; x_wconf 89' lang='lat' dir='ltr'><strong>cano·</strong></span> 
     </span>
     <span class='ocr_line' id='line_1_36' title="bbox 108 3511 1145 3592; baseline -0.004 -18"><span class='ocrx_word' id='word_1_289' title='bbox 108 3519 201 3592; x_wconf 83' lang='lat' dir='ltr'><strong>nicos,</strong></span> <span class='ocrx_word' id='word_1_290' title='bbox 223 3517 405 3588; x_wconf 87' lang='lat' dir='ltr'><strong>venissetque</strong></span> <span class='ocrx_word' id='word_1_291' title='bbox 427 3511 464 3574; x_wconf 87' lang='lat' dir='ltr'><strong>ad</strong></span> <span class='ocrx_word' id='word_1_292' title='bbox 486 3514 591 3571; x_wconf 88' lang='lat' dir='ltr'><strong>ostium</strong></span> <span class='ocrx_word' id='word_1_293' title='bbox 613 3511 715 3587; x_wconf 81' lang='lat' dir='ltr'><strong>cedas,</strong></span> <span class='ocrx_word' id='word_1_294' title='bbox 748 3511 917 3572; x_wconf 89' lang='lat' dir='ltr'><strong>sensibiliter</strong></span> <span class='ocrx_word' id='word_1_295' title='bbox 945 3518 1054 3586; x_wconf 82' lang='lat' dir='ltr'><strong>ettam</strong></span> <span class='ocrx_word' id='word_1_296' title='bbox 1074 3531 1145 3592; x_wconf 85' lang='lat' dir='ltr'><strong>gra-</strong></span> 
     </span>
     <span class='ocr_line' id='line_1_37' title="bbox 108 3598 1143 3712; baseline -0.003 -49"><span class='ocrx_word' id='word_1_297' title='bbox 108 3605 181 3663; x_wconf 84' lang='lat' dir='ltr'><strong>viter</strong></span> <span class='ocrx_word' id='word_1_298' title='bbox 201 3601 325 3677; x_wconf 85' lang='lat' dir='ltr'><strong>scapulis</strong></span> <span class='ocrx_word' id='word_1_299' title='bbox 347 3599 477 3659; x_wconf 87' lang='lat' dir='ltr'><strong>diabolus</strong></span> <span class='ocrx_word' id='word_1_300' title='bbox 497 3598 577 3657; x_wconf 88' lang='lat' dir='ltr'><strong>illum</strong></span> <span class='ocrx_word' id='word_1_301' title='bbox 600 3598 756 3675; x_wconf 90' lang='lat' dir='ltr'><strong>depressit,</strong></span> <span class='ocrx_word' id='word_1_302' title='bbox 779 3605 811 3658; x_wconf 93' lang='lat' dir='ltr'><strong>ut</strong></span> <span class='ocrx_word' id='word_1_303' title='bbox 831 3598 1049 3712; x_wconf 60' lang='lat' dir='ltr'><strong>pompelleretur</strong></span> <span class='ocrx_word' id='word_1_304' title='bbox 1069 3603 1143 3662; x_wconf 76' lang='lat' dir='ltr'><strong>reai-</strong></span> 
     </span>
    </p>
   </div>
   <div class='ocr_carea' id='block_1_5' title="bbox 125 3729 1143 3892">
    <p class='ocr_par' dir='ltr' id='par_1_6' title="bbox 125 3729 1143 3892">
     <span class='ocr_line' id='line_1_38' title="bbox 125 3729 1143 3840; baseline 0 -15"><span class='ocrx_word' id='word_1_305' title='bbox 125 3729 438 3840; x_wconf 61' lang='lat' dir='ltr'><strong>miserandorum</strong></span> <span class='ocrx_word' id='word_1_306' title='bbox 460 3769 676 3821; x_wconf 85' lang='lat' dir='ltr'><strong>tentationes.</strong></span> <span class='ocrx_word' id='word_1_307' title='bbox 697 3797 725 3809; x_wconf 85' lang='lat'>-</span> <span class='ocrx_word' id='word_1_308' title='bbox 752 3767 821 3837; x_wconf 76' lang='lat' dir='ltr'><strong>2Jl’</strong></span> <span class='ocrx_word' id='word_1_309' title='bbox 844 3769 1003 3838; x_wconf 76' lang='lat' dir='ltr'><strong>signaret.</strong></span> <span class='ocrx_word' id='word_1_310' title='bbox 1022 3799 1054 3812; x_wconf 92' lang='lat'><em>-</em></span> <span class='ocrx_word' id='word_1_311' title='bbox 1073 3770 1106 3840; x_wconf 82' lang='grc'><strong>3)</strong></span> <span class='ocrx_word' id='word_1_312' title='bbox 1123 3771 1143 3825; x_wconf 82' lang='grc' dir='ltr'><strong>Ρ</strong></span> 
     </span>
     <span class='ocr_line' id='line_1_39' title="bbox 176 3837 456 3892; baseline -0.011 0"><span class='ocrx_word' id='word_1_313' title='bbox 176 3840 252 3892; x_wconf 88' lang='lat' dir='ltr'><strong>mihi</strong></span> <span class='ocrx_word' id='word_1_314' title='bbox 270 3837 456 3892; x_wconf 83' lang='lat' dir='ltr'><strong>ostendere.</strong></span> 
     </span>
    </p>
   </div>
   <div class='ocr_carea' id='block_1_6' title="bbox 0 0 1316 4322">
    <p class='ocr_par' dir='ltr' id='par_1_7' title="bbox 0 0 1316 4322">
     <span class='ocr_line' id='line_1_40' title="bbox 0 0 1316 4322; baseline 0 7"><span class='ocrx_word' id='word_1_315' title='bbox 0 0 1316 4322; x_wconf 95' lang='lat' dir='ltr'><strong> </strong></span> 
     </span>
    </p>
   </div>
  </div>
 </body>
</html>
