2622 4322
181 258 268 342 raa'
317 247 318 250 ‘
491 274 719 339 ursrmorro
742 273 907 354 ousara

178 409 270 462 strum
289 399 489 477 Fredericum3
511 401 576 476 sed,
597 403 672 461 siout
691 399 813 477 legimus
834 401 864 457 in
884 395 963 456 libris
984 395 1106 471 nostris,
1128 393 1218 455 Obri-

179 491 290 548 stianus
304 485 321 568 ¹)
342 487 501 563 hperator
529 487 645 574 quidam
667 489 722 546 cito
734 483 756 565 ²)
779 491 893 562 surget,
922 481 991 543 Otto
1012 484 1142 558 nomine,
1164 483 1218 558 qui

178 580 284 636 terram
303 574 379 633 hanc
407 583 473 632 cum
502 576 617 634 civitate
637 572 799 633 Jerusalem
828 571 917 632 cultui
939 570 1099 630 Christiano
1128 571 1218 630 resti-

179 668 249 722 tuet.
292 661 352 721 Nos
372 662 428 720 ista
439 658 460 742 8)
490 659 653 736 audientes,
685 660 872 735 sperabamus
901 659 967 732 quia
992 656 1144 733 prophetia
1164 655 1218 714 illa

178 746 324 825 implenda
352 753 428 806 esset
460 749 490 806 iu
513 745 619 806 Ottone
639 745 814 822 Imperatore
836 744 964 820 Saxone,
996 745 1045 818 qui
1071 748 1139 802 anta
1159 742 1218 802 hos

147 859 149 868 ,
181 835 253 894 duos
275 828 398 913 aunos⁴)
421 833 571 911 defunctus
599 839 650 892 est.
703 831 814 891 Eodem
840 837 969 906 tempore
990 829 1135 890 Salatinus
1155 827 1218 888 hu-

180 923 355 982 manitatem
380 920 507 980 exhibuit
534 919 699 988 Christianis
739 920 807 977 satis
835 934 979 993 magnam.
1034 915 1108 974 Cum
1136 919 1219 975 esset

182 1010 321 1068 exercitus
344 1006 568 1066 Christianorum
588 1007 693 1082 partim
714 1005 751 1064 ab
775 1007 835 1064 eius
857 1005 982 1062 exercitu
1004 1004 1123 1077 occisus,
1144 1019 1219 1078 par·

180 1097 232 1154 tim
259 1099 360 1170 captus
381 1098 469 1168 atqua
491 1092 658 1168 dissipatus,
685 1091 818 1166 reliquias
841 1092 997 1164 civitatum,
1011 1093 1093 1164 ¹quae
1114 1105 1146 1148 se
1166 1088 1219 1146 ul-

180 1189 225 1241 tro
247 1179 444 1254 reddiderunt,
472 1181 501 1238 in
531 1179 693 1238 civitatibus
725 1176 832 1237 eisdem
844 1173 865 1256 ⁵)
895 1193 958 1237 esse
985 1177 1126 1251 permisit,
1159 1175 1218 1235 sub

181 1269 259 1328 bona
280 1274 378 1326 tamen
400 1265 537 1325 custodia.
572 1265 684 1324 Diebus
705 1264 815 1340 aliquot
836 1262 949 1339 elapsis,
971 1279 1036 1322 cum
1053 1263 1221 1337 requisisset

181 1356 296 1428 asuis,
328 1351 472 1429 quomodo
505 1369 536 1410 se
565 1350 705 1410 haberent
726 1350 892 1424 Christiani,
923 1347 1130 1424 responderunt
1160 1347 1220 1406 illi:
1255 1412 1257 1423 ,

182 1439 315 1513 Domine,
337 1457 394 1498 non
416 1439 498 1498 aliter
518 1440 620 1497 vivunt
641 1455 728 1513 quarn
748 1454 864 1513 peoora,
883 1435 958 1495 ludis
979 1440 1110 1510 tautum,
1130 1434 1221 1510 gulae
1261 1473 1266 1482 -

184 1524 245 1606 εΗ)
266 1525 406 1585 illecebris
427 1527 591 1584 servientes.
640 1524 723 1583 Tunc
743 1526 832 1583 iratus
857 1525 940 1582 iussit
962 1539 1011 1582 eos
1034 1521 1070 1580 de
1092 1523 1222 1581 civitati-

182 1615 239 1673 bus
263 1611 375 1688 expelli.
396 1609 599 1672 NOVIOIUS:
620 1609 715 1670 Proch
728 1608 815 1670 dolor.
838 1609 923 1687 Quod
937 1609 1071 1669 abhorret
1084 1607 1223 1668 Judaeus

170 1705 213 1761 ,et
233 1699 312 1775 quod
333 1704 496 1758 exsecratur
516 1715 662 1774 paganus,
682 1696 739 1756 hoo
760 1697 843 1773 quasi
863 1695 1000 1777 prolege
1021 1695 1111 1755 habet
1132 1693 1223 1754 Chri-

183 1789 301 1846 stianus.
344 1783 580 1844 Mousbada:
609 1782 691 1842 Haec
718 1781 754 1843 de
782 1785 940 1844 tentatione
968 1779 1225 1859 superbiacdicta

154 1871 158 1877 '
183 1875 258 1948 sint;
279 1887 356 1933 nuuc
377 1871 509 1932 aditam
530 1870 710 1930 accedamus.

529 2075 762 2138 OAPITULUM
790 2075 875 2138 XVI.
905 2112 909 2121 ·
967 2089 970 2096 ·

637 2200 685 2259 Dc
708 2201 766 2258 ira.

251 2357 299 2416 Ira
314 2362 357 2416 est
377 2356 577 2416 irrationabilis
589 2356 766 2433 perturbatio
781 2355 901 2430 mentisq
922 2350 978 2428 vel,
993 2353 1034 2411 ira
1045 2356 1097 2426 est,
1114 2367 1229 2411 secun-
1287 2393 1288 2408 r

187 2443 256 2504 dum
277 2443 363 2504 aliam
385 2443 612 2519 descriptionem,
634 2445 747 2503 strictus
763 2442 896 2502 concitati
917 2440 993 2499 luror
1015 2440 1115 2513 animi,
1146 2435 1230 2498 ulci-

187 2530 287 2590 scendi
306 2530 422 2589 libidine
442 2530 563 2590 ferrens.
584 2528 632 2588 De
652 2531 695 2588 ira
709 2529 865 2588 nascuntur
885 2529 972 2599 fixae,
993 2531 1088 2584 tumor
1109 2528 1232 2602 mentis,

142 2675 147 2692 ,
188 2615 392 2691 contumeliae,
419 2615 540 2691 clamor,
562 2615 735 2693 indignatio,
757 2614 960 2691 blasphemiae.
1009 2611 1058 2671 Ira
1077 2613 1107 2669 in
1135 2611 1232 2672 eorde

188 2703 266 2779 latet,
287 2706 317 2762 iu
338 2702 428 2762 verba
448 2703 614 2779 prorumpit,
635 2703 750 2760 iniurias
773 2707 894 2760 exercet
937 2697 1021 2758 Unde
1034 2697 1175 2775 Salomon
1199 2701 1232 2758 in
1287 2745 1288 2748 ,

188 2790 367 2850 Proverbiis:
405 2790 457 2849 Vir
478 2790 641 2848 iracundus
658 2795 804 2864 provomt
824 2786 925 2862 riuum
958 2792 986 2844 et
1007 2788 1059 2861 qui
1080 2783 1122 2842 ad
1141 2786 1231 2846 iudi-
1287 2827 1288 2830 κ

188 2877 343 2954 potandum
365 2875 462 2952 facilia
486 2880 541 2948 est,
568 2878 623 2934 era't
645 2875 687 2936 ad
707 2874 893 2950 peccandum
910 2873 1068 2949 proclivior
1077 2867 1108 2948 ⁷).
1147 2869 1233 2931 Item

188 2962 420 3023 Ecclesiasticus:
447 2962 502 3020 Ira
515 2969 543 3022 et
554 2962 653 3039 furor,
675 2968 836 3037 utramque
850 2957 1025 3022 ecsemubila
1039 2953 1119 3035 ciffi).
1141 2956 1185 3016 Et
1198 2960 1232 3018 in

188 3050 318 3127 Epistola
340 3067 393 3108 sua
413 3048 543 3109 Jaoobus
565 3046 739 3124 Apostolus:
766 3047 822 3106 Ubi
843 3049 922 3116 zalus
945 3053 973 3106 ct
994 3045 1140 3105 contentio
1152 3044 1233 3118 ,tbi

189 3139 399 3208 iocorutontta,
421 3142 449 3195 at
471 3153 557 3195 omne
579 3151 652 3211 opus
669 3149 803 3210 pravam
812 3130 845 3212 ⁹).

213 3603 467 3711 incrassatus
490 3627 950 3702 onac.-a)0rroarru.-
976 3627 1008 3694 a)
1032 3625 1175 3678 sooria.
1197 3653 1228 3666 -
1287 3653 1288 3656 κ

262 3711 279 3761 4
306 3709 419 3762 cante
437 3704 495 3756 hos
514 3718 615 3756 anuos
634 3701 730 3765 duos,
746 3698 810 3752 ADP
828 3706 906 3750 ante
924 3697 968 3749 uli
998 3705 1053 3748 uot
1070 3709 1182 3748 anuos.
1197 3722 1229 3732 -

214 3799 216 3805 ¹
262 3781 278 3830 5
313 3767 967 3842 incrustent-Quo‹argutae-r)
1005 3763 1230 3831 noveruaaaa.
1287 3793 1288 3852 ,

263 3875 294 3887 -
313 3847 345 3915 8]
362 3845 440 3898 Eccli.
457 3845 500 3910 27,
518 3843 561 3896 ³3.
580 3871 611 3882 -
630 3841 662 3910 9)
680 3839 732 3892 lac.
751 3838 777 3904 3,
795 3836 835 3890 16.
