2594 4302
184 237 246 300 190
525 233 755 298 clematio
775 233 888 298 bolen

181 360 268 422 mam
288 357 407 419 tuneba
429 357 460 416 ln
479 355 579 434 aliqua
598 363 681 434 parta
700 357 812 420 bustiae
833 356 1007 433 auitam,
1028 355 1097 433 quia
1118 354 1221 418 eadem

128 437 132 447 '
181 447 274 526 gratia
302 445 422 523 pelices
441 443 623 506 latabantur.
664 445 796 506 Necdum
827 450 925 505 umen
944 443 1051 504 betam
1071 445 1112 505 ibi
1132 445 1223 505 fuisse

182 538 252 610 putu
270 533 624 596 transsubstantiationem.
654 532 824 594 Vocabatur
837 537 935 593 autem
947 530 1082 592 sacerdes
1095 527 1222 594 Willrel·

182 635 263 694 mua,
288 625 384 680 aetate
411 618 527 696 quidem
549 621 675 695 iuvenis,
708 619 761 679 sed
788 622 865 680 vitas
886 618 1039 697 regularis,
1059 621 1089 680 ln
1110 617 1223 696 capella

182 709 263 766 iuxta
288 701 452 786 Nussiam1)
484 705 639 782 protessus
681 705 830 767 visionem
858 705 934 766 banc
962 703 1132 766 Richmudis
1158 709 1224 782 ipsa

184 792 335 870 Subpricri
362 797 460 852 nostra
483 791 605 853 Gerlacc
627 792 730 869 retulit,
752 795 864 870 etipse
890 792 968 852 mihi.
1017 789 1222 852 NOVICIUS:

182 879 317 946 Sicania
345 878 458 940 claritas
479 879 532 940 fuit
556 881 587 940 in
613 897 688 955 pane
714 886 748 944 ut
768 881 894 956 opinus
912 877 1040 938 nondum
1061 878 1224 954 benedicto,

183 973 254 1046 puta
289 983 426 1044 magnum
459 981 522 1028 esse
553 966 693 1042 fulgorem
723 969 842 1046 inipso
876 982 995 1048 corpore
1003 963 1024 1047 ²)
1059 965 1225 1026 Domiulca.

184 1050 420 1114 Montanus:
441 1049 507 1114 Hoc
520 1048 540 1134 ⁸)
562 1070 686 1130 sequens
707 1056 780 1116 visio
801 1052 904 1130 prodit

502 1257 735 1320 CAPITULUM
755 1259 905 1320 XXXIV.

92 1363 97 1370 ’
184 1381 260 1444 Item
289 1381 325 1442 dc
353 1381 507 1444 cnutone
529 1381 664 1440 'dardan
686 1381 808 1458 quando
852 1381 1105 1454 communicabat,
1132 1387 1162 1440 et
1190 1380 1226 1440 da

316 1468 453 1528 claritate
473 1485 565 1544 quam
586 1468 661 1528 vidit
680 1486 771 1544 ,super
792 1467 943 1528 alleccia
964 1486 1089 1530 caecae·

237 1585 356 1670 ·Gum‘)
383 1588 484 1650 eadem
512 1588 696 1665 Riehmudis,
724 1589 798 1648 sicut
825 1589 863 1649 ab
892 1592 953 1652 eins
983 1606 1032 1650 cre
1053 1588 1169 1665 audivi,
1196 1591 1226 1650 in

185 1673 332 1754 praedicta
353 1675 474 1737 ecclesia
495 1675 533 1735 ad
554 1678 672 1735 missam
692 1675 890 1735 matutinalem
911 1683 1012 1752 staret,
1040 1675 1113 1736 iufra
1134 1691 1226 1736 cano·

185 1780 253 1824 nem
281 1765 357 1824 cirea
372 1770 583 1822 sacramentum
603 1765 759 1822 maximam
780 1763 973 1839 contemplata
994 1770 1038 1824 est
1057 1763 1227 1823 clantatcm.

185 1851 296 1932 Putans
308 1853 400 1927 primo
415 1849 493 1926 quad
505 1849 602 1909 radius
622 1846 719 1929 solis‘)
736 1865 789 1926 per
808 1850 963 1910 fenestram
985 1849 1127 1910 demissus
1134 1844 1158 1930 ⁸)
1179 1849 1227 1910 al-

186 1941 248 1997 tare
259 1937 420 2013 illustraret,
432 1939 549 2014 propius
563 1939 691 2011 accessit,
707 1943 737 1997 et
750 1953 817 1997 ecce
830 1937 944 1997 claritas
958 1937 1060 1997 cadem
1074 1939 1182 1996 sensim
1195 1953 1227 1996 se

187 2023 277 2084 oculis
303 2027 365 2084 eius
391 2025 541 2084 subtraxit.
592 2023 631 2083 Et
658 2021 796 2084 intellexit
823 2025 920 2083 statim
948 2026 1025 2100 quia.
1043 2023 1094 2083 lux
1122 2023 1228 2084 eadem
1281 2031 1282 2108 l

186 2111 287 2171 fuisset
319 2127 355 2171 ex
387 2111 515 2171 elantate
544 2113 669 2186 carparis
698 2109 816 2187 Christi,
851 2126 910 2169 non
935 2127 973 2171 ex
999 2109 1061 2170 sole
1088 2110 1228 2186 naturali,

187 2201 269 2262 tulus
298 2205 392 2258 ortum
420 2198 522 2258 eadem
549 2197 621 2257 hura
648 2196 734 2275 longe
757 2205 961 2273 praecesserat
1003 2197 1050 2258 De
1070 2200 1135 2274 ipsa
1156 2213 1228 2257 vera

186 2283 348 2346 Richmude
371 2291 401 2346 et
421 2285 458 2344 de
480 2287 540 2344 aas
563 2283 714 2344 devotione
736 2286 812 2345 eirca
831 2283 902 2344 allud
923 2292 1134 2344 sacramentum
1154 2287 1229 2344 mira

188 2371 316 2448 dicturus
344 2389 417 2432 sum.
459 2370 583 2447 Quande
611 2388 680 2431 vera
707 2374 799 2448 gratia
820 2370 1048 2432 communicandi
1068 2370 1229 2431 accedebat
1280 2371 1281 2388 ,

187 2457 226 2518 ad
247 2458 351 2533 alme,
375 2458 529 2534 aliquando
552 2465 618 2517 ante
639 2459 860 2534 perceptionem,
881 2458 1035 2534 aliquando
1056 2463 1122 2536 post
1143 2457 1228 2518 labe-

188 2546 282 2620 batur,
302 2545 461 2620 tenebatur,
482 2545 657 2620 trahebatur,
676 2561 752 2611 nunc
766 2547 869 2604 mentis
884 2562 1042 2621 excessum,
1062 2561 1138 2605 nune
1160 2560 1228 2604 eor·

188 2634 265 2709 poris
294 2631 436 2692 defectum
456 2634 617 2707 inararem,
645 2635 688 2692 ita
707 2639 740 2691 ut
762 2632 855 2693 dicere
875 2639 974 2708 posset
995 2649 1062 2694 eum
1082 2629 1225 2692 Jeremia:
1280 2693 1281 2704 ,

188 2718 300 2778 Factus
329 2726 371 2778 eat
403 2723 490 2796 quasi
518 2722 594 2796 tnnc
626 2719 849 2797 flammiycraaa
877 2723 918 2778 ia·
938 2717 1050 2778 ossibus
1080 2721 1166 2790 meir,
1201 2725 1228 2777 ct

189 2804 281 2882 &feci
315 2805 439 2882 sufferre
465 2823 527 2866 aaa
560 2803 746 2880 suatinens').
796 2805 935 2866 Videntes
961 2805 1034 2866 haec
1063 2803 1228 2866 sacerdotes

190 2909 278 2969 saepe
314 2892 518 2968 turbabantur,
557 2897 586 2952 et
620 2893 836 2952 circumstantes
862 2891 992 2952 admirati
1018 2899 1094 2952 sunt
1143 2890 1228 2952 Haec

190 2979 226 3040 de
239 2978 437 3040 sacerdotibus
452 2979 538 3058 digne
555 2979 764 3039 celebrantibus
786 2979 863 3040 dicta
883 2979 1032 3039 sufficiant
1074 2979 1129 3038 Vis
1150 2995 1228 3037 nunc

189 3065 288 3126 audie
317 3066 414 3142 aliqua
442 3065 478 3126 de
507 3066 552 3125 bis
579 3069 629 3141 qui
651 3067 735 3142 digna
767 3067 924 3142 accedunt,
946 3071 975 3125 et
1002 3072 1099 3126 tamen
1127 3081 1228 3125 sacer-

190 3152 273 3213 dotes
290 3169 348 3212 ncn
362 3153 451 3212 sunt?
493 3151 697 3214 NOVICIUS:
718 3153 794 3213 Volo
817 3160 846 3214 et
867 3151 997 3212 desidero
1019 3151 1113 3212 valde.
1148 3149 1228 3212 ΜΟ·
1279 3127 1280 3198 l

189 3238 363 3301 NAOHUS:
387 3239 533 3316 Quantum
553 3241 631 3316 apud
652 3239 748 3300 Deum
770 3247 932 3306 mereantur
951 3239 1105 3318 gloriaest
1126 3237 1228 3298 dulce·

191 3326 279 3402 dinis,
313 3332 452 3403 quantum
480 3329 590 3404 gratiae
625 3333 655 3388 ct
681 3326 865 3402 tortitudinis,
902 3333 1041 3402 quantum
1068 3323 1170 3406 salutis
1200 3331 1230 3386 et

190 3413 322 3490 honoris,
349 3413 717 3491 digrreccmmunicantes,
744 3415 1039 3482 sivecommunicare
1060 3411 1230 3475 destrimen-

190 3505 244 3576 tes,
264 3502 352 3564 variis
373 3502 425 3567 tibi
445 3499 572 3580 peamau
591 3500 739 3578 exemplis.
786 3494 790 3502 ’

209 3736 242 3806 1)
257 3734 348 3792 Nema.
370 3767 403 3778 -
426 3738 460 3805 2]
482 3736 505 3792 B
529 3687 667 3806 ccr'pcra
691 3737 877 3791 benedicta.
903 3767 934 3778 -
953 3736 1026 3806 3)Α
1050 3736 1183 3790 baec.—
1198 3737 1231 3805 4)
1278 3749 1279 3754 ’

261 3804 381 3859 Bdnm
397 3837 428 3852 -
444 3808 477 3876 5)
494 3806 517 3862 B
534 3807 662 3860 salaria.
675 3837 707 3854 -
720 3809 753 3878 6)
771 3807 792 3862 C
810 3808 975 3862 dimissus.
989 3836 1022 3846 -
1040 3805 1072 3876 7)
1089 3805 1229 3872 ler.20,9.
1278 3865 1279 3898 3
