2622 4322
380 295 385 302 ·
457 263 509 326 DE
530 263 795 328 ΤΕΝΤΑΤΙΟΝΕ.
1084 265 1147 328 215

115 387 293 448 convenirent
310 383 330 468 ¹)
361 384 498 448 Coloniae
528 391 558 447 in
587 386 709 448 ecclesia
736 388 815 447 beati
844 385 931 460 Petri.
986 385 1149 447 Monachus

116 491 177 534 vero
199 475 373 550 Campensis
395 491 461 534 curn
481 474 601 534 alterum
622 474 789 550 regulariter
810 473 977 548 salutasset,
998 473 1149 534 subridens

116 561 225 622 adiecit:
249 561 329 638 Quid
353 567 412 636 est,
434 561 539 621 frater?
583 563 718 621 Timesne
739 560 834 620 adhuc
854 559 1052 621 vermiculos?
1095 560 1149 620 Ille

115 649 183 707 bene
203 649 363 709 recordans
385 648 462 708 unde
482 649 547 708 talis
579 650 763 726 interrogatio
791 647 910 708 haberet
939 649 1091 724 originem,
1121 653 1150 707 et

114 735 170 810 ipse
189 735 368 796 subridendo
390 735 536 811 respondit
555 736 678 795 verbum
698 736 815 810 bonum,
836 734 956 794 verbum
969 732 990 814 ²)
1012 737 1150 796 memoria

115 822 240 899 dignum:
264 821 361 882 Crede
383 822 468 896 mihi,
488 821 591 896 irater,
614 828 643 881 et
663 821 719 881 hoc
740 838 791 897 pro
815 827 892 880 certo
915 823 1005 895 scias,
1035 822 1103 897 quia
1123 823 1150 881 si

91 915 204 992 ,essent
224 927 329 968 omnes
351 909 499 983 vermiculi
520 911 648 968 omnium
675 907 881 968 monachornm
912 910 942 966 in
969 906 1060 989 uno³)
1083 925 1150 968 cor-

114 1013 186 1072 pore,
206 1014 265 1056 non
288 995 338 1055 me
363 996 399 1054 de
422 995 518 1054 ordine
541 995 712 1058 morderent.
755 995 819 1072 Quo
841 995 930 1054 verbo
952 994 1068 1069 audito,
1100 994 1148 1054 ille

113 1083 229 1143 multum
250 1083 425 1142 aedificatus
448 1087 498 1156 est,
519 1082 616 1140 multis
636 1080 707 1140 illud
729 1082 765 1142 ad
783 1081 1010 1141 aedificationem
1020 1084 1150 1141 recitans.

113 1171 198 1230 Vides
220 1177 350 1246 quantae
372 1169 542 1236 fortitudinis
562 1168 655 1228 sactus
677 1171 714 1227 sit
733 1172 767 1245 is,
789 1172 838 1244 qui
856 1170 1149 1229 anteconversionem

113 1259 191 1316 nimis
211 1258 308 1317 luerat
329 1255 540 1332 pusillanimis?
583 1255 668 1314 Unde
689 1256 760 1330 hoc,
788 1258 842 1314 nisi
864 1273 899 1315 ex
921 1255 1022 1315 divinis
1045 1272 1150 1315 conso·

113 1342 278 1419 lationibus,
305 1360 387 1420 quae
418 1349 484 1400 sunt
511 1345 541 1400 in
570 1341 690 1401 ordine?
732 1342 815 1402 Haec
843 1342 878 1402 de
907 1342 951 1402 his
981 1341 1150 1417 dictasint,

115 1447 181 1506 quos
205 1434 313 1491 vitium
343 1429 584 1505 pusillanimitatis
612 1445 649 1488 ne
678 1436 879 1490 convertantur
904 1432 1015 1489 avertit.
1066 1431 1151 1490 Nunc

114 1517 176 1577 andi
207 1519 309 1594 aliqua
343 1516 477 1592 exempla
505 1516 540 1575 de
573 1516 633 1590 his,
666 1532 739 1591 quos
770 1522 837 1591 post
868 1518 1083 1578 conversionem
1113 1534 1151 1577 nc
1259 1573 1269 1594 ,

113 1605 282 1680 proficerent
311 1606 438 1666 tentavit
466 1609 495 1661 et
513 1602 670 1679 impedivit.

451 1809 684 1872 CAPITULUM
704 1810 817 1871 XLlX.

143 1935 189 1994 Dc
211 1931 431 1996 mansionibus
454 1931 798 2080 GodcfmgilScbolmtici
817 1938 912 1994 sancti
930 1933 1068 1994 Andreae
1089 1937 1121 1994 tlt

596 2038 703 2080 conto.
761 2033 765 2046 ¹

175 2141 377 2203 Scholasticus
399 2129 490 2199 sa'ncti
510 2139 645 2200 Andreae
673 2143 702 2199 in
731 2141 850 2202 Colonia
872 2141 1059 2218 Godefridns,
1087 2158 1154 2200 oum

117 2236 186 2309 esset
205 2233 253 2290 vir
277 2227 380 2288 debilis
404 2232 432 2286 et
454 2227 614 2304 decrepitae
636 2230 745 2304 aetatis,
768 2230 808 2300 ad
828 2230 955 2289 ordinem
977 2247 1043 2290 oum
1063 2229 1155 2289 multa

116 2319 198 2376 animi
219 2309 416 2391 constantim)
438 2317 524 2374 venit.
566 2315 630 2391 Ego
652 2332 720 2374 vero
744 2333 808 2375 cum
829 2319 892 2392 ipso
924 2319 954 2375 in
985 2317 1155 2392 probatione

116 2402 161 2461 fui.
208 2404 261 2463 De
291 2418 350 2477 quo
381 2403 466 2460 etiam
493 2402 615 2477 plurima
643 2403 746 2477 quibus
774 2404 934 2463 vexabatur
965 2406 1155 2463 tentationum

116 2507 218 2566 genera
240 2489 305 2548 vidi
326 2495 357 2547 et
378 2489 483 2546 audivi.
526 2489 583 2548 Dic
606 2489 731 2564 quadam
753 2506 818 2549 oum
839 2490 879 2549 ad
900 2491 1018 2550 chorum
1036 2490 1155 2550 festina·

116 2584 174 2652 ret,
201 2583 232 2637 et
265 2592 389 2652 cappam
418 2593 500 2634 suam
527 2575 644 2636 induere
667 2583 831 2653 conaretur,
861 2576 991 2638 diabolus
1021 2584 1155 2639 conatum

119 2666 175 2723 eins
194 2663 365 2739 impedivit,
398 2677 578 2738 cappamque
606 2662 713 2722 fortiter
740 2666 857 2723 retraxit
865 2661 895 2744 ⁵).
938 2664 1068 2724 Tandem
1089 2670 1166 2740 post,

117 2767 172 2809 non
202 2750 354 2809 modicam
364 2744 385 2827 6)
407 2749 603 2826 fatigationem
631 2749 668 2808 ad
697 2767 729 2809 se
757 2766 903 2826 revnsus,
931 2769 949 2810 a
977 2750 1091 2811 diabolo
1125 2769 1156 2812 se

117 2838 248 2913 impediri
271 2834 470 2911 considerant,
493 2853 615 2911 cappam
636 2836 753 2896 induere
776 2841 915 2913 cessavit,
937 2845 965 2897 et
987 2841 1102 2916 signans
1123 2855 1156 2898 se

118 2923 227 3001 fugavit
247 2926 403 2997 inimicum,
425 2939 479 2982 nec
491 2922 608 2998 aliquod
623 2923 757 3000 deinceps
778 2943 881 3000 passus
903 2931 947 2984 est
967 2926 1157 3002 impedimen·
1221 2941 1223 2946 ·

119 3016 186 3070 tum.
232 3009 387 3082 (lamiam
409 3008 555 3068 adfinem
577 3010 706 3071 tenderet
727 3029 818 3070 annus
839 3013 1030 3090 probationis,
1063 3015 1158 3088 coepit

121 3098 299 3158 eidiabolus
329 3097 368 3156 ad
396 3104 522 3155 mentem
554 3095 689 3156 reducere
719 3096 846 3173 diversa,
879 3115 953 3175 qnae
983 3101 1013 3158 in
1041 3098 1156 3159 saeculo

120 3184 261 3244 habuerat
283 3183 445 3260 commoda,
465 3187 625 3258 proponere
648 3187 734 3243 etiam
754 3185 891 3260 plurima,
914 3189 1038 3260 quaein
1060 3186 1158 3248 ordine

122 3287 182 3331 esse
209 3271 346 3332 videntur
373 3267 569 3345 incommoda,
602 3270 715 3345 pondus
747 3271 879 3332 videlicet
910 3276 1157 3350 vestimentorum,

121 3356 219 3436 longas
241 3357 355 3436 vigilias
378 3363 408 3416 et
428 3357 587 3432 silentium,
616 3357 740 3418 calorem
766 3361 796 3418 in
828 3365 937 3419 aestate
970 3367 1000 3420 et
1019 3361 1107 3438 frigus
1128 3363 1159 3422 in

141 3543 170 3614 1)
187 3544 207 3597 B
225 3551 344 3612 postea
364 3525 632 3596 convenirenthi
655 3543 731 3606 dno,
755 3543 774 3598 G
798 3543 830 3596 hi
854 3545 916 3597 duo
939 3538 1159 3602 convenirent

188 3623 360 3682 postea-
373 3614 405 3680 2)
419 3613 482 3665 ADP
500 3623 538 3664 et
548 3613 590 3676 111,
599 3614 645 3664 21·
666 3614 786 3680 „verbum
804 3614 906 3679 honum,
923 3618 1159 3682 verbumsanctum,

187 3685 297 3736 verbum
320 3685 439 3734 memoria
467 3651 679 3752 dignissimnmss„
691 3684 762 3736 Conl
780 3685 828 3748 lV,
846 3687 887 3738 64
906 3686 952 3750 Vl,
969 3689 1044 3739 5.-
1067 3690 1099 3756 3)
1117 3657 1159 3740 1111
1249 3717 1250 3720 ¹

187 3769 312 3806 meo—
333 3753 682 3820 4)Alll'instantia.-
701 3754 987 3822 5)Pextraxit.-
999 3757 1160 3825 6)Gpost

127 3852 131 3862 ι
190 3824 362 3888 modicam,
379 3822 757 3891 Bnonpostrnodicam.
