2622 4322
441 273 497 335 DId
524 272 790 337 ΤΕΝΤΑΤΙΟΝΕ.
1075 281 1137 338 217

487 465 721 542 CAPITULUM
741 466 776 527 L.

207 555 305 646 ¹Item
328 586 365 646 de
386 591 544 648 tentatione
565 589 676 648 Emori
695 591 866 649 eaoeeseorie
887 589 1023 650 amdam
1125 559 1128 569 ⁸

161 723 298 785 Renerns
319 726 379 786 iam
399 726 491 788 delae
513 726 652 788 eeclesiae
674 728 766 788 saneti
782 725 917 788 Andreae
938 726 1140 806 Scholastions,

102 816 130 870 et
147 810 242 872 fratris
267 811 353 890 (inde
355 813 418 872 iridi
438 831 607 888 successor,
633 830 698 873 eum
730 819 796 889 post
823 817 884 874 eius
916 821 1037 876 mortem
1057 816 1139 878 fieret

100 899 174 973 apud
195 916 251 960 nos
273 903 419 982 novicius,
445 903 475 960 in
496 907 609 960 tantum
631 903 725 976 eoepit
745 903 831 960 variis
853 903 1056 967 tentationibus
1076 910 1140 963 tur-

99 981 200 1066 buri¹),
223 993 259 1045 ut
280 976 468 1062 pusillanimis
490 987 617 1063 effeetus,
651 987 696 1046 die
717 985 844 1063 quedem
865 981 979 1048 domino
1003 989 1138 1050 Gevardo

99 1068 207 1132 Abbati
230 1073 356 1133 diceret.
384 1073 450 1134 Non
477 1077 596 1151 possum
625 1074 672 1133 hie
701 1073 807 1134 diutius
828 1091 958 1150 manere,
992 1078 1061 1151 quia
1087 1095 1141 1138 nee

98 1157 227 1219 ordinem
260 1160 347 1220 valeo
376 1161 481 1220 diutius
509 1163 658 1220 sustinere
708 1161 802 1238 Quem
831 1178 896 1220 oum
923 1164 1140 1241 interrogasset,

98 1261 154 1320 quo
176 1247 270 1306 vultis
291 1246 355 1307 ire?
398 1247 543 1324 respondit
562 1247 627 1307 ille:
653 1244 702 1306 Ad
722 1247 917 1324 praebendam
938 1267 1033 1310 meam
1053 1267 1140 1326 opor-

97 1338 138 1392 tet
158 1351 206 1392 me
240 1334 345 1393 redire
388 1334 471 1394 Tune
491 1333 610 1418 Abbas,
643 1337 725 1409 quasi
752 1337 796 1393 vir
822 1335 962 1410 prudens,
994 1337 1140 1414 quandam

97 1423 286 1480 severitatem
306 1409 452 1496 simulans,
474 1424 567 1497 eoepit
588 1424 685 1480 neseio
707 1420 746 1480 ad
767 1439 853 1497 quem
871 1421 1009 1483 clamare:
1031 1422 1141 1485 Adferte

98 1506 165 1565 mihi
186 1509 325 1568 securim
370 1507 423 1565 Cui
445 1524 510 1567 oum
532 1508 640 1568 moeret
660 1509 798 1584 novicius,
820 1507 887 1584 quid
910 1509 996 1570 debet
1011 1510 1140 1571 securis?

97 1594 261 1670 respondit:
283 1593 325 1654 Ut
344 1592 570 1697 praecidentur²)
593 1593 682 1670 pedes
704 1597 799 1654 vestri.
842 1593 954 1656 Credite
975 1587 1053 1674 mibi,
1074 1616 1139 1657 ma-

98 1681 139 1756 gis
159 1681 230 1742 volo
256 1698 310 1741 vos
331 1684 393 1741 sine
414 1681 535 1758 pedibus
557 1698 671 1758 semper
690 1698 824 1757 pascere,
857 1699 944 1768 quam
972 1701 1026 1744 vos
1047 1687 1140 1745 sinam

98 1768 190 1843 abire,
221 1773 254 1828 et
283 1767 456 1828 eontimdere
489 1768 607 1828 domum
628 1775 762 1828 nostram
805 1768 888 1828 Tune
915 1745 962 1830 i'lle
991 1770 1141 1831 subridens

98 1855 151 1914 ait.
172 1855 283 1915 Melius
305 1861 349 1914 est
370 1861 403 1913 ut
423 1873 565 1915 maneam.
608 1854 713 1931 Sitque
732 1872 785 1930 per
806 1856 1139 1918 verbaiooosaeessavit

98 1944 218 2002 tentatio
241 1944 315 2002 satis
337 1942 416 2000 dura
458 1940 661 2002 NOVIOIUS.
683 1941 724 2001 Ut
741 1943 898 2018 considero,
918 1945 1140 2006 noviciusfaoile

99 2033 234 2104 mutatur,
259 2034 288 2088 et
309 2027 393 2088 facile
414 2035 539 2088 sanabit.
581 2025 818 2090 MONAOHUS:
846 2029 913 2091 Hoe
933 2030 1045 2108 plenius
1066 2034 1140 2094 soles

99 2114 287 2194 insequenti
308 2114 441 2192 capitulo.

471 2303 705 2367 eremmon
724 2305 774 2389 ιι.

131 2428 182 2488 De
203 2429 329 2502 nobiae,
352 2429 405 2502 qui
426 2443 506 2486 anno
523 2426 710 2503 probamen
731 2429 882 2504 emupleto,
903 2447 933 2488 ee
953 2431 1024 2490 rodi
1042 2449 1105 2492 non

556 2517 699 2589 permisit

165 2636 307 2696 Novieius
340 2633 457 2711 quidam
487 2651 553 2695 eum
587 2637 617 2693 in
645 2633 859 2697 Hemmenrode
889 2639 958 2698 satis
989 2639 1140 2719 tranquille

103 2739 211 2782 annum
231 2725 390 2799 peregisset
410 2721 594 2797 probationis,
617 2728 645 2781 et
666 2721 813 2783 voluntate
834 2725 994 2786 stabilitatis
1006 2745 1140 2805 expressa

103 2809 131 2868 in
154 2808 297 2887 Cupitum,
319 2807 462 2868 radendus
484 2815 560 2868 esset
580 2811 609 2880 in
631 2810 812 2885 monachum,
833 2818 919 2887 atque
940 2815 980 2888 is,
1002 2817 1051 2890 qui
1073 2833 1139 2876 eum

105 2895 205 2956 rudere
238 2891 409 2974 debebam),
440 2897 579 2955 rasorium
604 2897 634 2953 in
662 2899 782 2974 conigiu
810 2901 977 2975 corrigeret,
1008 2900 1140 2964 diabolus

106 2982 208 3044 eadem
228 2982 301 3042 bora
322 2984 364 3042 sie
384 2984 517 3042 iuvenem
539 2984 724 3059 contristavit,
745 2986 842 3060 sieque
852 2985 1062 3060 pusillanimem
1071 2989 1139 3049 red-

106 3070 189 3145 didit,
221 3075 255 3129 ut
286 3074 397 3128 mutato
419 3071 513 3129 animo
536 3086 662 3129 rasorem
683 3088 740 3130 non
761 3071 932 3131 admitteret.
975 3074 1039 3150 Quo
1061 3079 1140 3154 viso,

105 3155 237 3217 dominus
258 3155 555 3216 Hermannus'Abbas
576 3155 647 3215 Loei
667 3162 784 3216 sancus
804 3155 923 3235 Mariae,
945 3166 1013 3222 tuno
1033 3163 1151 3224 ibidem¹

105 3244 201 3319 Prior,
233 3241 368 3303 simulata
389 3242 515 3318 quadam
536 3242 709 3320 iocunditate
730 3247 867 3319 aoeurrit,
897 3246 1000 3307 oollum
1028 3252 1140 3312 iuvenis

105 3337 227 3406 utroque
247 3329 367 3401 brachio
388 3331 508 3404 strinxit,
530 3336 559 3388 et
580 3331 647 3407 quia
669 3331 770 3390 eadem
791 3334 903 3392 tristitia
917 3351 952 3392 ex
967 3337 1141 3400 immissione

107 3423 182 3477 osset
203 3415 310 3476 diaboli
332 3416 446 3491 doeens,
466 3417 653 3476 fluctuantem
674 3421 753 3478 ocius
774 3418 812 3476 ad
828 3420 1060 3496 tranquillitatem
1073 3443 1143 3502 per·

107 3504 195 3564 duxit
238 3504 410 3563 Tentatione
430 3520 500 3564 vero
512 3503 638 3579 sedata,
659 3522 728 3564 mox
748 3504 938 3566 adolescentis
958 3508 1063 3586 facies,
1083 3529 1142 3574 non

107 3592 167 3652 sine
188 3591 384 3650 assistentium
404 3589 599 3677 admiratione,
621 3597 665 3652 est
686 3598 825 3668 serenata,
848 3599 877 3652 et
889 3597 1016 3670 permisit
1026 3615 1057 3657 se
1072 3600 1143 3662 rudi

127 3775 157 3844 l)
174 3774 193 3896 li
210 3774 326 3898 νὴοιιιιιὶἰ
352 3784 383 3827 st
407 3776 592 3830 turbari.-
620 3777 653 3847 2)
679 3777 721 3830 ΒΟ
746 3778 1043 3846 ριιοοίἀιιιιιιιμ-
1010 3782 1144 3854 -3)c

198 3859 297 3898 eere

836 3921 885 3994 10
