<?xml version="1.0" encoding="UTF-8"?>
<!DOCTYPE html PUBLIC "-//W3C//DTD XHTML 1.0 Transitional//EN"
    "http://www.w3.org/TR/xhtml1/DTD/xhtml1-transitional.dtd">
<html xmlns="http://www.w3.org/1999/xhtml" xml:lang="en" lang="en">
 <head>
  <title>
</title>
<meta http-equiv="Content-Type" content="text/html;charset=utf-8" />
  <meta name='ocr-system' content='tesseract 3.04.00' />
  <meta name='ocr-capabilities' content='ocr_page ocr_carea ocr_par ocr_line ocrx_word'/>
</head>
<body>
  <div class='ocr_page' id='page_1' title='image "./caesariiheister05stragoog/caesariiheister05stragoog_0568.png"; bbox 0 0 2654 4308; ppageno 0'>
   <div class='ocr_carea' id='block_1_1' title="bbox 388 251 1174 367">
    <p class='ocr_par' dir='ltr' id='par_1_1' title="bbox 388 251 1174 394">
     <span class='ocr_line' id='line_1_1' title="bbox 388 251 1174 367; baseline 0.005 -6"><span class='ocrx_word' id='word_1_1' title='bbox 388 300 445 362; x_wconf 85' lang='lat' dir='ltr'>nu</span> <span class='ocrx_word' id='word_1_2' title='bbox 462 299 648 366; x_wconf 78' lang='lat' dir='ltr'>uwunsm</span> <span class='ocrx_word' id='word_1_3' title='bbox 668 251 905 367; x_wconf 81' lang='lat' dir='ltr'>vrsronmus.</span> <span class='ocrx_word' id='word_1_4' title='bbox 1115 305 1174 366; x_wconf 84' lang='grc' dir='ltr'>ιιι</span> 
     </span>
    </p>
   </div>
   <div class='ocr_carea' id='block_1_2' title="bbox 134 473 1176 900">
    <p class='ocr_par' dir='ltr' id='par_1_2' title="bbox 134 473 1176 900">
     <span class='ocr_line' id='line_1_2' title="bbox 472 473 843 555; baseline 0.005 -3"><span class='ocrx_word' id='word_1_5' title='bbox 472 473 705 555; x_wconf 77' lang='lat' dir='ltr'>eremmon</span> <span class='ocrx_word' id='word_1_6' title='bbox 725 492 843 554; x_wconf 78' lang='lat' dir='ltr'>uxum</span> 
     </span>
     <span class='ocr_line' id='line_1_3' title="bbox 506 612 809 692; baseline 0 -18"><span class='ocrx_word' id='word_1_7' title='bbox 506 615 555 674; x_wconf 83' lang='lat' dir='ltr'>De</span> <span class='ocrx_word' id='word_1_8' title='bbox 578 612 809 692; x_wconf 74' lang='lat' dir='ltr'>(lacesceret-ibus.</span> 
     </span>
     <span class='ocr_line' id='line_1_4' title="bbox 200 715 1176 812; baseline 0.003 -19"><span class='ocrx_word' id='word_1_9' title='bbox 200 715 435 796; x_wconf 72' lang='lat' dir='ltr'>Mentoreos:</span> <span class='ocrx_word' id='word_1_10' title='bbox 468 731 517 794; x_wconf 76' lang='lat' dir='ltr'>lid</span> <span class='ocrx_word' id='word_1_11' title='bbox 544 735 673 796; x_wconf 84' lang='lat' dir='ltr'><strong>ordinem</strong></span> <span class='ocrx_word' id='word_1_12' title='bbox 700 733 892 799; x_wconf 83' lang='lat' dir='ltr'>confessorum</span> <span class='ocrx_word' id='word_1_13' title='bbox 912 734 1054 812; x_wconf 86' lang='lat' dir='ltr'>pertinent</span> <span class='ocrx_word' id='word_1_14' title='bbox 1074 733 1176 796; x_wconf 85' lang='lat' dir='ltr'>Ponti·</span> 
     </span>
     <span class='ocr_line' id='line_1_5' title="bbox 134 817 1176 900; baseline 0 -18"><span class='ocrx_word' id='word_1_15' title='bbox 134 821 214 898; x_wconf 83' lang='lat' dir='ltr'>ficos,</span> <span class='ocrx_word' id='word_1_16' title='bbox 235 820 377 897; x_wconf 87' lang='lat' dir='ltr'>Abbates,</span> <span class='ocrx_word' id='word_1_17' title='bbox 397 822 500 898; x_wconf 76' lang='lat' dir='ltr'>elerici,</span> <span class='ocrx_word' id='word_1_18' title='bbox 520 823 664 900; x_wconf 87' lang='lat' dir='ltr'>monachi,</span> <span class='ocrx_word' id='word_1_19' title='bbox 683 840 738 884; x_wconf 88' lang='lat' dir='ltr'>nee</span> <span class='ocrx_word' id='word_1_20' title='bbox 752 817 814 883; x_wconf 71' lang='lat' dir='ltr'>&#39;non</span> <span class='ocrx_word' id='word_1_21' title='bbox 834 829 864 884; x_wconf 90' lang='lat' dir='ltr'>et</span> <span class='ocrx_word' id='word_1_22' title='bbox 884 819 949 883; x_wconf 89' lang='lat' dir='ltr'>laici</span> <span class='ocrx_word' id='word_1_23' title='bbox 964 821 1088 900; x_wconf 81' lang='lat' dir='ltr'>religiosi</span> <span class='ocrx_word' id='word_1_24' title='bbox 1107 819 1176 884; x_wconf 89' lang='lat' dir='ltr'>reli·</span> 
     </span>
    </p>
   </div>
   <div class='ocr_carea' id='block_1_3' title="bbox 134 907 1176 1073">
    <p class='ocr_par' dir='ltr' id='par_1_3' title="bbox 134 907 1176 1073">
     <span class='ocr_line' id='line_1_6' title="bbox 134 907 1176 989; baseline 0.001 -20"><span class='ocrx_word' id='word_1_25' title='bbox 134 909 217 986; x_wconf 89' lang='lat' dir='ltr'>giose</span> <span class='ocrx_word' id='word_1_26' title='bbox 236 910 382 983; x_wconf 84' lang='lat' dir='ltr'>viventes,</span> <span class='ocrx_word' id='word_1_27' title='bbox 408 908 609 986; x_wconf 81' lang='lat' dir='ltr'>Christumque</span> <span class='ocrx_word' id='word_1_28' title='bbox 620 907 637 989; x_wconf 91' lang='lat'>¹)</span> <span class='ocrx_word' id='word_1_29' title='bbox 659 912 721 971; x_wconf 77' lang='lat' dir='ltr'>rita</span> <span class='ocrx_word' id='word_1_30' title='bbox 741 915 770 970; x_wconf 89' lang='lat' dir='ltr'>et</span> <span class='ocrx_word' id='word_1_31' title='bbox 790 909 1042 985; x_wconf 34' lang='lat' dir='ltr'>oredeonfitentes,</span> <span class='ocrx_word' id='word_1_32' title='bbox 1064 915 1093 970; x_wconf 90' lang='lat' dir='ltr'>et</span> <span class='ocrx_word' id='word_1_33' title='bbox 1113 911 1176 970; x_wconf 88' lang='lat' dir='ltr'>sinc</span> 
     </span>
     <span class='ocr_line' id='line_1_7' title="bbox 134 995 1176 1073; baseline 0 -17"><span class='ocrx_word' id='word_1_34' title='bbox 134 996 283 1072; x_wconf 81' lang='lat' dir='ltr'>sanguinis</span> <span class='ocrx_word' id='word_1_35' title='bbox 295 997 339 1055; x_wconf 89' lang='lat' dir='ltr'>sui</span> <span class='ocrx_word' id='word_1_36' title='bbox 361 996 497 1056; x_wconf 83' lang='lat' dir='ltr'>effusione</span> <span class='ocrx_word' id='word_1_37' title='bbox 519 995 558 1056; x_wconf 86' lang='lat' dir='ltr'>ed</span> <span class='ocrx_word' id='word_1_38' title='bbox 578 1013 645 1056; x_wconf 85' lang='lat' dir='ltr'>curn</span> <span class='ocrx_word' id='word_1_39' title='bbox 667 1013 753 1073; x_wconf 91' lang='lat' dir='ltr'>quem</span> <span class='ocrx_word' id='word_1_40' title='bbox 774 996 896 1057; x_wconf 77' lang='lat' dir='ltr'>confessi</span> <span class='ocrx_word' id='word_1_41' title='bbox 917 1002 993 1071; x_wconf 79' lang='lat' dir='ltr'>sunt,</span> <span class='ocrx_word' id='word_1_42' title='bbox 1013 998 1176 1073; x_wconf 84' lang='lat' dir='ltr'>migrantes.</span> 
     </span>
    </p>
   </div>
   <div class='ocr_carea' id='block_1_4' title="bbox 135 1081 1299 1159">
    <p class='ocr_par' dir='ltr' id='par_1_4' title="bbox 135 1081 1299 1159">
     <span class='ocr_line' id='line_1_8' title="bbox 135 1081 1299 1159; baseline 0.005 -17"><span class='ocrx_word' id='word_1_43' title='bbox 135 1082 279 1159; x_wconf 85' lang='lat' dir='ltr'>Tempora</span> <span class='ocrx_word' id='word_1_44' title='bbox 291 1084 496 1158; x_wconf 87' lang='lat' dir='ltr'>persecutionis</span> <span class='ocrx_word' id='word_1_45' title='bbox 518 1101 618 1144; x_wconf 87' lang='lat' dir='ltr'>omnes</span> <span class='ocrx_word' id='word_1_46' title='bbox 640 1083 791 1143; x_wconf 72' lang='lat' dir='ltr'>Christiani</span> <span class='ocrx_word' id='word_1_47' title='bbox 813 1084 991 1144; x_wconf 83' lang='lat' dir='ltr'>confessores</span> <span class='ocrx_word' id='word_1_48' title='bbox 1013 1081 1081 1143; x_wconf 89' lang='lat' dir='ltr'>dicti</span> <span class='ocrx_word' id='word_1_49' title='bbox 1101 1089 1176 1158; x_wconf 83' lang='lat' dir='ltr'>sunt,</span> <span class='ocrx_word' id='word_1_50' title='bbox 1294 1141 1299 1148; x_wconf 82' lang='grc'><strong><em>,</em></strong></span> 
     </span>
    </p>
   </div>
   <div class='ocr_carea' id='block_1_5' title="bbox 133 1169 1183 2030">
    <p class='ocr_par' dir='ltr' id='par_1_5' title="bbox 133 1169 1176 2030">
     <span class='ocr_line' id='line_1_9' title="bbox 136 1169 1175 1245; baseline 0.001 -16"><span class='ocrx_word' id='word_1_51' title='bbox 136 1169 282 1230; x_wconf 81' lang='lat' dir='ltr'>Christum</span> <span class='ocrx_word' id='word_1_52' title='bbox 318 1171 347 1229; x_wconf 88' lang='lat' dir='ltr'>in</span> <span class='ocrx_word' id='word_1_53' title='bbox 381 1172 440 1230; x_wconf 89' lang='lat' dir='ltr'>suis</span> <span class='ocrx_word' id='word_1_54' title='bbox 471 1171 701 1230; x_wconf 80' lang='lat' dir='ltr'>tribrrlationibus</span> <span class='ocrx_word' id='word_1_55' title='bbox 733 1169 819 1231; x_wconf 90' lang='lat' dir='ltr'>corde</span> <span class='ocrx_word' id='word_1_56' title='bbox 852 1177 881 1231; x_wconf 89' lang='lat' dir='ltr'>et</span> <span class='ocrx_word' id='word_1_57' title='bbox 909 1187 958 1231; x_wconf 89' lang='lat' dir='ltr'>ore</span> <span class='ocrx_word' id='word_1_58' title='bbox 992 1169 1175 1245; x_wconf 88' lang='lat' dir='ltr'>confitentes,</span> 
     </span>
     <span class='ocr_line' id='line_1_10' title="bbox 135 1255 1176 1335; baseline 0 -19"><span class='ocrx_word' id='word_1_59' title='bbox 135 1258 259 1316; x_wconf 87' lang='lat' dir='ltr'>maxime</span> <span class='ocrx_word' id='word_1_60' title='bbox 281 1262 378 1316; x_wconf 86' lang='lat' dir='ltr'>temen</span> <span class='ocrx_word' id='word_1_61' title='bbox 399 1255 429 1315; x_wconf 93' lang='lat' dir='ltr'>hi</span> <span class='ocrx_word' id='word_1_62' title='bbox 450 1258 499 1333; x_wconf 88' lang='lat' dir='ltr'>qui</span> <span class='ocrx_word' id='word_1_63' title='bbox 514 1273 566 1333; x_wconf 93' lang='lat' dir='ltr'>pro</span> <span class='ocrx_word' id='word_1_64' title='bbox 580 1257 628 1318; x_wconf 89' lang='lat' dir='ltr'>illo</span> <span class='ocrx_word' id='word_1_65' title='bbox 642 1259 720 1334; x_wconf 84' lang='lat' dir='ltr'>passi</span> <span class='ocrx_word' id='word_1_66' title='bbox 734 1264 809 1319; x_wconf 87' lang='lat' dir='ltr'>sunt</span> <span class='ocrx_word' id='word_1_67' title='bbox 838 1256 894 1335; x_wconf 83' lang='lat' dir='ltr'>Qui</span> <span class='ocrx_word' id='word_1_68' title='bbox 915 1264 1017 1333; x_wconf 88' lang='lat' dir='ltr'>postea</span> <span class='ocrx_word' id='word_1_69' title='bbox 1031 1255 1176 1316; x_wconf 79' lang='lat' dir='ltr'>antheno-</span> 
     </span>
     <span class='ocr_line' id='line_1_11' title="bbox 134 1341 1176 1420; baseline 0.002 -18"><span class='ocrx_word' id='word_1_70' title='bbox 134 1345 243 1404; x_wconf 90' lang='lat' dir='ltr'>masice</span> <span class='ocrx_word' id='word_1_71' title='bbox 265 1343 333 1402; x_wconf 85' lang='lat' dir='ltr'>dicti</span> <span class='ocrx_word' id='word_1_72' title='bbox 353 1349 419 1402; x_wconf 90' lang='lat' dir='ltr'>sunt</span> <span class='ocrx_word' id='word_1_73' title='bbox 432 1349 581 1420; x_wconf 83' lang='lat' dir='ltr'>martyres,</span> <span class='ocrx_word' id='word_1_74' title='bbox 603 1351 632 1404; x_wconf 88' lang='lat' dir='ltr'>et</span> <span class='ocrx_word' id='word_1_75' title='bbox 644 1361 750 1404; x_wconf 89' lang='lat' dir='ltr'>nornen</span> <span class='ocrx_word' id='word_1_76' title='bbox 764 1343 958 1408; x_wconf 84' lang='lat' dir='ltr'>confessorum</span> <span class='ocrx_word' id='word_1_77' title='bbox 979 1341 1176 1420; x_wconf 88' lang='lat' dir='ltr'>specificatum</span> 
     </span>
     <span class='ocr_line' id='line_1_12' title="bbox 135 1429 1176 1508; baseline -0.003 -17"><span class='ocrx_word' id='word_1_78' title='bbox 135 1437 180 1492; x_wconf 90' lang='lat' dir='ltr'>est</span> <span class='ocrx_word' id='word_1_79' title='bbox 194 1431 317 1490; x_wconf 85' lang='lat' dir='ltr'>maxime</span> <span class='ocrx_word' id='word_1_80' title='bbox 331 1429 369 1488; x_wconf 85' lang='lat' dir='ltr'>ed</span> <span class='ocrx_word' id='word_1_81' title='bbox 383 1431 547 1492; x_wconf 83' lang='lat' dir='ltr'>sacerdotes</span> <span class='ocrx_word' id='word_1_82' title='bbox 560 1431 689 1506; x_wconf 86' lang='lat' dir='ltr'>Domini,</span> <span class='ocrx_word' id='word_1_83' title='bbox 699 1436 882 1508; x_wconf 87' lang='lat' dir='ltr'>peccatorum</span> <span class='ocrx_word' id='word_1_84' title='bbox 896 1430 1087 1491; x_wconf 80' lang='lat' dir='ltr'>confessiones</span> <span class='ocrx_word' id='word_1_85' title='bbox 1100 1431 1176 1491; x_wconf 85' lang='lat' dir='ltr'>reci-</span> 
     </span>
     <span class='ocr_line' id='line_1_13' title="bbox 133 1514 1176 1596; baseline 0 -21"><span class='ocrx_word' id='word_1_86' title='bbox 133 1518 254 1594; x_wconf 88' lang='lat' dir='ltr'>pientes,</span> <span class='ocrx_word' id='word_1_87' title='bbox 268 1517 372 1593; x_wconf 88' lang='lat' dir='ltr'>quibus</span> <span class='ocrx_word' id='word_1_88' title='bbox 388 1516 456 1578; x_wconf 88' lang='lat' dir='ltr'>data</span> <span class='ocrx_word' id='word_1_89' title='bbox 469 1523 513 1578; x_wconf 89' lang='lat' dir='ltr'>est</span> <span class='ocrx_word' id='word_1_90' title='bbox 528 1517 682 1578; x_wconf 85' lang='lat' dir='ltr'>aDomino</span> <span class='ocrx_word' id='word_1_91' title='bbox 694 1525 822 1595; x_wconf 84' lang='lat' dir='ltr'>potestas</span> <span class='ocrx_word' id='word_1_92' title='bbox 835 1518 942 1596; x_wconf 88' lang='lat' dir='ltr'>ligandi</span> <span class='ocrx_word' id='word_1_93' title='bbox 955 1525 1043 1594; x_wconf 88' lang='lat' dir='ltr'>atque</span> <span class='ocrx_word' id='word_1_94' title='bbox 1058 1514 1176 1578; x_wconf 91' lang='lat' dir='ltr'>solven-</span> 
     </span>
     <span class='ocr_line' id='line_1_14' title="bbox 136 1601 1176 1682; baseline 0.001 -19"><span class='ocrx_word' id='word_1_95' title='bbox 136 1602 175 1662; x_wconf 94' lang='lat' dir='ltr'>di.</span> <span class='ocrx_word' id='word_1_96' title='bbox 202 1601 301 1664; x_wconf 86' lang='lat' dir='ltr'>NOVI</span> <span class='ocrx_word' id='word_1_97' title='bbox 303 1601 406 1664; x_wconf 80' lang='lat' dir='ltr'><strong>CIUS·</strong></span> <span class='ocrx_word' id='word_1_98' title='bbox 424 1603 481 1680; x_wconf 86' lang='lat' dir='ltr'>Qui</span> <span class='ocrx_word' id='word_1_99' title='bbox 496 1604 548 1664; x_wconf 88' lang='lat' dir='ltr'>tibi</span> <span class='ocrx_word' id='word_1_100' title='bbox 562 1605 696 1670; x_wconf 85' lang='lat' dir='ltr'>videntur</span> <span class='ocrx_word' id='word_1_101' title='bbox 708 1607 838 1682; x_wconf 88' lang='lat' dir='ltr'>maiores,</span> <span class='ocrx_word' id='word_1_102' title='bbox 855 1611 995 1682; x_wconf 87' lang='lat' dir='ltr'>martyres</span> <span class='ocrx_word' id='word_1_103' title='bbox 1009 1622 1047 1664; x_wconf 86' lang='lat' dir='ltr'>an</span> <span class='ocrx_word' id='word_1_104' title='bbox 1062 1603 1176 1666; x_wconf 86' lang='lat' dir='ltr'>conses-</span> 
     </span>
     <span class='ocr_line' id='line_1_15' title="bbox 136 1686 1183 1768; baseline 0 -18"><span class='ocrx_word' id='word_1_105' title='bbox 136 1687 237 1750; x_wconf 74' lang='lat' dir='ltr'>sores?</span> <span class='ocrx_word' id='word_1_106' title='bbox 258 1686 493 1752; x_wconf 80' lang='lat' dir='ltr'><strong>MONACHUS:</strong></span> <span class='ocrx_word' id='word_1_107' title='bbox 513 1689 649 1768; x_wconf 85' lang='lat' dir='ltr'>Quaestio</span> <span class='ocrx_word' id='word_1_108' title='bbox 660 1691 734 1752; x_wconf 87' lang='lat' dir='ltr'>haec</span> <span class='ocrx_word' id='word_1_109' title='bbox 747 1690 886 1753; x_wconf 88' lang='lat' dir='ltr'>solvenda</span> <span class='ocrx_word' id='word_1_110' title='bbox 900 1698 944 1752; x_wconf 89' lang='lat' dir='ltr'>est</span> <span class='ocrx_word' id='word_1_111' title='bbox 954 1691 1112 1752; x_wconf 87' lang='lat' dir='ltr'>secundum</span> <span class='ocrx_word' id='word_1_112' title='bbox 1123 1709 1183 1752; x_wconf 84' lang='lat' dir='ltr'>ex</span> 
     </span>
     <span class='ocr_line' id='line_1_16' title="bbox 137 1776 1176 1856; baseline 0.002 -20"><span class='ocrx_word' id='word_1_113' title='bbox 137 1792 235 1836; x_wconf 89' lang='lat' dir='ltr'>cessus</span> <span class='ocrx_word' id='word_1_114' title='bbox 251 1783 279 1836; x_wconf 88' lang='lat' dir='ltr'>et</span> <span class='ocrx_word' id='word_1_115' title='bbox 266 1777 467 1838; x_wconf 83' lang='lat' dir='ltr'>texcedentia</span> <span class='ocrx_word' id='word_1_116' title='bbox 487 1777 570 1838; x_wconf 91' lang='lat' dir='ltr'>Licet</span> <span class='ocrx_word' id='word_1_117' title='bbox 584 1779 653 1839; x_wconf 89' lang='lat' dir='ltr'>ordo</span> <span class='ocrx_word' id='word_1_118' title='bbox 667 1785 826 1856; x_wconf 85' lang='lat' dir='ltr'>martyrum</span> <span class='ocrx_word' id='word_1_119' title='bbox 839 1776 967 1839; x_wconf 89' lang='lat' dir='ltr'>ordinem</span> <span class='ocrx_word' id='word_1_120' title='bbox 981 1777 1176 1840; x_wconf 85' lang='lat' dir='ltr'>confessorum</span> 
     </span>
     <span class='ocr_line' id='line_1_17' title="bbox 135 1854 1176 1942; baseline 0 -19"><span class='ocrx_word' id='word_1_121' title='bbox 135 1861 291 1942; x_wconf 82' lang='lat' dir='ltr'>praecellet</span> <span class='ocrx_word' id='word_1_122' title='bbox 303 1864 448 1942; x_wconf 86' lang='lat' dir='ltr'>dignitate,</span> <span class='ocrx_word' id='word_1_123' title='bbox 469 1864 585 1941; x_wconf 83' lang='lat' dir='ltr'>quidam</span> <span class='ocrx_word' id='word_1_124' title='bbox 598 1871 696 1926; x_wconf 86' lang='lat' dir='ltr'>tamen</span> <span class='ocrx_word' id='word_1_125' title='bbox 710 1865 887 1928; x_wconf 82' lang='lat' dir='ltr'>confessores</span> <span class='ocrx_word' id='word_1_126' title='bbox 904 1854 1077 1942; x_wconf 86' lang='lat' dir='ltr'>quibusdam</span> <span class='ocrx_word' id='word_1_127' title='bbox 1096 1881 1176 1924; x_wconf 89' lang='lat' dir='ltr'>mar-</span> 
     </span>
     <span class='ocr_line' id='line_1_18' title="bbox 136 1948 1175 2030; baseline -0.001 -19"><span class='ocrx_word' id='word_1_128' title='bbox 136 1950 247 2028; x_wconf 86' lang='lat' dir='ltr'>tyribus</span> <span class='ocrx_word' id='word_1_129' title='bbox 269 1953 370 2012; x_wconf 87' lang='lat' dir='ltr'>merito</span> <span class='ocrx_word' id='word_1_130' title='bbox 388 1950 474 2030; x_wconf 87' lang='lat' dir='ltr'>longe</span> <span class='ocrx_word' id='word_1_131' title='bbox 494 1958 562 2012; x_wconf 89' lang='lat' dir='ltr'>sunt</span> <span class='ocrx_word' id='word_1_132' title='bbox 582 1954 751 2029; x_wconf 89' lang='lat' dir='ltr'>superiores.</span> <span class='ocrx_word' id='word_1_133' title='bbox 783 1948 868 2014; x_wconf 89' lang='lat' dir='ltr'>Unde</span> <span class='ocrx_word' id='word_1_134' title='bbox 888 1951 1009 2014; x_wconf 85' lang='lat' dir='ltr'>habes</span> <span class='ocrx_word' id='word_1_135' title='bbox 1000 1969 1031 2012; x_wconf 86' lang='lat' dir='ltr'>nr</span> <span class='ocrx_word' id='word_1_136' title='bbox 1051 1951 1175 2030; x_wconf 85' lang='lat' dir='ltr'>hymno.</span> 
     </span>
    </p>
   </div>
   <div class='ocr_carea' id='block_1_6' title="bbox 343 2056 768 2230">
    <p class='ocr_par' dir='ltr' id='par_1_6' title="bbox 343 2056 768 2220">
     <span class='ocr_line' id='line_1_19' title="bbox 343 2056 768 2136; baseline 0.009 -22"><span class='ocrx_word' id='word_1_137' title='bbox 343 2056 420 2136; x_wconf 80' lang='lat' dir='ltr'>Plus</span> <span class='ocrx_word' id='word_1_138' title='bbox 441 2060 535 2118; x_wconf 73' lang='lat' dir='ltr'>curru</span> <span class='ocrx_word' id='word_1_139' title='bbox 556 2061 589 2116; x_wconf 79' lang='lat' dir='ltr'>ia</span> <span class='ocrx_word' id='word_1_140' title='bbox 610 2061 768 2118; x_wconf 71' lang='lat' dir='ltr'>cataracta</span> 
     </span>
     <span class='ocr_line' id='line_1_20' title="bbox 344 2141 749 2230; baseline 0.002 -27"><span class='ocrx_word' id='word_1_141' title='bbox 344 2141 501 2220; x_wconf 80' lang='lat' dir='ltr'>Consceaor</span> <span class='ocrx_word' id='word_1_142' title='bbox 521 2147 574 2204; x_wconf 80' lang='lat' dir='ltr'>istc</span> <span class='ocrx_word' id='word_1_143' title='bbox 594 2149 749 2230; x_wconf 70' lang='lat' dir='ltr'>acclinans,</span> 
     </span>
    </p>
   </div>
   <div class='ocr_carea' id='block_1_7' title="bbox 341 2230 866 2394">
    <p class='ocr_par' dir='ltr' id='par_1_7' title="bbox 341 2230 866 2394">
     <span class='ocr_line' id='line_1_21' title="bbox 347 2230 866 2310; baseline 0.006 -21"><span class='ocrx_word' id='word_1_144' title='bbox 347 2230 445 2308; x_wconf 78' lang='lat' dir='ltr'>Quom</span> <span class='ocrx_word' id='word_1_145' title='bbox 466 2238 584 2308; x_wconf 74' lang='lat' dir='ltr'>martyr</span> <span class='ocrx_word' id='word_1_146' title='bbox 604 2235 695 2292; x_wconf 78' lang='lat' dir='ltr'>tolum</span> <span class='ocrx_word' id='word_1_147' title='bbox 715 2231 866 2310; x_wconf 63' lang='grc' dir='ltr'>ιιιῇιιοιιι,</span> 
     </span>
     <span class='ocr_line' id='line_1_22' title="bbox 341 2315 839 2394; baseline 0.004 -18"><span class='ocrx_word' id='word_1_148' title='bbox 341 2315 486 2378; x_wconf 78' lang='lat' dir='ltr'>Macrone</span> <span class='ocrx_word' id='word_1_149' title='bbox 504 2317 635 2394; x_wconf 76' lang='lat' dir='ltr'>fundens</span> <span class='ocrx_word' id='word_1_150' title='bbox 655 2321 839 2394; x_wconf 68' lang='lat' dir='ltr'>sanguinem.</span> 
     </span>
    </p>
   </div>
   <div class='ocr_carea' id='block_1_8' title="bbox 133 2383 1176 2673">
    <p class='ocr_par' dir='ltr' id='par_1_8' title="bbox 133 2383 1176 2673">
     <span class='ocr_line' id='line_1_23' title="bbox 133 2383 1176 2498; baseline 0.002 -18"><span class='ocrx_word' id='word_1_151' title='bbox 133 2383 211 2481; x_wconf 83' lang='lat' dir='ltr'>llcce</span> <span class='ocrx_word' id='word_1_152' title='bbox 235 2419 410 2496; x_wconf 82' lang='lat' dir='ltr'>exemplum</span> <span class='ocrx_word' id='word_1_153' title='bbox 454 2421 571 2482; x_wconf 76' lang='lat' dir='ltr'>(tenum</span> <span class='ocrx_word' id='word_1_154' title='bbox 599 2430 643 2483; x_wconf 86' lang='lat' dir='ltr'>est</span> <span class='ocrx_word' id='word_1_155' title='bbox 671 2421 800 2482; x_wconf 86' lang='lat' dir='ltr'>ordinem</span> <span class='ocrx_word' id='word_1_156' title='bbox 827 2419 1036 2498; x_wconf 81' lang='lat' dir='ltr'>Episcoporum</span> <span class='ocrx_word' id='word_1_157' title='bbox 1061 2419 1176 2498; x_wconf 76' lang='lat' dir='ltr'>dignio-</span> 
     </span>
     <span class='ocr_line' id='line_1_24' title="bbox 134 2505 1175 2588; baseline 0.002 -22"><span class='ocrx_word' id='word_1_158' title='bbox 134 2524 196 2581; x_wconf 85' lang='lat' dir='ltr'>rem</span> <span class='ocrx_word' id='word_1_159' title='bbox 217 2523 280 2567; x_wconf 86' lang='lat' dir='ltr'>esse</span> <span class='ocrx_word' id='word_1_160' title='bbox 303 2505 428 2588; x_wconf 86' lang='lat' dir='ltr'>ordine²)</span> <span class='ocrx_word' id='word_1_161' title='bbox 455 2507 619 2585; x_wconf 70' lang='lat' dir='ltr'>Abbasium,</span> <span class='ocrx_word' id='word_1_162' title='bbox 649 2515 776 2570; x_wconf 71' lang='lat' dir='ltr'>atamen</span> <span class='ocrx_word' id='word_1_163' title='bbox 797 2509 915 2585; x_wconf 83' lang='lat' dir='ltr'>quidam</span> <span class='ocrx_word' id='word_1_164' title='bbox 935 2507 1068 2569; x_wconf 80' lang='lat' dir='ltr'>Abbates</span> <span class='ocrx_word' id='word_1_165' title='bbox 1088 2523 1175 2586; x_wconf 79' lang='lat' dir='ltr'>rege·</span> 
     </span>
     <span class='ocr_line' id='line_1_25' title="bbox 134 2590 1175 2673; baseline 0.003 -21"><span class='ocrx_word' id='word_1_166' title='bbox 134 2593 177 2654; x_wconf 89' lang='lat' dir='ltr'>les</span> <span class='ocrx_word' id='word_1_167' title='bbox 185 2590 205 2673; x_wconf 83' lang='lat'>³)</span> <span class='ocrx_word' id='word_1_168' title='bbox 239 2593 410 2670; x_wconf 84' lang='lat' dir='ltr'>quibusdam</span> <span class='ocrx_word' id='word_1_169' title='bbox 431 2595 581 2672; x_wconf 84' lang='lat' dir='ltr'>Episcopis</span> <span class='ocrx_word' id='word_1_170' title='bbox 613 2595 704 2672; x_wconf 86' lang='lat' dir='ltr'>gloria</span> <span class='ocrx_word' id='word_1_171' title='bbox 737 2603 767 2656; x_wconf 89' lang='lat' dir='ltr'>et</span> <span class='ocrx_word' id='word_1_172' title='bbox 796 2595 906 2656; x_wconf 83' lang='lat' dir='ltr'>honore</span> <span class='ocrx_word' id='word_1_173' title='bbox 940 2597 1064 2656; x_wconf 86' lang='lat' dir='ltr'>maiores</span> <span class='ocrx_word' id='word_1_174' title='bbox 1099 2602 1175 2655; x_wconf 84' lang='lat' dir='ltr'>sunt.</span> 
     </span>
    </p>
   </div>
   <div class='ocr_carea' id='block_1_9' title="bbox 134 2679 1198 2850">
    <p class='ocr_par' dir='ltr' id='par_1_9' title="bbox 134 2679 1198 2850">
     <span class='ocr_line' id='line_1_26' title="bbox 134 2679 1198 2760; baseline 0.002 -20"><span class='ocrx_word' id='word_1_175' title='bbox 134 2679 338 2742; x_wconf 76' lang='lat' dir='ltr'>novicius·</span> <span class='ocrx_word' id='word_1_176' title='bbox 366 2680 528 2742; x_wconf 75' lang='lat' dir='ltr'>Consentio</span> <span class='ocrx_word' id='word_1_177' title='bbox 570 2681 808 2744; x_wconf 82' lang='lat' dir='ltr'><strong>MONAGHUS·</strong></span> <span class='ocrx_word' id='word_1_178' title='bbox 837 2682 957 2760; x_wconf 85' lang='lat' dir='ltr'>Quanta</span> <span class='ocrx_word' id='word_1_179' title='bbox 977 2684 1041 2742; x_wconf 84' lang='lat' dir='ltr'>slt</span> <span class='ocrx_word' id='word_1_180' title='bbox 1033 2701 1063 2742; x_wconf 90' lang='lat' dir='ltr'>m</span> <span class='ocrx_word' id='word_1_181' title='bbox 1084 2684 1198 2754; x_wconf 63' lang='lat' dir='ltr'>rislo,</span> 
     </span>
     <span class='ocr_line' id='line_1_27' title="bbox 134 2765 1174 2850; baseline 0.004 -24"><span class='ocrx_word' id='word_1_182' title='bbox 134 2767 219 2828; x_wconf 90' lang='lat' dir='ltr'>nibus</span> <span class='ocrx_word' id='word_1_183' title='bbox 230 2767 382 2828; x_wconf 84' lang='lat' dir='ltr'>beatorum</span> <span class='ocrx_word' id='word_1_184' title='bbox 395 2768 592 2832; x_wconf 87' lang='lat' dir='ltr'>confessorum</span> <span class='ocrx_word' id='word_1_185' title='bbox 606 2770 771 2846; x_wconf 84' lang='lat' dir='ltr'>consolatio,</span> <span class='ocrx_word' id='word_1_186' title='bbox 791 2771 893 2848; x_wconf 83' lang='lat' dir='ltr'>paucis</span> <span class='ocrx_word' id='word_1_187' title='bbox 912 2765 993 2850; x_wconf 74' lang='lat' dir='ltr'>libi‘)</span> <span class='ocrx_word' id='word_1_188' title='bbox 1013 2768 1174 2846; x_wconf 76' lang='lat' dir='ltr'>explicabo.</span> 
     </span>
    </p>
   </div>
   <div class='ocr_carea' id='block_1_10' title="bbox 177 2957 1131 3160">
    <p class='ocr_par' dir='ltr' id='par_1_10' title="bbox 177 2957 1131 3160">
     <span class='ocr_line' id='line_1_28' title="bbox 460 2957 842 3022; baseline 0.003 -3"><span class='ocrx_word' id='word_1_189' title='bbox 460 2957 692 3022; x_wconf 76' lang='lat' dir='ltr'>CAPITULUM</span> <span class='ocrx_word' id='word_1_190' title='bbox 712 2958 842 3020; x_wconf 90' lang='lat' dir='ltr'>LXXII.</span> 
     </span>
     <span class='ocr_line' id='line_1_29' title="bbox 177 3038 1131 3160; baseline 0.002 -22"><span class='ocrx_word' id='word_1_191' title='bbox 177 3079 226 3138; x_wconf 85' lang='lat' dir='ltr'>De</span> <span class='ocrx_word' id='word_1_192' title='bbox 246 3095 386 3140; x_wconf 70' lang='lat' dir='ltr'>concam</span> <span class='ocrx_word' id='word_1_193' title='bbox 410 3085 459 3142; x_wconf 84' lang='lat' dir='ltr'>cci</span> <span class='ocrx_word' id='word_1_194' title='bbox 478 3087 599 3142; x_wconf 78' lang='lat' dir='ltr'>sanctae</span> <span class='ocrx_word' id='word_1_195' title='bbox 619 3080 791 3160; x_wconf 73' lang='lat' dir='ltr'>Npclrolace</span> <span class='ocrx_word' id='word_1_196' title='bbox 811 3086 954 3160; x_wconf 73' lang='lat' dir='ltr'>opposcit</span> <span class='ocrx_word' id='word_1_197' title='bbox 974 3085 1008 3142; x_wconf 80' lang='lat' dir='ltr'>ia</span> <span class='ocrx_word' id='word_1_198' title='bbox 1032 3038 1131 3142; x_wconf 78' lang='lat' dir='ltr'>choro.</span> 
     </span>
    </p>
   </div>
   <div class='ocr_carea' id='block_1_11' title="bbox 131 3191 1172 3628">
    <p class='ocr_par' dir='ltr' id='par_1_11' title="bbox 131 3191 1172 3628">
     <span class='ocr_line' id='line_1_30' title="bbox 199 3191 1172 3280; baseline 0.004 -22"><span class='ocrx_word' id='word_1_199' title='bbox 199 3197 253 3260; x_wconf 87' lang='lat' dir='ltr'>Est</span> <span class='ocrx_word' id='word_1_200' title='bbox 280 3191 397 3276; x_wconf 88' lang='lat' dir='ltr'>quidam</span> <span class='ocrx_word' id='word_1_201' title='bbox 424 3195 503 3279; x_wconf 89' lang='lat' dir='ltr'>apud</span> <span class='ocrx_word' id='word_1_202' title='bbox 529 3221 583 3264; x_wconf 87' lang='lat' dir='ltr'>nos</span> <span class='ocrx_word' id='word_1_203' title='bbox 611 3221 782 3280; x_wconf 87' lang='lat' dir='ltr'>conversus,</span> <span class='ocrx_word' id='word_1_204' title='bbox 811 3203 892 3265; x_wconf 89' lang='lat' dir='ltr'>cuius</span> <span class='ocrx_word' id='word_1_205' title='bbox 918 3219 1024 3264; x_wconf 89' lang='lat' dir='ltr'>nomen</span> <span class='ocrx_word' id='word_1_206' title='bbox 1051 3199 1172 3280; x_wconf 83' lang='lat' dir='ltr'>prodere</span> 
     </span>
     <span class='ocr_line' id='line_1_31' title="bbox 132 3284 1172 3368; baseline 0.004 -23"><span class='ocrx_word' id='word_1_207' title='bbox 132 3301 191 3346; x_wconf 92' lang='lat' dir='ltr'>non</span> <span class='ocrx_word' id='word_1_208' title='bbox 212 3284 320 3368; x_wconf 82' lang='lat' dir='ltr'>licet⁶),</span> <span class='ocrx_word' id='word_1_209' title='bbox 347 3289 392 3348; x_wconf 85' lang='lat' dir='ltr'>‘vir</span> <span class='ocrx_word' id='word_1_210' title='bbox 416 3291 510 3351; x_wconf 90' lang='lat' dir='ltr'>bonae</span> <span class='ocrx_word' id='word_1_211' title='bbox 532 3293 768 3366; x_wconf 84' lang='lat' dir='ltr'>conversationis,</span> <span class='ocrx_word' id='word_1_212' title='bbox 790 3296 820 3350; x_wconf 90' lang='lat' dir='ltr'>et</span> <span class='ocrx_word' id='word_1_213' title='bbox 839 3295 970 3351; x_wconf 79' lang='lat' dir='ltr'>sanctum</span> <span class='ocrx_word' id='word_1_214' title='bbox 990 3289 1172 3368; x_wconf 88' lang='lat' dir='ltr'>Nycholaum</span> 
     </span>
     <span class='ocr_line' id='line_1_32' title="bbox 131 3373 1172 3458; baseline 0 -22"><span class='ocrx_word' id='word_1_215' title='bbox 131 3373 294 3450; x_wconf 82' lang='lat' dir='ltr'>specialiter</span> <span class='ocrx_word' id='word_1_216' title='bbox 315 3373 443 3452; x_wconf 91' lang='lat' dir='ltr'>diligens.</span> <span class='ocrx_word' id='word_1_217' title='bbox 485 3377 553 3452; x_wconf 88' lang='lat' dir='ltr'>Iste,</span> <span class='ocrx_word' id='word_1_218' title='bbox 574 3379 648 3438; x_wconf 88' lang='lat' dir='ltr'>sicut</span> <span class='ocrx_word' id='word_1_219' title='bbox 668 3378 706 3438; x_wconf 83' lang='lat' dir='ltr'>ab</span> <span class='ocrx_word' id='word_1_220' title='bbox 729 3393 778 3438; x_wconf 89' lang='lat' dir='ltr'>cre</span> <span class='ocrx_word' id='word_1_221' title='bbox 797 3379 861 3438; x_wconf 89' lang='lat' dir='ltr'>eius</span> <span class='ocrx_word' id='word_1_222' title='bbox 868 3373 889 3458; x_wconf 83' lang='lat'>⁶)</span> <span class='ocrx_word' id='word_1_223' title='bbox 912 3376 1024 3453; x_wconf 87' lang='lat' dir='ltr'>audivi,</span> <span class='ocrx_word' id='word_1_224' title='bbox 1046 3378 1076 3436; x_wconf 92' lang='lat' dir='ltr'>in</span> <span class='ocrx_word' id='word_1_225' title='bbox 1097 3393 1172 3452; x_wconf 88' lang='lat' dir='ltr'>qua-</span> 
     </span>
     <span class='ocr_line' id='line_1_33' title="bbox 132 3460 1172 3538; baseline 0 -16"><span class='ocrx_word' id='word_1_226' title='bbox 132 3460 201 3522; x_wconf 81' lang='lat' dir='ltr'>darn</span> <span class='ocrx_word' id='word_1_227' title='bbox 230 3460 422 3523; x_wconf 83' lang='lat' dir='ltr'>sollemnitate</span> <span class='ocrx_word' id='word_1_228' title='bbox 455 3463 526 3526; x_wconf 84' lang='lat' dir='ltr'>infre</span> <span class='ocrx_word' id='word_1_229' title='bbox 555 3465 726 3538; x_wconf 86' lang='lat' dir='ltr'>matutinas,</span> <span class='ocrx_word' id='word_1_230' title='bbox 754 3465 818 3524; x_wconf 87' lang='lat' dir='ltr'>iam</span> <span class='ocrx_word' id='word_1_231' title='bbox 843 3463 953 3535; x_wconf 48' lang='lat' dir='ltr'>¹«lictum</span> <span class='ocrx_word' id='word_1_232' title='bbox 982 3463 1172 3526; x_wconf 87' lang='lat' dir='ltr'>confessorem</span> 
     </span>
     <span class='ocr_line' id='line_1_34' title="bbox 131 3545 1172 3628; baseline 0.002 -20"><span class='ocrx_word' id='word_1_233' title='bbox 131 3547 344 3624; x_wconf 84' lang='lat' dir='ltr'>pontificalibus</span> <span class='ocrx_word' id='word_1_234' title='bbox 376 3549 508 3609; x_wconf 90' lang='lat' dir='ltr'>indutum</span> <span class='ocrx_word' id='word_1_235' title='bbox 534 3552 565 3610; x_wconf 92' lang='lat' dir='ltr'>in</span> <span class='ocrx_word' id='word_1_236' title='bbox 592 3550 679 3612; x_wconf 89' lang='lat' dir='ltr'>choro</span> <span class='ocrx_word' id='word_1_237' title='bbox 707 3556 784 3611; x_wconf 87' lang='lat' dir='ltr'>stare</span> <span class='ocrx_word' id='word_1_238' title='bbox 810 3545 966 3628; x_wconf 83' lang='lat' dir='ltr'>conspexit</span> <span class='ocrx_word' id='word_1_239' title='bbox 1015 3551 1062 3610; x_wconf 91' lang='lat' dir='ltr'>De</span> <span class='ocrx_word' id='word_1_240' title='bbox 1090 3550 1172 3610; x_wconf 80' lang='lat' dir='ltr'>serius</span> 
     </span>
    </p>
   </div>
   <div class='ocr_carea' id='block_1_12' title="bbox 149 3729 1170 3872">
    <p class='ocr_par' dir='ltr' id='par_1_12' title="bbox 149 3729 1170 3872">
     <span class='ocr_line' id='line_1_35' title="bbox 149 3729 1170 3804; baseline -0.002 -18"><span class='ocrx_word' id='word_1_241' title='bbox 149 3731 289 3804; x_wconf 68' lang='lat' dir='ltr'>splene</span> <span class='ocrx_word' id='word_1_242' title='bbox 311 3730 480 3802; x_wconf 84' lang='lat' dir='ltr'>relrgrosr</span> <span class='ocrx_word' id='word_1_243' title='bbox 510 3729 1170 3802; x_wconf 45' lang='lat' dir='ltr'>Christumm2)ADordrn13)BC</span> 
     </span>
     <span class='ocr_line' id='line_1_36' title="bbox 199 3799 1170 3872; baseline -0.004 -16"><span class='ocrx_word' id='word_1_244' title='bbox 199 3799 424 3870; x_wconf 46' lang='grc' dir='ltr'><strong>ιιιςιιΙιιιοιμ-</strong></span> <span class='ocrx_word' id='word_1_245' title='bbox 435 3801 498 3869; x_wconf 85' lang='grc' dir='ltr'>4)Β</span> <span class='ocrx_word' id='word_1_246' title='bbox 511 3805 620 3868; x_wconf 81' lang='lat' dir='ltr'>paucis</span> <span class='ocrx_word' id='word_1_247' title='bbox 638 3803 811 3870; x_wconf 82' lang='lat' dir='ltr'>exemplis</span> <span class='ocrx_word' id='word_1_248' title='bbox 827 3803 975 3872; x_wconf 84' lang='lat' dir='ltr'>llpaueis</span> <span class='ocrx_word' id='word_1_249' title='bbox 992 3803 1049 3855; x_wconf 82' lang='lat' dir='ltr'>sub</span> <span class='ocrx_word' id='word_1_250' title='bbox 1066 3816 1170 3854; x_wconf 79' lang='lat' dir='ltr'>exem·</span> 
     </span>
    </p>
   </div>
   <div class='ocr_carea' id='block_1_13' title="bbox 199 3870 952 4001">
    <p class='ocr_par' dir='ltr' id='par_1_13' title="bbox 199 3870 952 4001">
     <span class='ocr_line' id='line_1_37' title="bbox 199 3870 952 4001; baseline -0.001 -76"><span class='ocrx_word' id='word_1_251' title='bbox 199 3872 265 4001; x_wconf 78' lang='lat' dir='ltr'>plis</span> <span class='ocrx_word' id='word_1_252' title='bbox 282 3870 407 3922; x_wconf 81' lang='lat' dir='ltr'>tibi.-</span> <span class='ocrx_word' id='word_1_253' title='bbox 426 3870 649 3940; x_wconf 83' lang='grc' dir='ltr'><strong>5.-)οιιοΙο</strong></span> <span class='ocrx_word' id='word_1_254' title='bbox 668 3873 701 3942; x_wconf 84' lang='grc'>6)</span> <span class='ocrx_word' id='word_1_255' title='bbox 717 3871 785 3926; x_wconf 79' lang='lat' dir='ltr'>Bou</span> <span class='ocrx_word' id='word_1_256' title='bbox 801 3875 872 3928; x_wconf 83' lang='lat' dir='ltr'>eius</span> <span class='ocrx_word' id='word_1_257' title='bbox 889 3887 952 3927; x_wconf 74' lang='lat' dir='ltr'>oue.</span> 
     </span>
    </p>
   </div>
   <div class='ocr_carea' id='block_1_14' title="bbox 0 0 1332 4308">
    <p class='ocr_par' dir='ltr' id='par_1_14' title="bbox 0 0 1332 4308">
     <span class='ocr_line' id='line_1_38' title="bbox 0 0 1332 4308; baseline 0 0"><span class='ocrx_word' id='word_1_258' title='bbox 0 0 1332 4308; x_wconf 95' lang='lat' dir='ltr'> </span> 
     </span>
    </p>
   </div>
  </div>
 </body>
</html>
