2564 4306
289 733 474 822 INDEX
503 727 938 822 clementias.

397 916 826 970 -ο-»ΜΜα-ν-

242 1093 438 1142 matinotlo
456 1094 617 1155 septima
634 1093 684 1142 de
701 1095 833 1142 sancta
849 1093 982 1142 1111111.

96 1193 117 1247 Ι.
152 1191 195 1247 Ι)1
211 1193 255 1247 his
273 1209 342 1264 quae
365 1194 471 1248 beatam
488 1194 629 1264 Virginem
651 1193 765 1256 Mariam
782 1194 896 1264 mystica
923 1191 1075 1264 designaut,

149 1270 177 1317 et
194 1263 228 1317 de
244 1263 383 1318 beneflciis
400 1264 516 1318 humano
534 1263 625 1334 generi
641 1278 691 1332 per
708 1279 768 1317 eum
787 1264 891 1317 collatis
894 1301 1075 1317 .....
1112 1265 1126 1316 1

96 1331 130 1386 11.
166 1332 207 1385 Ι)1
224 1332 343 1402 imagine
362 1333 429 1399 eius,
447 1347 516 1403 quae
535 1332 642 1386 sudavit
659 1333 754 1386 timore
774 1332 883 1386 1111111
901 1331 1076 1386 sententiae..
1112 1332 1127 1384 3

95 1400 137 1454 III
171 1401 213 1454 De
230 1403 311 1472 plaga
327 1401 430 1455 Frisiae
449 1402 484 1456 ob
502 1401 629 1456 iniuriam
644 1402 783 1456 Dominici
802 1401 930 1470 corporis.
983 1440 990 1453 .
1026 1439 1032 1454 .
1069 1401 1127 1454 ..3

94 1470 143 1524 IV.
178 1470 220 1524 De
237 1471 375 1525 sacerdote
391 1471 484 1537 idiota,
521 1471 552 1524 ui
569 1487 585 1524 a
602 1478 692 1525 sancto
710 1471 814 1527 Thema
826 1469 1010 1524 cantuariensi
1027 1469 1076 1522 de-

146 1539 280 1610 gradatus,
298 1555 346 1609 per
363 1540 469 1594 beatam
516 1541 599 1594 arlam
617 1541 735 1594 officinm
753 1557 831 1594 suum
848 1539 1023 1609 recuperavit.
1068 1578 1075 1592 .
1111 1541 1127 1590 5

94 1607 129 1662 V.
166 1609 233 1663 Item
251 1609 284 1662 de
303 1609 439 1663 sacerdote
457 1610 486 1662 in
503 1609 599 1662 Derlar
621 1607 707 1664 idiota
725 1615 751 1663 et
769 1610 905 1679 deposito,
925 1609 969 1662 cui
986 1615 1076 1661 sancta

147 1676 234 1732 MarIa
251 1679 391 1732 ecclesiam
407 1679 513 1740 restitui
549 1680 673 1748 raeccpit.
727 1716 1075 1734 .........
1110 1679 1126 1728 6

93 1745 142 1801 VI.
177 1747 218 1800 De
236 1747 347 1802 domino
365 1747 521 1801 Innocentio
561 1763 577 1800 a
596 1763 619 1813 a,
638 1763 719 1817 quem
737 1754 827 1801 sancta
843 1747 928 1802 Maria
946 1745 1076 1814 corripuit

168 1830 197 1868 er
218 1816 376 1884 Renerium,
407 1832 467 1871 cum
490 1818 520 1870 11
543 1831 574 1872 or
596 1817 666 1870 'nem
693 1816 896 1872 cisterciensem
922 1815 1076 1870 exactiones
1150 1832 1156 1863 ι

175 1899 234 1938 cere
253 1892 392 1940 conaretur
393 1924 1073 1941 .................
1110 1887 1124 1936 t

92 1953 156 2008 VII.
191 1954 232 2008 De
249 1956 371 2009 vindicta
387 1954 507 2009 hostium
523 1953 590 2008 Loci
608 1963 713 2008 sanctae
731 1953 840 2008 Mariae.
896 1993 1073 2008 .....
1110 1954 1126 2006 8

91 2022 169 2076 VIII.
203 2023 244 2076 De
262 2023 378 2079 Henrico
396 2025 524 2078 canonico
543 2023 628 2077 sancti
645 2023 797 2090 KunibertI,
816 2024 864 2095 qni
880 2039 930 2093 per
946 2023 1076 2077 Interces-

147 2093 253 2146 sionem
270 2100 376 2147 sanctae
393 2093 494 2147 Mariae
513 2108 657 2147 conversus
676 2100 723 2147 est.
767 2133 774 2147 .
811 2132 845 2147 ..
853 2131 1075 2147 ......
1093 2093 1125 2145 11
1191 2129 1194 2138 .

90 2159 143 2216 ΙΧ.
179 2161 220 2220 Dc
237 2157 370 2217 monacho
392 2163 465 2232 apud
488 2162 680 2216 monasterium
702 2163 848 2228 infirmato,
876 2161 951 2243 quod
968 2161 1075 2230 Iiappa

147 2229 253 2298 dicitur,
272 2231 316 2285 cui
333 2239 423 2286 sancta
440 2231 526 2286 Maria
543 2232 655 2302 gratiam
672 2231 817 2285 confitendi
834 2231 989 2285 obtmuit..
1025 2271 1032 2283 .
1068 2229 1125 2282 .1a

90 2299 128 2354 X.
166 2299 233 2354 Item
251 2301 285 2354 de
303 2300 409 2356 duobus
427 2301 566 2366 mendicis,
584 2301 614 2354 in
631 2300 760 2370 hospitali
778 2301 835 2354 eius
852 2300 963 2354 Parisiis
980 2313 1075 2370 aegro·

146 2370 274 2436 tentibus,
292 2385 361 2441 quos
380 2371 414 2425 de
436 2367 602 2425 confessione
619 2370 732 2424 monuit.
767 2409 1075 2424 ........
1093 2369 1126 2421 13

89 2439 142 2496 XJ.
178 2438 219 2492 De
236 2437 316 2493 Petro
340 2441 484 2508 monoculo
502 2439 610 2494 Abbate
629 2437 813 2505 claraevallis,
841 2439 886 2492 cui
908 2437 1075 2492 in·ecclesia

146 2505 268 2577 Spirensi
284 2515 376 2562 sancta
393 2509 479 2563 Maria
499 2509 716 2564 benedictionem
733 2508 810 2562 dedit
811 2547 1073 2562 .......
1093 2508 1126 2560 14

89 2576 156 2632 XII.
191 2576 259 2630 Item
277 2578 311 2631 do
327 2578 465 2633 monachis
482 2586 562 2661 atque
581 2579 717 2632 conversis
736 2579 765 2631 11
783 2577 994 2643 Hemmcnrode,
1013 2576 1074 2646 qui-

146 2645 198 2700 bus
216 2646 251 2700 ad
394 2648 543 2714 benedixit,
561 2647 677 2702 Henrico
696 2662 824 2702 converso
845 2647 1014 2716 Inspiciente.
1067 2646 1125 2700 ,15

88 2714 169 2770 ΧΙΗ.
204 2714 272 2768 Item
309 2717 437 2771 eaodem
455 2732 597 2782 converso,
625 2724 652 2770 et
674 2716 768 2771 ceteris
792 2716 928 2770 conversis
946 2715 1073 2780 infirmis,

165 2799 215 2838 uos
232 2790 313 2838 noctu
330 2786 443 2840 visitans
460 2787 601 2841 benedixit
602 2824 1072 2840 ............
1092 2784 1124 2836 16

90 2853 135 2908 XI
165 2893 171 2908 .
207 2855 274 2907 Item
292 2855 325 2908 de
343 2851 493 2921 monachis,
513 2856 612 2925 quibus
631 2855 825 2909 dormientibus
841 2853 995 2921 benedixit,
1021 2868 1073 2907 uno

145 2929 249 2976 tantum
265 2925 396 2994 neglecto,
415 2925 479 2995 quia
495 2924 648 2978 inordinate
665 2925 770 2980 iacebat
777 2963 1073 2990 ........
1092 2922 1125 2974 16

88 2991 155 3047 XV.
190 2992 232 3045 De
250 3007 281 3045 eo
300 2993 374 3064 quod
398 2993 476 3046 beata
492 2993 576 3064 Virgo
594 2993 680 3046 Maria
697 3008 757 3048 cum
781 2999 871 3046 sancta
887 2993 1030 3047 Elizabeth
1048 3000 1074 3047 et

144 3059 231 3114 Maria
248 3061 277 3114 M
312 3063 407 3116 dalena
443 3063 561 3116 raedicto
581 3077 708 3116 converso
727 3078 761 3131 ap
781 3063 852 3115 amit
852 3102 1072 3116 ......
1091 3062 1124 3112 17

86 3127 168 3184 XVI.
203 3131 267 3184 Vita
305 3132 390 3185 omini
461 3131 553 3185 istiani
570 3131 748 3186 monachide
791 3131 970 3185 emmenrode.
1022 3172 1029 3185 .
1065 3130 1123 3186 ,17

86 3199 181 3256 XVII.
215 3200 257 3253 Do
274 3201 384 3255 sacrista
401 3202 435 3254 de
453 3200 551 3266 Lucka,
570 3201 618 3272 qui
635 3207 713 3254 nocte
730 3208 848 3254 sanctam
863 3201 976 3255 Mariam
993 3215 1074 3271 snper

145 3270 227 3322 altare
244 3270 363 3324 residere
381 3271 528 3339 conspexit
551 3309 986 3324 ...........
987 3303 990 3309 ‹
1023 3311 1029 3324 .
1065 3269 1124 3326 ,23

85 3337 194 3394 XVIII.
229 3337 297 3391 Item
314 3339 349 3393 de
367 3339 484 3410 quodam
495 3337 627 3392 monacho
646 3339 767 3393 eiusdem
786 3340 919 3406 coenobii,
946 3339 993 3409 qui
1010 3356 1073 3393 san-

145 3414 215 3461 ctam
232 3407 343 3462 Mariam
361 3409 432 3462 advi
453 3409 512 3462 'lias
530 3408 651 3473 circuire,
670 3413 696 3461 et
705 3409 870 3479 singulorum
881 3408 1074 3463 monachorum

143 3477 236 3530 vultus
255 3477 378 3548 detegere
395 3475 424 3530 vi
446 3478 473 3545 't,
492 3477 597 3532 duobus
615 3483 717 3531 tantum
735 3478 863 3550 neglectis
865 3518 1072 3532 ......
1090 3477 1124 3530 24
1186 3503 1201 3526 l

84 3545 168 3602 XIX.
204 3546 271 3600 Item
302 3547 335 3600 de
364 3547 448 3600 altero
471 3546 602 3601 monacho
628 3545 748 3601 eiusdem
775 3547 897 3614 claustri,
927 3547 972 3600 cui
994 3548 1074 3601 beata

144 3615 230 3668 Maria
253 3621 335 3685 supe'r
360 3616 443 3670 altare
465 3617 496 3670 in
519 3631 578 3670 aere
604 3615 1122 3737 111111111111111111111111111194

144 3699 160 3736 a
199 3685 275 3738 aruit.
333 3725 1069 3741 ..................

82 3700 231 3810 XII-mile
248 3755 399 3810 visionibus
417 3754 519 3810 nobilis
536 3755 649 3828 virginis
662 3755 695 3810 de
713 3755 809 3824 Quida.
851 3795 1072 3809 ......
1089 3755 1125 3806 25
