2642 4330
461 303 515 362 DE
537 301 826 366 SIMPLIGITATE.
1098 305 1136 362 37
1141 307 1158 360 7

456 457 689 520 cAPmULUM
712 459 828 522 XXIV.

181 583 228 642 Dc
247 583 318 660 fure
340 601 360 641 o
376 583 514 658 patibulo
537 583 668 655 liberato,
691 590 719 642 et
741 583 838 642 denuo
860 599 1008 657 emotae,
1031 565 1116 642 dom

344 688 432 730 soum
455 669 641 728 liberatorem
663 673 763 746 inique
784 673 940 746 impeteret.

112 833 115 838 -
188 791 349 850 Canonicus
372 790 488 865 quidam
509 792 601 848 sancti
621 788 756 848 Andreae
782 791 812 847 in
835 787 969 864 Colonia,
997 791 1071 849 sicut
1092 782 1161 848 milr'i

122 877 218 936 retulit
244 879 381 953 magister
402 877 532 936 Renerus
561 878 622 935 eius
651 879 875 951 concanonicus,
904 876 941 934 ad
971 875 1161 952 colligendam

122 965 272 1024 cuiusdam
293 961 430 1023 ccclesiae
452 981 522 1022 suae
538 959 554 1043 ¹)
577 963 718 1022 decimam
730 963 848 1040 singulis
862 967 944 1022 annis
963 965 1075 1022 mittere
1089 981 1161 1023 ccu-

121 1054 217 1112 sucvit
245 1067 360 1110 servum
388 1069 472 1110 suum
484 1048 515 1129 ²).
565 1049 622 1126 Qui
644 1057 711 1109 ante
730 1050 875 1126 quoddam
889 1050 1050 1125 patibulum
1065 1057 1160 1109 trans-

121 1140 197 1213 icns,
227 1145 256 1197 ct
284 1138 428 1198 hominem
459 1142 587 1197 recenter
614 1140 644 1194 iu
666 1154 700 1196 co
722 1155 882 1213 appensum
903 1137 1000 1196 adbuc
1021 1136 1161 1213 palpitare

121 1242 256 1299 cernens,
278 1225 471 1284 misericordia
491 1231 601 1298 motus,
630 1224 765 1299 laqueum
787 1223 882 1302 gladio
895 1221 916 1304 ³)
938 1224 1051 1297 incidit,
1074 1231 1161 1298 atque

120 1312 210 1372 allata
231 1328 309 1387 aqua
329 1311 505 1371 refocillavit.
544 1309 601 1386 Qui
620 1314 752 1370 resumtis
767 1313 884 1386 viribus,
905 1312 983 1370 mala
1003 1327 1056 1386 pro
1078 1311 1161 1370 bonis

120 1401 293 1472 retribuens,
315 1398 352 1458 ad
374 1401 532 1474 proximam
553 1398 651 1456 villam
672 1397 854 1465 liberatorcm
876 1415 960 1457 suum
981 1403 1110 1472 secutus,
1131 1399 1161 1456 in

121 1489 188 1562 equi
210 1487 271 1545 eius
292 1485 402 1544 frenum
424 1502 541 1543 manum
562 1487 653 1558 misit,
675 1487 792 1561 etquis
820 1479 943 1544 cundem
965 1485 1019 1544 sibi
1040 1487 1069 1543 vi
1091 1485 1161 1544 abs-

123 1573 244 1646 tulisset,
262 1573 435 1631 vocilcmtus
460 1578 512 1630 cst
544 1571 615 1630 Mox
628 1571 757 1631 homiues
773 1573 994 1650 circumquaque
1008 1589 1161 1631 accurren-

121 1667 181 1735 tcs,
204 1666 234 1719 et
263 1659 298 1718 de
319 1661 421 1735 rapina
441 1659 602 1732 trementes,
624 1660 684 1716 siue
706 1659 850 1717 audientia
871 1662 1004 1718 iuvenem
1026 1657 1063 1716 ad
1084 1659 1161 1718 idem

9 1813 10 1816 Ἴ
121 1746 298 1823 patibulum,
328 1746 363 1805 dc
386 1763 443 1822 quo
464 1747 556 1804 luerat
578 1746 622 1803 fur
645 1744 805 1820 depositus,
835 1745 982 1804 duxerunt.
1026 1745 1161 1804 Nondum

121 1835 253 1894 homiues
285 1832 401 1892 alterius
428 1832 522 1906 villae,
551 1834 598 1907 qui
621 1831 659 1890 ad
688 1832 873 1907 suspendium
904 1835 962 1891 iam
995 1832 1062 1890 dicti
1093 1833 1161 1891 iuu's

122 1921 326 1996 confluxerant,
353 1921 438 1996 plene
465 1921 572 1977 reversi
592 1913 748 1997 lucrant⁴);
778 1925 807 1976 et
836 1935 903 1978 ecce
925 1936 1095 1978 concursum
1123 1919 1161 1979 ad

121 2006 299 2084 patibulum,
322 2006 400 2082 quod
421 2023 572 2066 commune
594 2011 654 2064 erat
675 2007 788 2080 utrique
809 2006 909 2080 villae,
931 2006 1068 2078 videntes,
1089 2013 1161 2064 nutu

122 2095 179 2154 Dei
207 2097 314 2154 reversi
342 2099 423 2167 sunt,
457 2110 573 2152 causam
604 2095 819 2169 interrogantes.
868 2093 947 2152 Data
979 2099 1023 2152 est
1053 2092 1161 2150 homiui

120 2185 204 2258 copia
224 2180 368 2256 loquendi.
410 2181 488 2257 Ego,
520 2181 620 2255 inquit,
642 2180 786 2239 huminem
807 2182 894 2238 istum
916 2179 951 2239 dc
972 2179 1028 2238 hoc
1041 2175 1061 2258 ⁵)
1083 2182 1161 2254 pati-

120 2269 188 2328 bulo
210 2269 346 2343 liberavi,
369 2274 398 2326 ct
419 2283 486 2326 ecee
507 2273 568 2326 tam
588 2268 718 2341 iniquum
740 2267 910 2326 beneficium
932 2265 1062 2342 rependit
1082 2265 1161 2324 mihi.

122 2355 214 2432 Quem
235 2355 275 2413 illi
302 2355 516 2414 considerantes
539 2360 568 2413 et
590 2360 810 2431 cognoscentes,
841 2353 967 2414 secundo
989 2371 1057 2412 curn
1077 2352 1161 2428 plene

122 2441 338 2520 suspenderunt,
360 2449 389 2502 ct
408 2442 546 2502 liberatus
569 2447 613 2500 cst
634 2443 751 2518 sanguis
772 2443 913 2502 innoxius.

461 2625 695 2692 CAPITULUM
719 2632 821 2692 XXV.

142 2759 190 2816 De
210 2757 290 2833 falso
307 2757 466 2831 peregrino
487 2757 566 2813 iusto
587 2755 647 2813 Dei
667 2755 775 2814 iudicio
797 2771 952 2830 suspenso,
975 2755 1047 2813 dom
1068 2771 1139 2812 vcro

345 2845 506 2918 peregrino
526 2841 605 2917 furti
626 2846 735 2900 crimen
756 2845 936 2917 impingeret.

185 2965 251 3024 Non
280 2970 324 3023 est
345 2963 409 3039 diu,
442 2961 520 3038 quod
547 2963 702 3040 peregrinis
732 2961 904 3039 quibusdam
934 2961 969 3020 dc
990 2960 1162 3020 Alemannis

124 3051 160 3112 ad
181 3051 280 3110 limina
302 3054 392 3110 sancti
413 3049 519 3109 Jacobi
540 3049 736 3124 tendentibus,
764 3049 853 3108 salsus
876 3052 916 3108 eis
929 3045 949 3127 ⁵)
971 3048 1057 3107 frater
1077 3053 1162 3106 ncctc

124 3138 248 3216 quadam
276 3136 337 3218 sc')
367 3139 495 3197 sociavit.
537 3135 624 3196 Manc
654 3137 822 3196 exeuntibus
851 3137 887 3196 dc
909 3135 1041 3211 hospitio,
1069 3151 1161 3210 usque

123 3227 160 3285 ad
180 3231 295 3302 portam
323 3226 445 3284 civitatis
473 3223 537 3282 illos
558 3228 688 3298 secutus,
717 3226 765 3282 uni
793 3222 906 3282 illorum
927 3240 1029 3281 manus
1049 3223 1162 3296 iniecit,

82 3343 86 3352 ·
124 3314 250 3374 clamans
272 3313 327 3371 sibi
348 3328 455 3387 equum
477 3310 599 3370 cundem
632 3311 669 3370 ab
693 3328 727 3370 cc
749 3310 879 3370 ablatum
889 3306 921 3390 Β).
962 3309 1001 3367 Et
1022 3305 1162 3384 compulsi

123 3405 190 3461 sunt
210 3399 302 3458 redire
330 3400 359 3456 in
380 3398 537 3473 hospitium
568 3396 711 3457 aiudicc.
754 3397 986 3456 Testificantibus
1006 3396 1162 3472 peregrinis

141 3535 270 3602 1]suac
297 3531 347 3584 add
368 3531 417 3585 Bc.
437 3560 469 3570 —
497 3527 712 3600 2)Bscrrum
738 3547 829 3583 suurn
856 3511 1090 3591 consueverat,
1116 3527 1161 3582 AD

192 3604 366 3654 cousuevit
383 3617 529 3664 servum,
546 3601 566 3653 G
584 3617 711 3654 servum
730 3602 915 3653 consucvit.
935 3629 965 3640 -
985 3600 1017 3666 3)
1036 3599 1078 3652 BC
1095 3597 1162 3666 gla-

193 3671 246 3724 dio
270 3669 422 3738 laqueum.
443 3699 474 3710 -
493 3671 526 3738 l]
544 3670 608 3724 ADP
631 3671 767 3722 nondum
791 3678 887 3722 crant
911 3670 1059 3722 homines
1082 3667 1163 3719 alte-

193 3743 262 3794 rius
288 3739 390 3792 villae
422 3739 516 3806 plens
542 3743 684 3805 reversi,
715 3741 770 3808 qui
797 3767 828 3779 ·-
856 3739 1100 3790 confluxerant.
1130 3767 1162 3776 -

193 3811 226 3877 5)
243 3809 305 3860 hoc
326 3809 375 3860 add
392 3809 442 3862 Bo.
461 3839 494 3849 -
519 3809 550 3878 6)
568 3811 616 3862 cis
638 3826 679 3862 om
696 3809 746 3864 Bo.
766 3839 796 3850 ·-·
816 3809 848 3875 7)
866 3807 907 3861 Bc
925 3825 958 3860 sc
981 3807 1059 3859 illis.
1078 3833 1111 3844 -
1130 3807 1163 3874 8)

194 3879 310 3932 Dessc
332 3877 477 3932 ablatum.

840 3991 859 4026 Ι
