2628 4310
426 254 481 314 nn
502 250 783 315 monueramus.
1061 257 1120 312 err
1206 233 1215 254 ¹

85 375 251 452 viribusque
272 374 426 452 exhaustis,
447 376 550 436 defecit
566 375 695 453 loquens
727 376 799 436 Post
815 375 968 450 modicum,
988 374 1125 436 instillata

85 462 258 522 refocillatus
279 479 370 539 aqua,
391 471 595 540 resumptoque
617 465 732 539 spiritu,
761 461 798 522 ad
820 451 995 538 loquendum
1016 479 1124 537 sepa-

83 566 151 608 rans
163 546 195 629 ¹),
225 565 306 626 spem
333 551 401 609 fecit
428 549 614 611 auditoribus.
655 550 694 608 Et
720 551 773 608 ait:
796 548 913 608 Utinam
935 549 1057 608 differret
1077 567 1124 608 me

59 707 61 712 Ι
83 634 225 696 Dominus
253 653 345 711 usque
374 637 443 696 dum
471 636 555 712 plene
584 652 672 711 opera
692 635 749 695 Dei
777 636 899 694 dominis
919 632 1017 715 mcis²l
1045 635 1123 710 loqui

83 738 208 797 possem.
253 721 318 781 Ach
347 740 434 799 quam
454 722 522 783 laeti
543 724 639 782 nuncii
660 722 774 782 baiulus
796 739 902 796 essem,
925 739 1011 798 quam
1032 722 1124 796 laeta,

84 825 172 883 quam
194 808 336 884 stupenda
357 819 518 882 narrarem,
548 825 622 885 quae
643 809 718 883 ridi,
747 825 821 885 quae
843 808 954 882 andivi,
983 814 1012 867 et
1032 811 1123 882 sensi,

82 911 158 971 quae
179 902 350 971 praeparata
372 902 440 955 sunt
460 895 644 972 diligentibus
664 895 769 971 Deum,
791 902 820 956 ct
841 897 869 953 in
891 894 977 955 laude
999 896 1059 954 eins
1077 897 1124 953 vi-

81 981 247 1058 gilantibus.
289 982 328 1040 Et
355 981 473 1042 Abbas:
508 983 610 1042 Frater
636 982 781 1058 quomodo
815 982 889 1041 haec
920 980 1037 1040 vidisti?
1085 981 1124 1039 Et

81 1067 143 1127 ille:
168 1067 278 1144 Quater
299 1069 355 1128 hac
376 1076 461 1129 nocte
474 1076 573 1146 raptus
595 1085 660 1128 sum
681 1075 748 1128 ante
761 1068 867 1128 Deum.
898 1067 1005 1128 Pectus
1025 1083 1122 1126 meum

81 1161 214 1230 apertum
227 1161 279 1235 est,
294 1161 324 1215 et
338 1157 434 1214 anima
446 1171 513 1216 mea
526 1155 631 1215 educta
643 1161 695 1230 cst,
718 1162 747 1214 et
760 1157 856 1215 statim
876 1155 926 1216 fui¹
937 1157 1011 1213 inter
1022 1153 1123 1213 choros

80 1241 266 1318 angelorum,
298 1247 328 1301 et
353 1241 413 1302 vidi
433 1242 589 1302 Dominam
616 1248 744 1302 nostram
771 1244 800 1300 in
825 1233 967 1300 immensa
995 1240 1123 1300 claritate

81 1343 147 1387 eum
171 1330 230 1387 suis
252 1330 340 1388 sacris
361 1330 534 1406 virginibus,
556 1345 630 1404 quae
653 1345 684 1388 se
706 1328 775 1387 mihi
795 1330 925 1405 promisit
945 1329 973 1385 in
995 1330 1122 1386 necessi-

80 1420 140 1474 tate
175 1413 340 1490 affuturam,
360 1421 390 1478 et
417 1422 551 1476 sanctum
570 1414 754 1492 Mycheelem
783 1433 849 1474 cum
877 1413 968 1473 multo
998 1416 1122 1474 exercitu

80 1500 252 1578 angelorum
280 1506 412 1577 paratum
441 1502 480 1561 ad
501 1499 615 1582 opem⁸)
636 1501 716 1560 mihi.
758 1502 834 1561 Nam
856 1501 938 1560 altari
960 1508 989 1560 ct
1009 1516 1122 1560 memu-

80 1588 139 1647 riue
163 1604 233 1647 suae
254 1586 393 1647 honorem
414 1588 542 1648 solebam
565 1583 706 1668 semper⁴)
727 1588 907 1665 impendere3
940 1594 969 1647 et
989 1590 1122 1646 innume-

80 1673 203 1734 rabilem
224 1673 434 1735 multitudinem
456 1681 633 1750 sanctorum‚
655 1681 684 1734 et
705 1690 778 1750 quus
799 1682 885 1734 antea
906 1691 964 1734 non
986 1673 1122 1748 videram,

79 1763 178 1820 statim
199 1763 315 1837 agnovi.
357 1760 485 1820 Rursum
506 1764 607 1837 spiritu
629 1768 658 1822 et
678 1763 787 1822 viribus
802 1761 944 1836 deficiens,
965 1761 1044 1836 loqui
1058 1778 1122 1820 ces-

80 1850 167 1907 savit.
211 1846 383 1924 compulsus
408 1851 506 1924 itaque
533 1848 570 1909 de
592 1847 796 1908 sorbiduncula
816 1848 981 1924 pauxillum
995 1849 1123 1923 accepit,

81 1940 110 1994 et
130 1939 253 2012 gustans
275 1937 329 1992 air:
352 1932 378 1994 0
401 1953 488 2010 quam
511 1934 602 1996 dulcis
624 1935 827 1994 est-Dominus
848 1935 1031 2011 gustantibus
1052 1931 1124 2015 se⁵).

82 2019 107 2080 Ο
131 2027 242 2097 quanta
264 2027 308 2080 est
328 2017 505 2101 suavitatis⁶)
527 2024 588 2082 eius
602 2021 788 2097 abundantia,
817 2038 904 2096 quam
924 2021 1012 2098 largn,
1035 2037 1121 2096 quam

82 2106 259 2183 indeficiens,
281 2114 311 2167 et
331 2110 458 2168 omnium
480 2107 648 2169 deliciarum
670 2111 759 2183 copiis
781 2108 916 2183 affluens,
945 2124 1003 2183 qua
1024 2125 1071 2167 me
1092 2109 1121 2165 in

83 2191 140 2254 hac
155 2200 241 2254 nocte
262 2194 379 2255 reficere
394 2194 527 2271 dignatum
544 2201 597 2255 est
641 2193 666 2254 0
689 2193 811 2255 dulcedo
831 2195 889 2270 illa,
911 2194 1031 2254 dulcedo
1053 2211 1122 2270 gra·

82 2282 209 2356 tissima,
242 2280 375 2357 optabilis
412 2287 441 2341 ct
472 2283 726 2356 praestantissima.
776 2279 803 2341 0
835 2299 924 2357 quam
955 2279 1122 2358 singularis,

82 2385 172 2444 quam
201 2367 342 2428 excellens
365 2374 394 2428 et
421 2367 580 2444 ineffabilis.
627 2367 711 2428 Intus
740 2369 816 2428 enim
843 2371 873 2426 in
902 2367 987 2428 corde
1015 2373 1122 2426 utcun-
1178 2391 1182 2400 ·

81 2471 139 2531 que
169 2450 298 2533 teucol),
333 2455 430 2515 verbis
465 2461 562 2515 autem
599 2455 742 2531 explicare
777 2472 837 2514 non
871 2454 965 2515 valeo.
1025 2453 1122 2530 Quam

80 2543 187 2601 sentire
209 2542 306 2616 potui,
333 2557 392 2601 nou
413 2553 532 2617 possum
555 2542 646 2617 effari,
674 2543 715 2600 rei
735 2543 881 2602 nimietate
903 2544 1004 2600 victus.
1047 2541 1121 2600 Tam

78 2627 156 2687 felici
178 2627 330 2687 refectione
351 2633 469 2704 pastus,
508 2628 584 2689 hanc
612 2627 805 2704 superaddere
833 2627 1009 2704 superfluum
1039 2627 1121 2688 duco.

78 2713 165 2773 Haec
186 2713 331 2773 modicum
347 2719 377 2774 et
397 2715 486 2774 breve
507 2717 711 2775 nutrimentum
731 2721 874 2792 praestat3
895 2715 945 2774 illa
967 2718 996 2773 in
1017 2731 1122 2790 perpe7

80 2806 166 2858 tuum
185 2798 277 2858 reficit
294 2807 323 2860 et
335 2802 458 2877 saginat
501 2799 633 2876 Oquam
654 2802 732 2861 beati
753 2807 820 2862 sunt
842 2803 890 2878 qui
911 2802 961 2861 illa
982 2804 1043 2860 sine
1065 2801 1121 2860 fine

79 2886 192 2943 fruituri
216 2891 290 2943 sunt.
332 2885 462 2946 Jubente
483 2886 609 2963 Abbate‚
637 2890 734 2948 vocati
761 2895 827 2946 sunt
854 2887 972 2963 quidam
1000 2889 1121 2962 novicii,

80 2972 136 3031 viri
157 2969 303 3046 quondam
324 2974 354 3030 in
375 2971 491 3032 saeculo
514 2974 592 3048 clari,
612 2974 717 3034 mnata
739 2974 852 3034 militari
880 2977 1019 3052 insignes;
1048 2991 1121 3050 quos

78 3062 123 3118 ita
149 3057 315 3118 consolatus
344 3064 403 3118 est:
435 3059 513 3120 Vere
540 3060 638 3119 fehces
660 3063 744 3135 estis,
780 3064 829 3136 qui
858 3060 893 3120 de
922 3078 1000 3121 vana
1019 3069 1122 3121 svestra

78 3146 299 3206 conversatione
322 3147 419 3205 vocati
440 3148 521 3221 estis,
551 3149 713 3222 partemin
735 3146 822 3207 coelis
845 3165 911 3207 curn
931 3150 1013 3207 iustis
1034 3148 1120 3207 habi-

76 3234 144 3294 turi.
189 3231 309 3290 Constat
325 3233 400 3291 enim
423 3232 458 3292 de
475 3233 686 3308 salutaverim,
708 3235 732 3293 si
744 3239 841 3293 tamen
862 3236 1121 3310 perseveraveritis.

75 3321 155 3381 Nam
177 3318 310 3378 dominus
324 3319 422 3378 David
443 3319 636 3379 indesinenter
654 3337 707 3395 pro
729 3321 813 3380 vobis
834 3338 935 3396 preces
957 3321 995 3381 ad
1016 3321 1121 3381 Domi·

74 3425 148 3467 num
168 3404 269 3480 fundit,
291 3411 433 3481 quatenus
448 3406 526 3481 qnod
547 3406 700 3466 salubriter
721 3407 885 3483 inchoastis,
906 3408 1025 3470 feliciter
1039 3425 1120 3468 com-

95 3541 128 3610 1)
146 3537 169 3660 ἓ
188 3553 403 3624 praeparans.
417 3541 494 3624 7²)
511 3539 712 3662 Agcffihhm
732 3541 892 3663 completo
919 3559 1022 3663 oper4e
1050 3543 1120 3664 gg?

147 3625 289 3746 shrlhhnelrs
306 3617 458 3731 rh‘l’ghrahh.
472 3639 515 3718 ἶ-
539 3611 571 3746 h]
595 3694 629 3731 ae
653 3625 928 3747 addnh.a¹-³-¹lti¹)unh
948 3612 1118 3743 euchitas,

148 3748 170 3801 B
188 3749 310 3800 suavis.
330 3777 361 3789 -
381 3748 414 3816 7)
432 3749 469 3800 sic
491 3747 526 3812 li;
544 3749 623 3801 ceteri
641 3747 710 3800 libri:
729 3748 823 3800 lutus
848 3763 951 3814 eram,
975 3750 1004 3800 in
1022 3748 1120 3799 corde

146 3825 319 3886 utrumque
337 3825 443 3871 teneo.
494 3898 498 3902 ῃ
