2654 4308
160 268 162 280 ¹
190 251 229 308 ie
300 179 313 208 ¹
496 243 723 308 DISTINCTIO
745 246 919 312 SEPTIMA

190 369 266 430 ditur
294 369 396 430 beatae
417 368 543 446 Virginis
570 385 656 445 super
682 367 922 446 pulchitudinem
951 369 1076 446 eorporis
1099 369 1160 432 eius
1179 369 1226 430 iu-

190 456 269 518 dices
287 459 366 531 moti,
385 458 415 516 in
436 456 492 516 boe
513 462 709 516 convenerunt
721 453 747 535 ¹),
768 462 801 515 ut
821 458 969 532 provincia
990 456 1122 518 abiurata
1142 457 1227 518 vive·

190 551 242 604 rot
285 542 372 619 Quod
395 559 461 603 curn
485 541 534 603 ille
554 543 701 618 abnueret,
722 548 752 603 ct
772 540 892 604 diceret:
923 543 989 604 Nou
1010 543 1122 618 iacianq
1143 542 1227 604 meli·

190 648 226 694 us
254 635 298 690 est
325 632 401 691 enim
427 635 461 689 ut
487 629 535 689 hic
555 636 676 706 peecata
697 645 763 690 mea
783 629 862 690 luam
883 647 970 706 quatu
990 632 1021 688 in
1041 630 1153 707 sumr03
1179 645 1228 690 re·

190 716 381 794 sponderunt:
410 715 478 778 Sine
491 722 560 776 binc
569 713 590 797 ²)
604 722 638 776 ut
653 715 810 776 decollatis.
852 715 917 778 Non
932 731 1010 791 euro,
1030 717 1131 794 inquit,
1152 731 1228 792 qua·

190 805 225 864 lis
247 806 284 862 sit
303 817 406 881 poena,
427 802 583 864 dummodo
605 803 727 864 occidar.
769 802 808 862 Et
828 802 883 862 illi:
908 803 961 863 Vis
982 809 1016 862 ut
1035 810 1156 864 vocetur
1175 804 1229 864 tibi

189 889 343 952 sacerdos?
364 890 537 966 Respondite
560 889 626 950 Non
641 895 684 950 est
697 905 824 950 neeesse.
867 889 975 950 Omnes
995 891 1071 951 enim
1089 889 1230 951 Christia-

171 981 221 1038 'ni
242 980 325 1053 estis,
347 978 480 1039 omnibus
500 977 585 1037 vobis
606 979 703 1036 omnia
724 983 844 1053 peccata
865 994 931 1036 mee
951 976 1097 1038 antem.
1140 976 1230 1054 Quod
1294 983 1300 1006 ⁹

192 1083 257 1126 cum
288 1065 401 1125 iecisset
429 1081 495 1124 eum
522 1062 613 1124 multa
642 1065 825 1138 contritione,
853 1063 923 1125 nihil
951 1081 983 1124 se
1011 1063 1079 1124 boni
1099 1079 1230 1140 uuquam

189 1152 291 1214 secisse
318 1152 492 1226 testabatur,
518 1156 638 1227 praeter¹
658 1149 728 1208 illud
757 1151 907 1225 ieiunium,
934 1149 1013 1227 quod
1032 1169 1059 1211 a
1084 1151 1230 1213 monacho

191 1239 336 1300 didicerat
378 1237 483 1314 Sisque
502 1244 583 1297 extra
603 1239 748 1298 civitatem
771 1235 929 1298 decollatus
951 1243 1003 1313 est,
1024 1243 1054 1297 et
1073 1239 1103 1298 in
1124 1237 1230 1300 eodem

190 1327 255 1387 loco
276 1323 413 1402 sepultus.
455 1324 549 1384 Nocte
575 1324 678 1384 eadem
703 1323 803 1400 vigiles
829 1331 978 1400 portarum
999 1325 1158 1386 circa'eius
1179 1331 1230 1386 tu·

191 1412 301 1474 mulum
328 1412 477 1472 luminaria
504 1410 645 1472 viderunt
688 1409 823 1486 Quinque
850 1412 927 1472 euim
953 1420 1101 1472 mamonae
1123 1427 1231 1488 corpas

193 1499 368 1574 effodientes,
385 1505 414 1558 et
428 1503 515 1574 eaput
532 1500 644 1574 corpori
658 1497 838 1574 adaptantes,
857 1504 1015 1574 pesuerunt
1034 1499 1063 1556 in
1083 1495 1231 1580 tersum),

190 1589 279 1648 mbae
306 1591 437 1648 textmae
464 1601 592 1662 purpura
618 1585 788 1660 superiecta.
829 1584 875 1644 Ex
897 1583 1002 1660 quibus
1023 1591 1147 1660 quatuor
1164 1587 1230 1646 sin·

191 1673 274 1751 gulas
302 1671 436 1733 candelas
463 1670 597 1732 ardentes
624 1673 655 1730 in
682 1671 816 1731 manibus
843 1670 1000 1746 habentes,
1031 1688 1084 1748 pcr
1104 1678 1231 1748 quatuor

190 1768 287 1838 partes
307 1759 442 1820 feretrum
462 1757 603 1833 tollentes,
625 1758 811 1835 quintaquae
832 1757 988 1818 cladssima
1008 1761 1135 1818 ommum
1156 1766 1231 1835 erat,

190 1864 257 1908 cum
278 1845 398 1908 candela
417 1852 556 1921 sequente
576 1844 615 1904 ad
635 1850 749 1920 portam
770 1861 862 1919 usque
882 1851 1037 1920 veneunt,
1060 1846 1102 1905 ibi
1122 1861 1231 1923 corpus

191 1934 375 2011 deponentes.
418 1931 559 1993 Custodes
579 1934 635 1992 ista
656 1930 793 2011 videntes,
813 1933 983 2017 tinnuerunt,
1006 1938 1141 2008 putantes
1162 1950 1230 1994 esse

189 2021 340 2081 fantasma.
383 2018 495 2098 Quibus
522 2018 573 2080 illa
600 2017 728 2080 dicebat:
756 2017 851 2078 Dicite
878 2017 1022 2095 Episcopo
1051 2028 1163 2096 ambo,
1196 2025 1230 2080 ut

191 2107 370 2184 capellanum
383 2123 496 2166 ‚meum
521 2107 643 2168 avobis
666 2103 851 2180 decollatum,
879 2107 909 2164 in
930 2105 981 2166 tali
1000 2105 1066 2168 loeo
1087 2105 1230 2168 eeclesiae

190 2193 346 2255 honorilice
363 2193 492 2270 sepeliet,
519 2195 611 2252 minas
632 2191 742 2252 addens
762 2193 788 2252 si
807 2191 973 2268 negligeret.
1014 2192 1054 2252 Et
1069 2194 1231 2256 noninavit

189 2299 248 2342 sea
272 2281 360 2341 Mane
389 2297 455 2341 cum
475 2280 620 2356 Episcopo
649 2279 722 2340 haee
757 2280 894 2339 nunciata
914 2285 1024 2355 essent,
1053 2296 1121 2340 curn
1143 2279 1230 2342 Claro

190 2376 219 2428 et
239 2367 347 2445 populo
369 2363 503 2446 mensi),
524 2381 681 2442 purpuram
702 2365 848 2440 deposuit,
871 2372 958 2441 caput
977 2369 1138 2442 praecisum
1160 2384 1230 2428 cor-

189 2457 252 2532 pori
272 2457 384 2516 unitum
404 2453 514 2528 videns,
538 2455 662 2528 expavit,
682 2458 883 2528 texturamque
903 2467 1047 2528 purpurae
1068 2453 1230 2514 nummum

189 2541 339 2602 artificium
362 2541 547 2602 excedentem
568 2539 737 2613 admiratus,
758 2539 854 2599 relads
876 2539 1004 2615 credidit,
1023 2539 1229 2618 hominemque

190 2646 257 2688 eum
276 2630 377 2690 timore
400 2627 558 2688 ethonore
578 2629 719 2700 maximo,
747 2642 806 2686 non
826 2632 860 2685 ut
889 2624 1044 2702 lamonem,
1073 2626 1126 2688 sed
1151 2631 1229 2690 deut

190 2715 294 2776 Christi
319 2721 473 2791 martyrem
500 2715 530 2774 ln
557 2712 622 2774 loco
651 2712 801 2788 designato
827 2711 967 2788 sepelivit
1008 2713 1058 2776 Ab
1078 2713 1129 2774 illo
1148 2720 1228 2776 ten-
1300 2717 1301 2780 ζ

189 2820 259 2878 pore
281 2818 372 2877 usque
393 2799 478 2862 hodie
497 2801 547 2860 vix
567 2800 669 2874 aliquis
690 2798 805 2860 adultus
825 2801 855 2858 in
875 2799 925 2858 ille
944 2802 1093 2877 provincia
1112 2803 1228 2862 inveni·
1300 2791 1301 2812 ¹

188 2897 250 2965 tur,
278 2891 327 2966 qui
348 2890 409 2948 eius
439 2887 569 2964 eqemplo
599 2888 675 2947 diem
696 2886 810 2946 sabbati
835 2888 865 2946 in
892 2883 1059 2968 honmem‘)
1080 2888 1228 2950 Dominae

87 2997 91 3004 ·
188 2984 303 3040 noemae
316 2992 374 3036 nou
395 2976 509 3034 ieiunet
551 2971 754 3034 NOVIGIUS:
777 2972 950 3050 cumopera
971 2975 1049 3034 bona
1071 2981 1152 3036 extra
1174 2993 1227 3036 ea·

188 3066 302 3124 ritatem
315 3062 400 3136 sacta,
421 3067 533 3122 mortua
553 3062 617 3134 sint,
640 3057 783 3135 quomodo
805 3061 949 3136 ieiunium,
968 3062 1031 3122 sive
1052 3061 1130 3122 aliud
1152 3079 1227 3138 opus

189 3148 348 3211 secundum
369 3165 460 3225 genus
481 3143 629 3226 bonurn‘),
651 3153 780 3222 tempore
791 3145 929 3207 latrocinii
950 3155 1072 3224 gestum,
1093 3147 1150 3208 Dei
1163 3147 1227 3211 Go-

187 3239 280 3297 nitrici
292 3235 406 3311 placere
423 3233 536 3310 potuit?
557 3232 793 3294 MONACHUS:
815 3234 872 3294 Per
893 3233 1048 3310 obsquium
1070 3235 1148 3311 quod
1169 3236 1226 3296 be·

187 3331 254 3384 atae
274 3323 386 3398 Virgini
405 3321 558 3397 impendit,
581 3319 708 3380 habilem
727 3337 760 3380 se
781 3319 904 3380 reddidit
923 3324 1048 3398 gratiee3
1076 3339 1128 3398 per
1149 3321 1225 3383 lina-
1290 3363 1297 3372 ·

136 3405 138 3421 '
187 3411 244 3470 lem
275 3411 473 3470 contritionem
500 3409 592 3468 iaetus
617 3413 662 3468 cst
683 3406 757 3466 lilius
778 3407 901 3483 gloriee3
929 3425 981 3484 par
1001 3425 1127 3485 poenam
1147 3415 1225 3470 tem·

186 3495 315 3574 penalem
336 3513 423 3572 quam
443 3495 565 3554 libenter
585 3511 620 3554 ao
641 3496 782 3570 patienter
803 3496 949 3570 sustinuit,
971 3498 1129 3572 purgatorii
1149 3513 1224 3572 poe·

187 3601 240 3644 nas
261 3584 363 3644 evasit.
405 3582 471 3642 Non
498 3584 574 3641 enim
594 3583 677 3658 punit
697 3581 779 3642 Deus
801 3582 845 3641 bis
865 3584 895 3640 in
915 3583 1056 3659 idipsum,
1084 3583 1139 3642 nisi
1158 3599 1224 3644 rne-
1299 3649 1300 3674 χ

204 3751 266 3822 1)Β
283 3753 372 3817 moti,
387 3750 613 3806 condixerunt.
625 3750 795 3872 4)Λέΰῦ
812 3758 922 3804 tamen.
934 3750 1037 3820 -sJB
1055 3750 1222 3804 feretrum.

255 3851 287 3862 -
306 3822 338 3892 4)
355 3822 376 3876 ll
394 3822 466 3891 ipse
488 3822 609 3873 exiens.
628 3850 659 3860 -
678 3822 711 3890 5)
766 3820 950 3874 bonore-
970 3821 1002 3891 6]
1020 3819 1040 3876 0
1055 3819 1221 3876 bonorum.
