2628 4310
188 242 251 302 298
474 243 702 306 DISTntcrlo
726 244 937 308 UNDEGIMA

485 419 718 498 emmunim
742 432 930 520 xxxma)

190 558 239 617 De
258 559 404 618 monacho
426 562 478 634 aar·
494 566 620 636 propter
648 559 796 619 cucullam
824 577 916 635 qaam
944 562 1073 620 moderes
1102 569 1220 622 emerat

418 645 590 732 prohibitas
607 653 649 706 est
668 649 783 705 muare
798 646 987 722 paradisum

255 765 332 842 Ante
354 783 445 826 annos
466 784 575 842 pancos
587 763 604 846 ¹)
632 769 662 825 in
683 784 770 844 regno
793 767 971 827 Francorum
992 766 1118 843 quadam
1140 768 1220 828 domo

190 853 295 913 ordinis
318 852 521 928 cisterciensis,
542 854 700 914 monachus
722 852 839 930 qnidam
860 855 954 914 bonae
976 857 1053 914 vitae
1074 854 1221 915 laborabat

188 941 218 1000 in
244 944 344 1000 acutis.
395 940 452 1018 Qui
481 941 550 999 dum
579 940 685 1016 duplici
714 940 808 1000 calore
837 947 1028 1017 torqueretur,
1056 941 1221 1002 infirmitatis
1281 999 1282 1010 ,

189 1027 298 1088 scilicet
319 1035 348 1087 et
368 1030 452 1102 aeris,
473 1029 586 1104 rogavit
605 1028 791 1086 infirmarium
813 1025 954 1104 quatenus
976 1030 1031 1087 sibi
1052 1029 1153 1089 liceret
1173 1047 1221 1089 cn·

190 1114 294 1174 eullam
317 1131 436 1188 exuere,
465 1119 494 1172 et
521 1114 639 1174 induere
668 1113 828 1189 scapulare.
878 1114 965 1192 Quod
991 1115 1039 1174 ille
1068 1118 1221 1190 concessit,

188 1219 356 1278 compassus
377 1201 498 1259 infirmo.
541 1201 598 1276 Qui
620 1218 685 1260 cum
707 1202 814 1275 abiret,
839 1219 972 1261 reversus
1005 1200 1149 1261 infirmnm
1178 1221 1221 1262 re·

187 1291 261 1365 perit
282 1290 450 1364 exspirasse.
471 1287 537 1347 Non
559 1286 702 1348 modicum
717 1305 752 1346 ex
765 1287 822 1347 hoc
840 1289 979 1363 turbatus,
1001 1288 1120 1348 domum
1144 1289 1221 1350 elan-

90 1385 93 1394 '
188 1377 233 1450 sit,
255 1375 403 1452 scapulare
426 1376 555 1448 extraxit,
576 1374 698 1450 reinduit
713 1376 739 1433 ei
761 1373 912 1450 cucullam,
933 1377 1031 1451 sieque
1053 1377 1083 1434 in
1104 1373 1220 1456 matta²)

186 1462 266 1522 illum
293 1477 419 1538 ponens,
446 1461 575 1520 tabulam
603 1453 747 1537 pulsarit.¹
786 1461 963 1536 Deportatus
991 1463 1020 1520 in
1055 1465 1220 1538 oratorium,

186 1551 421 1625 proxima‘nocte
443 1565 509 1620 cum
535 1547 669 1609 monaehi
696 1546 854 1608 secundum
881 1548 1119 1608 consuetudinem
1149 1553 1221 1610 eirea

187 1652 290 1712 corpus
312 1635 438 1712 psalmos
458 1634 595 1712 legerent,
615 1634 662 1694 ille
683 1636 713 1692 in
733 1634 835 1695 feretro
858 1652 889 1694 se
913 1637 1023 1712 erigens
1045 1642 1074 1695 et
1097 1638 1218 1697 eircum-

186 1725 318 1800 spiciens,
339 1721 495 1783 monachos
516 1721 678 1782 advocavit.
711 1721 847 1799 Quicum
869 1724 956 1788 territi
976 1722 1108 1800 fugerent
1123 1740 1220 1786 omnes

185 1811 215 1869 in
252 1807 464 1883 dormitorium,
503 1815 623 1884 excepto
658 1807 814 1884 Subpriore
850 1810 900 1884 qui
933 1811 1107 1869 constantior
1150 1817 1220 1884 erat,

186 1897 228 1957 ait
247 1895 301 1955 iili:
322 1895 419 1955 Nolite
440 1898 549 1955 timere.
592 1895 655 1972 Ego
677 1913 741 1954 sum
761 1894 809 1955 ille
830 1895 918 1955 irater
937 1903 1049 1971 vester,
1071 1898 1120 1972 qui
1143 1915 1219 1957 mor·
1283 1913 1284 1918 ¹

186 1990 253 2043 tuns
274 1983 316 2041 fui
337 1989 365 2042 et
387 1983 485 2041 revixi.
527 1980 640 2042 Vocate
661 1981 730 2040 mibi
751 1980 908 2041 Abbateru.
957 1982 1074 2042 Interim
1101 1987 1219 2060 signan-

184 2070 262 2131 tibus
283 2068 432 2129 monachis
455 2070 503 2144 qui
523 2068 669 2145 ingerant,
691 2070 758 2143 qnia
780 2071 948 2128 surrexisset
969 2075 1107 2145 mortuus,
1128 2071 1220 2132 faetus

185 2164 229 2216 ast
249 2159 279 2216 in
300 2157 463 2215 dormitorio
484 2169 606 2232 magnus
623 2160 717 2214 motus
738 2160 825 2231 atque
838 2173 1011 2232 concursus.
1054 2156 1220 2217 Accedente

183 2243 301 2305 Abbete
322 2242 360 2302 ad
380 2242 529 2317 feretrum,
556 2243 597 2302 ait
616 2240 679 2300 ille:
708 2241 832 2301 Domine
862 2242 999 2302 confiteor
1027 2245 1111 2303 vobis
1141 2243 1217 2320 quod

183 2332 225 2391 sic
246 2338 333 2407 atque
347 2332 387 2389 sic
404 2336 532 2388 mortuus
546 2345 620 2388 sum.
662 2327 776 2388 Ductus
798 2328 919 2394 veroab
941 2328 1111 2406 angelised
1134 2349 1219 2406 para-
1284 2337 1285 2356 .

185 2417 286 2493 disum,
309 2434 374 2477 cum
395 2422 526 2490 putarem
547 2433 594 2474 me
615 2415 703 2474 libere
724 2431 808 2490 posse
830 2417 944 2493 intrare,
965 2417 1217 2478 accessitadosti·

183 2522 233 2564 um
255 2510 371 2564 sanctus
392 2501 580 2576 Benedictus,
610 2506 639 2560 at
660 2504 713 2561 ait:
742 2502 814 2577 Quis
836 2504 912 2561 enim
934 2519 965 2562 es
987 2502 1039 2562 tn?
1082 2502 1217 2580 Respon-

183 2591 268 2652 dente
289 2586 374 2670 me³)‚
396 2605 449 2666 ego
472 2606 536 2648 sum
557 2587 716 2648 monachus
738 2587 844 2648 ordinis
866 2588 1074 2664 Cistereiensis3
1097 2593 1217 2652 subiecit

181 2684 313 2738 sanctus:
334 2677 535 2752 Nequaquam.
566 2673 597 2734 Si
612 2674 770 2735 monachus
793 2692 832 2750 es,
853 2677 904 2735 ubi
925 2682 971 2735 est
991 2676 1106 2735 habitus
1129 2676 1217 2737 tuus?

183 2764 243 2825 Istc
262 2764 343 2825 loeus
365 2770 409 2822 est
430 2763 548 2839 quietis,
577 2768 606 2820 et
634 2768 665 2821 tu
687 2765 731 2821 vis
751 2764 855 2822 intrare
867 2780 943 2822 cum
964 2762 1066 2823 babitu
1086 2762 1216 2824 laboris?

182 2850 239 2929 Qui
268 2869 333 2912 cum
361 2853 616 2926 circumgyrassem
643 2865 740 2908 muros
769 2849 896 2908 eiusdem
924 2849 1103 2910 felicissimae
1131 2869 1216 2911 man·

181 2940 284 3014 sionis,
306 2944 334 2998 et
354 2954 406 3014 per
427 2936 565 2997 fenestras
587 2929 712 2995 seniores
735 2934 874 3011 quosdam
896 2953 1017 3012 magnae
1039 2939 1216 2998 reverentiae

177 3025 235 3086 illie
257 3026 478 3101 conspexissem,
498 3025 548 3082 uni
567 3021 679 3080 illomm
701 3023 750 3097 qui
772 3024 872 3082 ceteris
894 3019 1071 3102 benignior⁴)
1093 3023 1217 3086 videba-

178 3119 234 3188 tur,
255 3118 288 3173 ut
300 3129 353 3188 pro
367 3128 414 3170 me
434 3108 623 3170 intercederet
642 3109 810 3187 supplicavi.
854 3108 942 3170 Cuius
964 3113 1126 3170 interventu
1146 3128 1215 3188 per·

179 3202 284 3262 missus
306 3217 370 3258 snm
384 3197 421 3256 ad
444 3214 547 3272 eorpus
569 3194 670 3270 redire,
691 3201 724 3254 nt
737 3198 777 3256 sic
798 3196 899 3256 habitu
922 3214 941 3255 a
962 3204 991 3256 te
1012 3205 1129 3273 recepto
1150 3215 1215 3258 me-

177 3303 241 3347 rear
262 3284 300 3344 ad
320 3286 490 3361 promissam
511 3281 716 3344 beatitudinem
736 3285 859 3359 introire.
903 3281 968 3359 Quo
991 3283 1089 3344 audito
1110 3283 1214 3344 Abbas

179 3372 319 3434 cucullam
340 3373 368 3429 in
392 3389 449 3446 qua
470 3371 584 3430 iacebat
605 3367 658 3448 ei⁵)
681 3372 817 3444 exnerit,
844 3369 986 3430 cucullam
1008 3387 1096 3446 quam
1116 3373 1145 3429 in
1168 3373 1213 3429 in·
1266 3392 1271 3412 ¹

176 3460 309 3520 firmitate
331 3464 449 3519 exuerat
470 3459 495 3516 ei
523 3455 683 3516 reinduens.
732 3455 837 3533 Siequa
865 3464 986 3533 accepta
1015 3457 1212 3518 benedictione

175 3564 287 3606 rursum
316 3546 479 3621 exspiravit.
528 3543 658 3637 ¹Vocatur
686 3549 784 3603 autem
813 3543 930 3618 domus,
965 3545 994 3602 in
1023 3561 1082 3620 qua
1110 3540 1210 3622 baec‘)

192 3681 225 3750 *)
242 3681 332 3733 liomii.
350 3679 390 3731 iil.
409 3695 434 3746 p.
454 3678 512 3730 107.
529 3678 606 3746 -1J
624 3677 644 3730 B
663 3692 786 3746 paucos
804 3691 912 3730 annos.
932 3705 962 3717 -
981 3677 1013 3745 2)
1031 3675 1053 3728 D
1071 3685 1208 3730 mattam.

246 3749 398 3816 -stnnn
417 3747 488 3812 illo;
507 3749 543 3800 sic
561 3756 586 3799 et
603 3747 761 3800 indomitis.
781 3777 812 3788 -
831 3749 863 3816 4)
880 3746 902 3800 Β
921 3745 1063 3816 dignior.
1084 3777 1112 3788 -
1131 3747 1163 3818 5)
1180 3748 1207 3798 ci

235 3835 286 3908 'om
304 3819 333 3874 B.
353 3849 382 3860 -
403 3819 435 3888 6)
453 3818 533 3870 haec
550 3815 600 3870 add
618 3817 647 3871 Β.
