2580 4316
439 215 489 276 DE
511 216 785 278 GONTRITIONE.
1090 225 1127 280 73

434 343 673 470 'commun
694 410 777 470 vm.

320 550 432 625 Quom
452 567 540 624 prove
559 557 716 625 peccatum
736 554 773 609 sit
794 568 898 610 uacua.

144 687 359 748 NOVICIUS:
393 687 509 746 Videtur
533 689 604 746 mihi
631 707 720 749 usura
748 697 899 765 peccatum
922 707 985 752 esse
1006 693 1127 754 multum
1196 725 1199 732 ·

88 793 172 851 grave,
194 781 223 834 et
245 776 287 834 ad
312 775 527 834 emendandum
542 775 665 836 difficile.
697 775 933 837 MONACHUS:
955 778 1041 840 Juste
1063 800 1127 841 mo·
1205 823 1209 834 .

87 866 159 922 veris.
200 863 269 922 Non
295 870 346 922 est
360 861 476 936 aliquod
496 854 656 938 peccatum,
678 866 746 937 quin
759 864 932 939 quandoque
944 862 960 946 ¹)
983 870 1127 944 quiescat3

87 965 161 1014 ruura
189 967 261 1009 vero
294 967 452 1024 nunquam
477 957 635 1025 apeccato
668 958 769 1010 cessat.
811 950 979 1012 Dormiente
1014 953 1127 1014 domino

86 1054 128 1096 suc
147 1039 210 1112 ipsa
224 1054 287 1095 non
304 1037 423 1110 dormit,
444 1036 494 1095 sed
511 1044 625 1111 semper
641 1040 744 1095 crescit
765 1044 793 1096 ot
815 1039 952 1100 ascendit.
995 1041 1127 1102 Difficilis

85 1131 122 1188 est
145 1124 182 1182 ad
212 1123 456 1198 emendandum,
482 1127 548 1198 quia
575 1124 658 1182 Deus
681 1141 738 1182 non
752 1124 884 1200 dimittit
897 1133 1008 1186 reatum
1017 1124 1052 1204 ²),
1074 1133 1126 1188 nisi

84 1214 239 1270 restituatur
263 1211 412 1270 ablatum.
453 1209 634 1284 Fonticator,
662 1211 788 1287 adulter,
809 1212 962 1288 homicida,
983 1217 1127 1288 periurus,

85 1296 279 1372 bbsphemus,
313 1314 385 1356 mox
408 1303 440 1354 ut
461 1296 495 1356 de
517 1299 644 1373 peccatis
666 1300 724 1356 suis
747 1305 946 1374 conteruntur,
975 1301 1127 1380 indulgeu-

83 1387 143 1444 tarn
164 1404 182 1444 a
209 1385 282 1444 Deo
296 1391 539 1459 consequuntur,
569 1386 714 1442 usurarius
736 1403 820 1460 vero,
853 1387 920 1445 licet
949 1387 984 1446 de
1005 1399 1126 1464 peccato

83 1489 127 1529 suo
136 1469 156 1550 ³)
179 1473 292 1547 doleat,
316 1477 417 1530 mmeu
440 1472 574 1545 quamdiu
596 1488 714 1530 usuram
736 1479 821 1546 tenet,
844 1490 910 1532 cum
930 1478 1022 1549 possit
1042 1479 1127 1536 resti-

83 1567 160 1632 tuere,
182 1559 224 1618 nil
244 1560 439 1633 consequitur
451 1557 653 1634 indulgentiae.
695 1556 897 1620 NOVICIUS:
927 1561 1003 1637 Quid
1024 1565 1048 1622 si
1069 1567 1126 1624 mm

84 1663 191 1706 usuram
210 1647 390 1718 consumsit,
412 1644 458 1704 vel
480 1645 575 1704 liberis
594 1643 654 1703 suis
677 1645 826 1721 distribuit,
847 1646 887 1705 nil
908 1647 1019 1710 habens
1040 1669 1126 1725 prae-

83 1737 119 1792 ter
137 1735 346 1809 possessiones
361 1731 473 1790 iustas?
516 1730 752 1792 MONAOHUS:
773 1733 842 1792 Illas
861 1741 972 1796 tenetur
993 1737 1126 1812 vendere,

84 1826 108 1877 et
131 1823 267 1896 rapinam
298 1818 432 1892 reddere.
474 1816 678 1878 NOVICIUS:
706 1819 780 1895 Quia
806 1821 958 1898 Episcopi,
987 1826 1036 1898 qui
1060 1833 1127 1884 mmt

82 1905 274 1967 Ecclesiarum
297 1905 422 1982 praelati
450 1913 478 1964 et
499 1904 708 1981 speculatores,
737 1910 870 1966 usurariis
900 1913 1126 1985 communicant,

83 2000 107 2052 et
131 1995 168 2054 ad
196 1994 389 2070 sepulturam
421 1991 611 2051 Christianam
639 1995 792 2068 recipiunt,
821 1994 927 2054 idcireo
956 1997 1127 2058 multisunt

82 2080 165 2140 hodie.
209 2077 457 2140 MONACHUS:
486 2079 516 2138 Si
538 2077 718 2139 solummodo
740 2083 810 2140 vitia
832 2081 887 2140 sibi
909 2086 1126 2142 commissorum

83 2167 301 2240 dissimularent,
326 2172 357 2224 et
370 2182 429 2224 non
442 2168 479 2225 eis
498 2166 601 2225 similia
614 2167 747 2242 iacerent,
761 2168 909 2228 tolerabile
924 2177 1007 2230 emet
1052 2170 1124 2246 Qui-

83 2254 141 2314 dam
160 2256 385 2332 Episcopomm
398 2257 456 2310 tam
468 2270 573 2329 graves
594 2255 624 2311 in
645 2252 760 2328 plebem
781 2255 837 2314 sibi
858 2257 1018 2316 subiectam
1039 2258 1125 2318 bodie

82 2341 181 2402 iaciunt
202 2343 393 2412 affictiones,
421 2341 493 2398 sicut
513 2356 655 2414 personas
677 2341 847 2416 saeculares,
889 2344 1031 2418 Istisunt
1051 2345 1124 2404 deus

84 2429 183 2504 malae,
213 2429 317 2488 malae
335 2419 461 2506 ¹valde⁴).
503 2425 598 2487 Valde
620 2427 779 2486 timendum
801 2436 845 2488 est
866 2430 987 2506 talibuS,
1009 2450 1046 2492 ne
1068 2434 1121 2492 sibi

85 2515 228 2576 cathedras
263 2519 440 2590 praeparent
466 2516 546 2573 iuxta
576 2513 674 2572 sedem
701 2517 821 2574 usurarii
848 2519 878 2574 in
905 2519 1029 2594 inferno,
1057 2523 1123 2594 quia

85 2620 163 2662 uara
185 2610 216 2662 et
239 2602 411 2662 exactiones
431 2600 574 2660 violentae
601 2600 641 2658 nil
663 2601 740 2660 aliud
762 2610 829 2660 sunt
848 2606 903 2662 nisi
923 2605 1124 2680 praedationes

88 2695 112 2750 ot
123 2693 242 2766 rapinae
253 2686 285 2768 ⁵).
307 2685 512 2747 NOVICIUS:
538 2687 690 2763 Quomodo
708 2688 805 2748 valere
823 2698 942 2764 possent
949 2689 970 2771 6)
985 2695 1125 2769 membra,

86 2778 129 2835 ubi
138 2785 198 2836 tam
211 2776 332 2834 infirma
343 2779 410 2832 sunt
422 2773 537 2850 capita?
551 2772 786 2835 MONACHUS:
803 2773 962 2838 Occasione
975 2779 1061 2840 huius
1075 2799 1123 2841 se-

87 2861 124 2922 tis
147 2863 288 2924 recordor
320 2860 466 2920 cuiusdam
488 2860 645 2937 parabolae
668 2880 686 2922 a
708 2862 834 2937 quodam
854 2865 998 2942 Episcopo
1022 2867 1124 2927 motae.

450 3017 683 3078 CAPITULUM
704 3020 759 3094 IX.
869 3017 871 3027 ⁴

201 3161 254 3219 De
274 3157 426 3234 parabola
446 3156 580 3232 Lupotdi
606 3141 831 3218 wamaciensis
853 3161 1013 3246 Episcopi„

146 3299 180 3357 In
200 3299 372 3358 Wormaoia
399 3282 465 3356 ante
493 3313 603 3372 paucos
626 3314 715 3356 annos
739 3298 855 3373 quidam
876 3300 1037 3376 Episcopus
1058 3303 1125 3378 brit,

93 3389 196 3445 nomine
209 3384 371 3460 Lupoldus,
392 3384 453 3444 solo
468 3383 585 3459 quidem
600 3386 714 3444 nomine
735 3385 904 3462 Episcopus,
928 3405 1013 3463 opere
1027 3399 1124 3450 autern

109 3500 136 3567 1)
153 3503 188 3552 ric
205 3498 382 3552 emendavit]
399 3500 483 3568 quod
501 3501 694 3569 quandoque
711 3518 788 3565 non,
806 3502 827 3553 li
845 3502 929 3574 quod
946 3518 1008 3554 non
1027 3521 1124 3572 quan-

154 3569 280 3640 doque,
298 3568 402 3622 sautu
420 3573 483 3622 nisi
503 3571 706 3641 quandoque.
726 3571 960 3638 conciliatu,
980 3573 1020 3624 15.
1041 3604 1071 3613 —
1091 3576 1123 3643 2)

155 3639 196 3692 BD
214 3647 392 3708 peccatum.
418 3670 448 3679 —
469 3640 502 3709 3)
519 3640 583 3692 aut
601 3642 749 3709 peccatis
768 3643 844 3694 suis.
869 3673 899 3682 -
919 3643 951 3709 4)
969 3641 1061 3695 leram.
1081 3645 1123 3707 at,

156 3710 222 3761 3.-
243 3709 277 3777 5)
296 3708 379 3762 ABDP
396 3719 470 3762 sunt
488 3726 579 3779 quam
594 3711 738 3779 rapinae.
756 3741 784 3751 -
805 3714 837 3782 6)
855 3713 875 3767 C
893 3712 1032 3763 robusta
1050 3729 1125 3780 pos-

158 3789 227 3833 cent
245 3793 329 3832 esse.
