2664 4308
330 675 515 762 INDEX
545 669 983 760 GAPI'I'UIIORUM.

435 858 875 909 ——omatsfflw

317 1017 514 1068 Diatlnctio
533 1019 657 1080 prima
675 1017 724 1067 de
744 1017 1002 1067 conversione.

139 1117 159 1172 I.
194 1118 235 1170 De
253 1117 422 1170 institutione
440 1116 544 1170 ordinis
563 1117 757 1183 Cisterciensis.
816 1157 1122 1171 ........
1159 1117 1174 1168 5

139 1186 171 1239 II.
208 1187 280 1252 Quid
298 1187 334 1238 sit
351 1187 500 1252 conversio,
518 1187 590 1238 unde
609 1186 720 1251 dicetur,
740 1194 766 1239 et
783 1185 818 1239 de
836 1186 978 1255 speciebus
997 1186 1063 1240 eius.
1116 1227 1123 1238 .
1160 1189 1173 1238 i

139 1255 184 1310 III.
220 1255 261 1308 De
277 1255 371 1308 Priore
389 1251 577 1322 claraevallis,
602 1255 649 1324 qui
668 1270 812 1309 conversus
835 1263 865 1308 ut
882 1255 988 1326 aliquid
1004 1261 1122 1326 raperet,

188 1325 352 1378 mirabiliter
368 1331 485 1377 mutatus
504 1331 551 1376 est.
600 1363 1123 1379 .............
1158 1327 1174 1377 9

139 1393 186 1447 IV.
220 1393 261 1446 De
273 1393 382 1447 novicio
399 1386 635 1446 in'Hemmenrode
649 1407 787 1459 converso,
806 1393 840 1446 de
853 1409 906 1464 quo
917 1400 1025 1448 sanctus
1033 1393 1123 1446 David

189 1462 274 1516 dixit:
293 1463 353 1516 Non
373 1469 413 1516 est
431 1463 556 1515 omnibus
575 1461 675 1515 datum.
729 1502 993 1518 .......
1017 1479 1036 1516 ·.
1074 1503 1080 1518 .
1116 1464 1175 1516 .10

138 1531 171 1584 V.
208 1531 313 1598 Quibus
331 1523 522 1585 occasionibus
540 1531 664 1584 homines
682 1537 878 1585 convertantur.
944 1572 1122 1587 .....
1141 1533 1173 1585 11

138 1600 184 1654 VI.
218 1601 260 1654 De
279 1602 408 1654 canonico
426 1599 572 1653 Leodiensi
590 1600 625 1652 ad
641 1599 871 1668 praedicationem
889 1601 975 1654 sancti
992 1601 1124 1654 Bernardi

189 1685 327 1792 corlrverso,
341 1677 367 1724 et
378 1669 413 1722 de
425 1671 529 1739 angelo,
539 1683 628 1739 -quem
639 1669 670 1720 in
681 1669 909 1738 speciemonachi
920 1671 991 1723 vidit
1003 1670 1123 1724 confiteri

188 1755 224 1793 vo
237 1740 306 1792 entis
309 1777 1121 1793 ....................
1140 1741 1174 1792 12

138 1807 196 1861 VII.
231 1808 273 1862 De
292 1807 415 1862 Gevardo
433 1807 548 1872 Abbate,
567 1807 784 1876 quemdominus
801 1807 974 1861 Everhardus
991 1807 1123 1876 plebanus

189 1878 275 1930 sancti
286 1877 383 1930 dacobi
400 1877 430 1928 in
444 1875 559 1929 Colonia
576 1883 637 1928 ante
656 1877 858 1929 conversionem
875 1877 905 1929 in
921 1878 1026 1930 cuculla
1043 1877 1122 1929 vidit.
1141 1879 1174 1930 15

137 1943 209 2000 VIII.
244 1946 286 1999 De
305 1946 480 2000 conversIone
498 1945 640 2000 Mascclini
658 1945 752 1997 clerici
768 1945 901 2015 Episcopi
918 1945 1079 2016 Maguuttae.
1116 1986 1122 1998 .
1141 1948 1174 1999 lo

138 2013 185 2069 IX.
219 2015 261 2068 De
279 2015 454 2068 conversione
471 2015 593 2084 magistri
611 2014 740 2082 Stephani
759 2014 793 2066 de
810 2013 924 2068 Vitreio.
986 2055 993 2067 .
1029 2055 1036 2068 .
1073 2055 1078 2068 .
1115 2017 1174 2067 ,17

137 2083 171 2138 Χ.
188 2084 248 2206 fDe
266 2085 442 2138 conversione
453 2083 575 2137 Goswini
592 2083 746 2150 sacerdotis,
765 2083 812 2153 qui
830 2083 864 2137 de
881 2083 1043 2154 probatione
1062 2099 1122 2137 cum

199 2160 258 2214 urto
277 2154 304 2206 tir
325 2155 344 2206 ’t
346 2192 1122 2208 ...................
1141 2154 1174 2206 17

137 2221 185 2276 XI.
220 2222 261 2275 De
280 2170 409 2276 caXonrco
433 2222 550 2292 quodum
568 2221 738 2288 Coloniensi,
763 2222 811 2292 qui
833 2227 976 2292 antequam
999 2223 1124 2275 iudueret

142 2301 145 2308 ⁴
188 2291 320 2358 habitum,
338 2291 463 2345 resilivit.
511 2331 822 2346 ........
837 2285 850 2302 ”
857 2331 1123 2346 .......
1141 2293 1175 2344 18

137 2359 197 2414 XII.
233 2362 301 2414 Item
319 2361 353 2414 de
365 2361 420 2414 alio
434 2361 539 2426 iuvene,
558 2361 606 2430 qui
618 2360 652 2413 de
665 2359 826 2429 probatione
838 2362 924 2431 gratia
932 2361 1124 2417 solvendorum

188 2429 343 2486 debitorum
360 2436 500 2496 extractus,
519 2445 574 2484 non
592 2436 633 2483 est
649 2444 772 2482 reversus
774 2469 1123 2487 .........
1141 2431 1180 2483 itt

136 2497 212 2552 XIII.
246 2499 288 2552 De
306 2499 482 2552 conversIone
499 2499 609 2552 Henrici
627 2499 744 2554 Abbatis
746 2539 1122 2554 ..........
1142 2501 1176 2551 19

136 2567 212 2622 XIV.
247 2569 288 2621 De
306 2569 460 2622 miserabili
476 2575 562 2621 morte
576 2567 673 2622 Leonii
690 2569 794 2622 novicii
811 2569 995 2638 apostatantis
1031 2610 1037 2624 .
1074 2609 1080 2624 .
1117 2569 1177 2622 ,211

136 2637 198 2691 XV.
233 2637 274 2690 De
291 2637 426 2691 horrenda
438 2637 702 2692 morteBenneeonis
719 2637 830 2704 novicii,
849 2645 876 2692 et
887 2637 1026 2708 quodnon
1042 2639 1125 2692 liceat

188 2707 306 2760 uovIciis
323 2707 411 2760 redire
429 2707 464 2758 ad
482 2707 619 2760 saeculum
637 2712 698 2775 post
714 2713 817 2761 votum.
858 2747 865 2760 .
901 2747 908 2762 .
945 2747 951 2760 .
1074 2747 1080 2762 .
1117 2706 1175 2759 ,21

136 2774 211 2828 XVI.
247 2775 288 2828 De
306 2775 481 2830 conversione
499 2776 610 2831 Henrici
628 2776 758 2830 contracti
777 2775 811 2828 de
830 2775 987 2830 Claravalle.
1031 2818 1037 2831 .
1074 2817 1080 2829 .
1117 2776 1176 2828 ,22

136 2844 224 2898 XVII.
260 2845 302 2897 De
321 2846 497 2898 conversione
515 2845 631 2898 auctorIs
649 2845 731 2898 huius
749 2846 875 2914 opusculi
877 2885 1123 2901 .......
1142 2845 1177 2896 24

136 2913 238 2967 XVIII.
273 2915 315 2968 De
338 2913 452 3014 (gerlaco
477 2913 511 2967 de
533 2914 635 2984 Dioge,
663 2914 805 2968 eominus
829 2914 970 2968 cuiusdam
992 2914 1124 2968 sermonis
1142 2982 1176 3034 Ἡ

190 2997 328 3038 converso.
382 3018 1168 3040 ...................

136 3051 213 3106 XIX.
248 3053 290 3105 De
309 3052 485 3106 conversione
502 3051 612 3106 Henrici
629 3053 750 3122 germani
767 3052 848 3122 Regis
866 3052 1003 3106 Franciae.
1031 3094 1042 3108 .
1074 3093 1080 3106 .
1118 3049 1178 3104 ,23

136 3121 200 3176 XX.
235 3121 276 3174 De
295 3121 471 3176 conversione
489 3121 639 3187 cuiusdam,
668 3121 716 3202 qui
732 3122 811 3176 alteri
834 3128 895 3175 ante
914 3122 1014 3176 ostium
1032 3128 1124 3192 portae

189 3198 267 3244 nocte
286 3208 301 3244 a
320 3191 411 3260 paruit
427 3191 456 3243 in
475 3191 565 3260 speeie
582 3191 692 3246 infantis
695 3230 1123 3246 ...........
1142 3191 1176 3242 tt

138 3259 215 3314 XXI.
250 3260 291 3313 De
333 3261 478 3314 heoderico
496 3265 523 3313 et
539 3259 676 3314 Bernardo
694 3259 847 3325 monachis,
870 3260 918 3329 qui
936 3260 971 3313 ob
990 3262 1125 3315 visionem

188 3330 269 3382 unius
288 3331 382 3383 veniae
400 3328 429 3382 in
447 3330 584 3398 sepultura
601 3329 701 3382 mortui
720 3337 900 3396 conceperunt
912 3333 1124 3384 conversionem.
1142 3329 1177 3383 28

135 3397 226 3454 XXII.
261 3399 302 3452 De
322 3399 497 3452 conversione
512 3399 618 3451 domini
629 3397 754 3466 Adolphi
762 3397 896 3478 Episcopi
907 3397 1124 3471 Osinbnrgensis.
1142 3399 1177 3451 29

135 3467 241 3522 XXIII.
275 3469 317 3521 De
335 3468 512 3521 conversione
529 3467 640 3520 Heanei
658 3467 806 3520 camerarii.
859 3505 1124 3522 .......
1142 3469 1177 3522 29

136 3537 240 3590 XXIV.
275 3537 316 3590 De
335 3537 512 3590 conversione
530 3535 637 3590 Gerlaci
655 3536 809 3590 sacerdotis.
858 3575 1123 3592 .......
1143 3537 1178 3590 30

135 3605 227 3660 XXV.
261 3607 303 3660 De
320 3606 465 3662 Ludewico
483 3606 571 3658 milite
589 3613 699 3676 propter
712 3611 806 3658 votum
821 3605 1005 3659 conversionis
1023 3612 1124 3660 sanato.
1143 3607 1177 3657 30

136 3675 240 3730 XXVI.
275 3676 316 3729 De
334 3691 367 3729 eo
378 3675 453 3745 quod
464 3675 537 3728 Deus
552 3674 697 3744 aliquando
708 3673 814 3728 differat
829 3680 999 3744 peecatorem
1013 3681 1125 3746 propter

210 3745 392 3811 oeuitentiam,
411 3751 438 3800 et
455 3745 610 3814 exemplum
628 3744 662 3796 de
680 3743 804 3798 Ezechia.
854 3757 856 3761 ’
859 3783 1123 3799 .......
1143 3745 1175 3800 31

137 3813 192 3873 XX
220 3815 253 3870 11.
288 3815 329 3868 De
347 3813 586 3870 errorebudevici
600 3813 763 3884 Iantgravii,
783 3813 854 3868 etde
871 3811 1124 3882 praedestinatione.
1143 3813 1176 3866 32
1283 3857 1287 3864 .
