2622 4322
452 229 508 292 DE
530 229 796 294 ΤΕΝΤΑΊῚΟΝΕ.
1085 234 1148 296 25ὁ

407 387 640 451 CAPITULUM
665 389 845 450 LXXXIX.

226 501 275 568 Dc
294 508 418 570 Florian
439 513 625 588 Praeposito,
648 517 696 572 coi
717 512 872 572 mosetica
894 513 1031 572 cosmum

468 603 585 676 potiori
605 600 715 677 infisus
737 607 786 658 cst.

171 715 309 795 Magister
334 717 465 789 Absalon
491 723 535 780 vir
567 720 705 780 honestus
732 728 762 780 et
792 720 936 795 literatus,
967 721 998 780 in
1027 718 1149 782 ecclesia

105 807 198 864 sancti
218 805 343 864 Victoris
364 806 479 866 Parisiis
502 811 672 883 canonicus,
701 814 768 868 ante
796 808 851 868 hos
873 825 965 867 annos
985 809 1015 866 in
1037 807 1146 883 Spren·

103 890 240 952 lrirsbach
252 889 268 973 ¹)
298 891 401 952 Abbas
431 900 474 953 est
494 894 611 956 electus.
654 895 708 954 Est
741 897 815 954 enim
844 894 921 954 idem
942 896 1146 954 monasterium

102 979 135 1036 in
149 979 324 1055 Episcopatu
342 978 519 1040 Treverensi.
563 980 729 1058 Antequam
750 981 827 1041 idem
848 980 979 1040 Absalon
1000 981 1148 1048 inlocum

104 1064 250 1125 electionis
275 1057 346 1126 auae
374 1071 491 1142 veniret,
512 1086 587 1127 unns
606 1086 641 1128 cx
656 1069 792 1128 fratribus
815 1071 845 1127 in
866 1071 931 1128 visu
952 1069 1046 1127 noctis
1066 1067 1147 1145 vidit,

103 1152 183 1228 quod
212 1153 334 1213 candela
361 1153 464 1213 ardena
495 1156 656 1231 praefatum
685 1159 889 1214 monasterium
910 1157 1045 1230 intraret,
1074 1172 1149 1230 quae

101 1256 157 1300 auo
184 1239 291 1300 lumine
322 1243 450 1300 omnium
475 1242 594 1301 fratrum
622 1241 757 1302 candelas
790 1239 992 1322 exstinctam),
1024 1259 1096 1317 quas
1116 1243 1148 1301 in

101 1344 191 1386 manu
211 1328 359 1402 tenebant,
383 1329 594 1389 reaccenderet
637 1329 837 1404 Interpretatio
859 1332 938 1389 risus
959 1326 1056 1408 talis³)
1078 1334 1149 1404 erat,

102 1416 171 1490 quia
191 1415 217 1472 is
239 1414 403 1490 adveniret,
429 1418 478 1491 qui
499 1415 678 1492 disciplinam
700 1416 868 1490 dissolutam
889 1421 1043 1491 repararet
1085 1416 1146 1477 Fa·

102 1507 166 1562 etus
184 1518 253 1561 vero
275 1499 388 1576 Abbas,
409 1501 546 1562 honestas
573 1503 802 1577 consuetudines,
825 1520 896 1578 quas
918 1505 947 1561 in
969 1520 1022 1562 suo
1043 1519 1147 1564 mona-
1226 1503 1228 1507 ’

100 1591 188 1648 sterio
217 1588 365 1664 didicerat,
386 1588 504 1665 induxit,
526 1593 599 1649 inter
621 1597 716 1649 cetera
736 1592 921 1666 praecipiens,
943 1596 977 1649 nt
997 1596 1058 1650 tam
1078 1607 1149 1650 suae

102 1677 335 1752 congregationis
367 1676 467 1736 fratres
496 1694 585 1752 quam
614 1677 761 1736 subiectae
789 1694 917 1751 sorores,
949 1693 1003 1736 neo
1032 1694 1090 1736 non
1120 1683 1150 1737 et

100 1763 264 1838 Praepositi
306 1779 421 1841 aarum,
458 1764 495 1823 ab
538 1766 610 1822 escis
643 1766 772 1822 carnium
805 1759 932 1842 omneat)
966 1764 1149 1823 abstinerent.

103 1849 233 1926 Contigit
241 1855 309 1925 post
330 1849 403 1908 hacc
411 1847 431 1930 ⁵)
454 1849 600 1925 quandam
625 1850 802 1910 saecularem
823 1857 984 1910 matronam
1006 1851 1148 1927 religionis

101 1936 235 1996 habitum
256 1938 287 1994 in
302 1935 402 1995 Insula
417 1941 508 1995 sancti
523 1934 693 2017 Nycholai⁶)
719 1940 872 2013 suscipere.
904 1937 1031 1996 Pertinet
1052 1943 1150 1998 autem

101 2023 181 2084 idem
203 2025 409 2082 monasterium
439 2023 477 2082 ad
499 2024 733 2100 Sprenkirsbach.
777 2017 813 2082 In
842 2024 889 2083 dic
909 2024 1076 2082 reclusionis
1097 2041 1150 2083 su-

101 2109 253 2188 pradictae
263 2110 394 2185 feminae,
412 2113 511 2170 amicis
522 2113 583 2169 eius
595 2125 661 2170 curn
671 2111 840 2186 Praeposito
854 2105 1149 2190 sanctimonialium),

101 2199 221 2257 nomine
242 2192 377 2270 Florino,
402 2199 463 2256 viro
485 2200 681 2274 pinguissimo,
704 2204 733 2257 et
755 2200 828 2258 bene
850 2199 920 2256 mihi
941 2204 1026 2273 noto,
1048 2199 1149 2257 convi-

101 2279 287 2363 vantibus⁰),
315 2301 384 2355 cum
409 2285 463 2360 ipsi
493 2286 626 2344 carnibus
654 2291 851 2360 vescerentur,
883 2292 911 2345 et
935 2287 997 2361 ipse
1020 2284 1149 2361 piscibus

101 2377 221 2448 propter
242 2363 412 2429 mandatum
432 2370 557 2431 Abbatia
580 2374 624 2430 sui
646 2370 832 2446 Absalonis,
848 2371 950 2432 videns
971 2374 1000 2430 in
1029 2371 1150 2432 scutella

102 2459 201 2520 clerici
221 2459 303 2516 iuxta
323 2455 384 2537 se⁹)
408 2458 532 2517 sedentis
554 2461 682 2517 carnium
703 2466 872 2533 assaturam,
901 2461 1071 2535 concupivit,
1092 2461 1149 2518 im·

100 2547 251 2644 missaqpe
265 2561 354 2602 manu
378 2544 542 2604 morsellum
563 2547 665 2621 rapuit,
688 2552 717 2604 et
739 2563 806 2604 cnm
828 2544 953 2621 quadam
974 2545 1149 2606 iocunditate

101 2635 133 2692 in
163 2649 196 2692 os
224 2649 311 2691 suum
340 2633 425 2690 misit.
467 2631 539 2691 Mox
567 2635 642 2691 iusto
671 2632 728 2691 Dei
757 2633 860 2692 iudicio
889 2633 966 2692 idem
998 2633 1149 2692 morsellus
1212 2657 1221 2682 r

34 2733 37 2746 ¹
100 2722 133 2778 in
160 2724 261 2796 guttur
289 2718 478 2777 inobedientis
506 2722 615 2796 integer
641 2718 801 2795 descendit,
823 2723 863 2780 ita
884 2727 917 2778 ut
937 2726 1065 2779 meatum
1087 2721 1149 2778 eius

102 2801 267 2880 obstruens,
288 2804 366 2863 nullo
392 2812 497 2864 conatu
520 2806 619 2881 posset
638 2809 667 2864 in
690 2823 723 2865 os
744 2809 873 2865 revocari
894 2806 941 2866 rel
963 2807 1094 2883 deglutiri
1109 2803 1147 2886 ¹⁰).

103 2893 201 2970 Quem
223 2891 259 2951 de
281 2909 382 2952 mensa
406 2893 566 2967 trahentes,
592 2909 658 2952 curn
679 2895 737 2952 iarn
760 2895 866 2953 eversis
889 2892 979 2952 oculis
1000 2900 1149 2970 putaretur

103 2997 170 3041 case
197 2979 398 3053 suffocandus,
416 2979 569 3038 ,Henricus
598 2980 756 3060 monachus
785 2987 814 3040 et
843 2983 1015 3040 camerarius
1036 2986 1147 3056 noster,
1210 3021 1215 3030 .

102 3074 175 3128 bino
196 3066 334 3126 Decanus
356 3059 591 3126 Monastcriensis
607 3063 651 3146 ¹¹),
680 3069 754 3126 sicut
785 3084 821 3126 ex
854 3070 914 3127 eins
950 3085 1000 3127 ore
1035 3066 1147 3142 audiri,

124 3181 157 3252 1)
174 3181 251 3235 bodie
268 3182 472 3251 Springirsbaob,
488 3199 574 3250 prope·
586 3182 708 3234 Wiitlich.
727 3214 760 3222 -
779 3184 811 3251 2)
829 3185 1015 3235 exstinctas
1033 3198 1075 3234 orn
1093 3181 1146 3234 to.

178 3283 209 3293 -
229 3253 261 3320 3)
281 3252 301 3304 l)
319 3253 397 3304 talis
415 3255 565 3305 visionis.
580 3282 611 3292 -
630 3253 663 3320 d)
681 3252 722 3306 Bc
740 3268 847 3304 ornnes
866 3253 901 3304 ab
920 3270 977 3304 esu
994 3253 1146 3304 carnium.

176 3351 210 3361 -
228 3322 260 3390 5)
279 3322 298 3374 Ρ
316 3321 383 3374 hoc.
396 3351 429 3360 -
449 3323 480 3390 6)
498 3324 676 3376 monasterium
704 3322 936 3388 sanctimonialium,
953 3323 1030 3392 vulgo
1049 3323 1147 3389 stupa

176 3391 278 3444 dictum.
298 3390 363 3446 Vide
380 3391 444 3442 inira
462 3392 498 3456 V,
521 3392 562 3443 14.
583 3421 613 3432 -
639 3393 671 3460 7)
689 3392 711 3448 n
732 3392 929 3445 monialium.
948 3423 981 3432 —
1005 3393 1040 3460 8)
1056 3390 1146 3444 Homil.
1227 3397 1235 3415 ‘'

176 3461 217 3513 lv.
234 3478 260 3529 p.
280 3461 343 3513 157:
373 3461 454 3526 „forte
472 3460 587 3528 exemplo
605 3461 678 3513 buius
697 3465 806 3514 convivii
824 3462 925 3581 Sllatth.
946 3463 971 3526 9,
990 3462 1039 3529 10)
1065 3476 1146 3530 usque

175 3529 250 3583 hodic
268 3547 323 3583 mos
341 3529 447 3584 inolevit
464 3533 491 3582 in
508 3531 614 3583 diversis
636 3530 767 3587 ordinibus
784 3531 912 3584 Ecccsiae
930 3540 980 3582 tam
998 3531 1146 3583 feminarum

177 3617 250 3670 quarn
268 3604 391 3666 virorum,
405 3609 437 3664 ,ut
454 3600 480 3652 bi
498 3603 541 3669 qui
558 3601 652 3653 babere
670 3610 784 3668 possunt,
803 3603 833 3653 in'
842 3601 883 3653 dic
893 3603 1076 3668 conversionis,
1094 3602 1145 3652 suis

176 3674 288 3741 cognatis
307 3679 335 3722 et
353 3671 440 3722 amicis
457 3670 586 3735 adductis,
604 3673 739 3754 conventui
757 3671 859 3737 copiose
877 3673 1042 3752 ministrent?
1062 3669 1145 3753 -,9)

173 3740 353 3866 saun
367 3739 737 3878 senserant
754 3740 931 3876 istie·-
955 3740 1003 3808 ω
