2654 4308
5 3983 6 4026 l

5 4037 7 4070 i

5 4073 6 4103 l

169 277 249 355 rsa¹
500 273 726 338 nnnmonro
750 274 914 339 consur
998 317 1002 326 .

166 397 276 457 visione
316 411 390 472 qnae
425 413 548 475 magnae
576 397 629 457 lusit
656 389 848 474 reverentiae,
883 403 996 460 anum
1030 396 1128 474 gaudii
1157 415 1206 460 cor

167 485 228 543 eius
250 485 392 559 concepit,
420 490 453 543 ut
480 485 534 544 sibi
562 483 710 547 altitudine
733 479 853 545 duorum
874 485 982 562 pedum
1002 501 1021 543 a
1041 492 1118 545 terra
1139 503 1206 545 sus·

167 586 274 646 pensus
300 569 450 630 videretur.
492 570 559 631 Non
586 571 679 631 solum
707 572 754 632 hio
781 571 962 634 beatissimus
984 571 1117 631 Pontifex
1137 589 1207 648 per-

167 657 306 718 fectorum
325 658 462 732 visitator,
487 656 539 718 sed
559 663 589 716 et
608 660 776 720 miserorum
797 661 827 718 in
847 660 966 719 summis
986 659 1207 720 necessitatibus

169 759 232 805 esse
254 743 429 822 dignoscitur
451 743 594 804 liberator.
856 743 858 748 ’

372 985 373 994 ,
494 934 727 996 CAPITULUM
748 934 892 996 LXXIII.

202 1014 205 1022 Ι
250 1058 299 1118 Dc
317 1056 388 1134 fuae
409 1075 496 1134 quau
517 1058 594 1116 idem
616 1056 766 1134 emsfmeoc
788 1076 807 1116 o
827 1056 964 1133 patibulo
985 1057 1130 1119 libcreod.

232 1177 367 1238 Nondum
380 1177 436 1238 duc
451 1179 518 1237 anni
533 1183 600 1237 sunt
622 1178 719 1253 elapsi,
741 1178 819 1254 quod
840 1180 869 1238 in
890 1178 960 1239 villa
981 1178 1107 1255 quadam
1127 1180 1211 1240 iuxta

170 1263 327 1339 Coloniam,
349 1265 422 1323 sicut
442 1281 533 1340 nuper
553 1263 610 1324 illic
631 1264 729 1324 audivi
751 1282 818 1325 cum
838 1269 1031 1342 praeterirem,
1052 1265 1116 1334 loeo
1134 1265 1211 1344 ¹iuris

170 1351 286 1427 quidam
323 1350 516 1426 deprehensus
549 1358 600 1410 est.
649 1350 752 1412 Utrum
788 1358 863 1412 essct
890 1369 956 1412 rcus
982 1352 1030 1412 vel
1056 1359 1211 1430 innocens,

169 1437 239 1496 mihi
252 1437 307 1497 dici
320 1455 378 1497 non
398 1441 499 1513 potuit
543 1436 609 1513 Quo
630 1441 714 1497 morti
735 1438 897 1499 adiudicato
910 1436 936 1520 ¹),
958 1445 986 1498 ct
1006 1439 1109 1516 laqueo
1134 1439 1210 1501 collo

170 1525 232 1585 eins
266 1525 386 1599 iniecto,
413 1526 443 1582 in
464 1524 593 1600 patibulo
622 1524 841 1601 appendissent,
869 1525 916 1584 ille
944 1525 1054 1585 nullum
1079 1524 1211 1586 dolorem

170 1612 322 1686 sustinens,
343 1627 408 1670 cum
427 1612 485 1670 iam
498 1617 627 1670 mortuus
640 1614 846 1688 aestimaretur,
867 1612 945 1672 clara
964 1629 1037 1672 voce
1060 1611 1210 1673 clamavit:

169 1697 312 1756 Insanum
339 1693 516 1778 laboratis2),
545 1714 603 1756 non
624 1701 752 1774 poteritis
774 1716 820 1759 mc
841 1696 1034 1776 strangulare,
1062 1697 1210 1782 sancum)

170 1783 330 1860 Episcopus
357 1783 488 1844 dominus
516 1801 597 1844 meus
621 1783 788 1862 Nycholaus
809 1785 879 1845 mihi
896 1788 1015 1856 assistit
1057 1785 1103 1846 En
1123 1785 1210 1848 video

170 1870 260 1930 illum.
286 1861 389 1947 'Quod
410 1871 492 1930 multi
513 1870 669 1946 audientes,
692 1879 721 1930 ct
740 1875 781 1932 ita
803 1889 866 1932 csse
882 1876 1075 1949 experimento
1098 1890 1209 1950 cogno-
1320 1875 1321 1890 ³

171 1964 300 2034 scentes,
326 1962 459 2034 putantes
482 1974 548 2017 eum
579 1960 774 2033 innocentem,
801 1960 839 2019 cb
862 1960 999 2019 honorem
1027 1962 1117 2020 saneti
1144 1961 1223 2038 Ny·‚

173 2044 267 2106 oholai
294 2044 455 2121 depositum
482 2046 561 2104 abire
588 2047 784 2121 permiserunt
827 2045 884 2122 Qui
911 2046 1050 2106 Bruwilre
1079 2045 1117 2107 ad
1145 2066 1211 2109 me·

171 2135 291 2193 moriam
317 2134 362 2192 sui
388 2131 547 2192 liberatoris
575 2149 705 2206 currens,
734 2135 840 2215 gratias
863 2135 935 2209 egit,
963 2151 995 2193 se
1016 2151 1035 2192 a
1055 2134 1210 2210 suspendio

172 2217 247 2278 illius
267 2220 375 2278 meritis
395 2218 558 2278 absolutum
578 2218 782 2295 proclamans.÷
809 2218 1011 2280 NOVICIUS:
1043 2217 1151 2298 Audivi
1172 2222 1210 2283 ab

172 2300 318 2384 infantia⁴)
348 2304 426 2381 quod
453 2311 570 2364 sanctus
598 2305 764 2381 Nycholaus
781 2323 892 2390 [omnes
919 2307 1078 2383 Episcopos
1100 2309 1212 2368 miseri-

83 2417 87 2423 ·
174 2392 271 2452 cordia
296 2391 460 2467 praecellat.
502 2390 736 2452 MONACHUS:
765 2389 876 2460 Tantae
889 2395 1018 2470 ⁸pietatis
1040 2399 1083 2453 cst
1104 2402 1133 2453 et
1153 2379 1223 2454 mi-'

173 2477 353 2553 scriccrdiae,
372 2485 405 2537 ut
418 2485 448 2538 ct
458 2478 581 2538 melosa
597 2485 688 2538 morte
702 2481 776 2538 sicut
797 2479 904 2540 dictum
927 2486 971 2540 cst
991 2497 1078 2556 saepe
1097 2481 1212 2557 liberet,

175 2570 205 2626 ct
224 2565 317 2624 bonos
338 2567 410 2624 mori
432 2564 582 2624 desideret.
624 2564 710 2641 Illos,
732 2571 764 2624 ut
786 2567 986 2643 emendentur3'
1006 2569 1086 2642 istos,
1105 2573 1139 2626 ut
1159 2585 1212 2628 ae-

174 2657 257 2712 terna
269 2651 445 2712 beatitudine
457 2653 595 2711 fruantur.
638 2652 753 2712 Revera
764 2653 882 2713 dissolvi
896 2661 924 2713 et
935 2672 993 2713 csse
1007 2671 1074 2713 cem
1088 2652 1212 2728 corna,

175 2739 270 2798 multo
298 2739 400 2798 ordita
429 2745 479 2798 cat
521 2737 561 2797 Et
589 2737 666 2800 beati
694 2746 765 2800 sunt
792 2744 905 2801 mortui
934 2744 987 2818 qui
1014 2743 1047 2800 io
1079 2741 1212 2802 Dotatae

175 2821 391 2897 moriuntur⁶).

497 2976 732 3079 carmenum
751 3017 895 3080 nxxw.

198 3138 246 3198 De
267 3138 366 3198 Adam
387 3138 532 3198 monacho
554 3157 641 3215 quan
663 3147 782 3200 coactos
804 3141 975 3219 Npcholoos
997 3159 1063 3202 cum
1085 3147 1189 3202 sumto

369 3225 556 3285 Paterniano
579 3225 616 3284 ab
637 3228 810 3303 iufirmitote
831 3234 1023 3288 sanaverant.

241 3361 339 3423 Adam
360 3362 518 3425 monachus
546 3363 581 3424 de
603 3363 712 3440 Lucka,
726 3367 805 3424 cuius
826 3367 856 3424 in
877 3363 1070 3441 superioribus
1091 3366 1216 3440 memini,

176 3453 207 3510 ln
228 3449 354 3526 quadam
376 3451 567 3511 conventuali*
579 3450 700 3511 ecelesia
721 3451 872 3528 saxoniae,
894 3468 968 3527 quae
988 3448 1118 3533 Bucka⁸)
1142 3451 1215 3512 dici-

197 3567 230 3635 1)
246 3552 449 3631 sennonem
478 3585 546 3620 cum
573 3569 666 3620 morti
695 3567 929 3621 adiudicatum.
949 3596 980 3608 -·
999 3565 1216 3634 2)Dlabora-

248 3637 316 3688 stis.
336 3666 367 3675 -
387 3637 418 3705 3)
436 3635 459 3690 Β
477 3646 613 3690 sauctus
631 3641 721 3690 enim.
741 3667 771 3677 —
791 3639 823 3706 4)
840 3638 863 3690 Β
882 3637 1028 3689 infantia
1046 3650 1164 3688 mea—
1184 3636 1216 3704 5)

247 3704 357 3772 Philipp.
377 3706 401 3770 1,
419 3707 461 3760 23,
485 3709 563 3774 Apoc.
589 3708 631 3772 14,
656 3709 696 3760 13.
716 3737 747 3748 -
772 3709 804 3774 6)
822 3705 910 3762 Buclru
927 3705 1027 3760 videtur
1052 3721 1110 3759 esse
1127 3704 1216 3760 Bockc

247 3775 274 3826 iu
295 3775 449 3843 Episcopatu
472 3776 676 3832 Pederbcrnensi
698 3777 730 3829 ud
753 3777 854 3831 fluvium
872 3777 964 3846 lippe:
986 3791 1052 3846 quae
1074 3775 1133 3830 villu
1155 3777 1216 3829 satin

249 3843 355 3898 celebris
374 3855 413 3900 est
431 3849 457 3900 in
474 3849 580 3901 historia
597 3847 680 3901 Caroli
698 3848 789 3916 Magni.
812 3883 816 3900 ,
