2654 4308
172 282 212 340 70
477 279 704 342 DISTINGTIO
726 229 901 342 SEPTIMA

169 403 254 461 huius
274 402 395 462 nominis
410 403 553 462 invocatio
576 409 718 478 operatur,
739 406 813 464 sicut
833 406 862 462 in
877 402 1047 478 supradictis
1062 409 1212 466 ostensum

170 494 214 548 est
242 489 386 564 exemplis.
428 488 631 550 NOVICIUS:
659 489 705 548 Ex
734 507 791 566 quo
819 495 901 550 tanta
927 491 1006 551 bona
1030 507 1083 566 per
1103 507 1212 552 nomen

154 577 272 636 beatae
293 577 419 652 Virginis
448 577 630 636 conteruntur
657 577 857 651 peccatoribus
880 582 908 636 et
928 579 1024 652 iustis,
1053 577 1089 637 de
1112 585 1212 638 cetero

169 664 322 722 memoriae
350 679 433 722 meae
460 665 588 723 tenacius
609 663 777 723 inhaerebit.
819 661 1057 724 MONACHUS:
1089 663 1155 724 Hoc
1186 667 1213 724 si

168 749 276 824 feceris,
296 751 326 807 in
347 749 402 809 fine
424 757 473 809 tuo
497 748 721 810 consolationem
742 752 987 825 eiuscxpen'eris.
1030 749 1117 826 Quod
1138 767 1212 812 vero

168 837 352 896 morientibus
364 838 488 911 assistat,
508 838 608 912 'eisque
630 854 712 896 suam
727 835 890 897 mellifluam
904 833 1094 911 praesentiam
1108 843 1212 898 osten·

147 921 226 997 dat,
247 929 360 998 praesto
384 928 451 982 sunt
477 923 616 998 exempla.

541 1085 773 1174 eremmon
798 1114 832 1172 n.

168 1237 215 1294 De
232 1237 385 1308 monacho,
408 1253 495 1311 quom
509 1243 617 1294 concta«
627 1235 730 1294 Morio
745 1215 973 1296 deosculabatur
992 1244 1061 1297 onte
1074 1244 1213 1297 mortona
1312 1253 1313 1316 ᾗ

232 1357 266 1416 In
288 1355 373 1416 domo
396 1335 521 1433 quadam
542 1357 701 1432 Hispaniae
724 1357 828 1418 ordinis
850 1361 947 1434 nostri,
970 1377 1044 1435 quae
1061 1355 1077 1438 ¹)
1099 1359 1212 1419 Pumc·

167 1461 235 1502 rane
256 1451 392 1518 vocatur,
421 1444 477 1504 duo
499 1443 696 1504 adolescentes
719 1451 786 1503 sunt
807 1447 950 1519 conversi,
973 1452 1002 1504 et
1023 1452 1082 1504 tarn
1102 1445 1212 1506 lauda·

167 1531 260 1590 bilitcr
296 1532 325 1588 in
366 1548 401 1590 ea
416 1525 436 1610 ²)
474 1528 651 1606 conversati,
685 1537 718 1590 ut
753 1534 813 1590 vita
848 1531 961 1590 illorum
994 1531 1056 1591 aliis
1092 1539 1170 1591 esset
1188 1531 1210 1612 ³)

167 1618 195 1674 in
229 1617 399 1692 exemplum.
442 1617 486 1676 Ex
516 1618 620 1700 quibus
648 1635 722 1678 nnus
743 1619 773 1676 in
794 1619 933 1696 obsequio
954 1619 1059 1678 baama
1081 1618 1211 1698 Virginis
1312 1651 1313 1654 =

166 1706 207 1762 ita
237 1703 351 1763 fervens
384 1706 489 1764 exstitit
521 1722 556 1764 ao
588 1703 725 1779 devotus,
761 1707 802 1764 ita
833 1706 862 1764 in
894 1705 971 1764 horis
1005 1707 1065 1764 eius
1098 1705 1208 1766 decan·
1282 1787 1283 1792 ἵ

167 1789 260 1850 landis
290 1807 420 1850 morosus
449 1799 477 1851 ct
500 1793 641 1866 intentus,
669 1797 781 1850 utnon
805 1792 898 1850 solum
919 1795 949 1874 in
970 1791 1088 1868 singulis
1115 1795 1210 1852 versi·

167 1877 239 1952 bns,
271 1877 322 1936 sed
351 1879 436 1936 etiam
468 1879 498 1936 in
530 1878 648 1954 singulis
675 1880 771 1938 verbis
803 1881 970 1938 memoriam
997 1881 1085 1956 ipsius
1113 1879 1208 1940 habe·

168 1970 224 2038 ret,
255 1965 353 2040 sicque
383 1964 482 2024 horam
511 1965 600 2024 horae
629 1982 694 2024 curn
716 1967 846 2025 maximis
866 1965 1013 2025 laboribus
1034 1982 1108 2041 pene
1136 1983 1208 2025 con·
1289 2007 1291 2022 .

168 2052 299 2110 tinuaret.
343 2051 400 2128 Qui
428 2069 494 2111 oum
522 2068 613 2110 annos
642 2051 741 2112 decem
771 2057 799 2112 at
828 2058 937 2129 septem
965 2052 1079 2112 iecisset
1105 2055 1135 2112 in
1158 2070 1208 2112 or-

169 2135 249 2213 dine,
278 2140 402 2214 graviter
428 2137 586 2198 infirmatus
617 2145 674 2213 est,
708 2144 736 2197 ct
758 2140 928 2198 ministravit
958 2141 984 2198 ci
1012 2141 1106 2198 socius
1136 2157 1208 2202 suns

141 2223 143 2226 ’
168 2242 203 2285 ex
223 2224 466 2286 licentiaPrioris.
508 2224 607 2285 Sciens
629 2241 695 2284 curn
716 2227 809 2284 virum
830 2232 969 2301 sanctum,
991 2231 1020 2284 et
1039 2227 1068 2284 in
1090 2227 1209 2287 servitio

167 2311 223 2370 Dei
246 2309 397 2376 Genitriois
420 2311 650 2386 devotissimum,
682 2317 715 2370 ut
735 2311 843 2388 aliquid
864 2312 917 2372 sibi
939 2311 1045 2372 diceret
1065 2313 1104 2372 ad
1124 2313 1209 2373 acdi-

167 2397 344 2473 lioationem,
372 2399 475 2458 intuitu
500 2405 618 2458 mutuae
646 2401 771 2458 caritatis
799 2399 947 2475 flagitavit.
991 2397 1044 2457 Oui
1072 2417 1137 2460 oum
1158 2400 1209 2461 ille

167 2483 236 2543 nihil
256 2502 362 2561 negare
383 2492 481 2560 posset
502 2503 556 2545 nac
573 2483 668 2559 vellet,
689 2485 848 2560 respondit:
870 2485 941 2544 Heri
961 2485 1087 2546 Domina
1107 2494 1210 2548 nostra
1312 2537 1313 2552 .

167 2573 294 2630 visitavit
315 2589 376 2646 me,
408 2578 437 2631 et
458 2574 525 2648 quia
547 2570 592 2631 dic
614 2575 734 2648 septimo
756 2572 793 2632 ad
815 2572 971 2631 Dominum
992 2569 1075 2652 siml)
1097 2575 1208 2650 migra·
1312 2559 1313 2580 ’

167 2663 260 2733 turus,
288 2659 436 2734 praedixit.
486 2658 524 2716 Et
552 2658 669 2718 adiecit:
699 2658 775 2734 Quia
799 2676 869 2734 prae
899 2655 1014 2725 cunctis.
1036 2660 1209 2721 mortalibus
1312 2673 1313 2724 l

167 2743 236 2802 mihi
256 2746 391 2805 intentius
408 2747 557 2820 servivisti,
579 2751 608 2804 et
629 2762 682 2822 ego
704 2747 757 2804 tibi
777 2746 880 2806 faciam
903 2745 981 2821 quod
1001 2745 1128 2806 nondum
1149 2748 1208 2808 ali-
1312 2795 1313 2806 .

133 2857 134 2864 ¹
168 2833 213 2890 cui
229 2831 296 2892 leci.
339 2830 508 2908 Collumque
529 2849 626 2892 meum
647 2825 771 2892 brachiis
793 2835 851 2891 suis
865 2834 1015 2910 stringens,
1037 2833 1114 2893 dedit
1135 2835 1209 2894 milri

167 2916 305 2978 osculum.
346 2917 549 2978 NOVICIUS:
577 2918 634 2978 Hic
657 2919 817 2996 legentibus
839 2921 904 2978 oriri
924 2926 1020 2995 potest
1045 2921 1208 2997 scmpulus,
1312 2947 1313 2992 r

167 3007 376 3081 quiasuperius
394 3005 501 3064 dictum
523 3012 566 3065 est
587 3005 710 3081 capitulo
732 3007 874 3066 tricesimo
896 3006 1031 3082 secundo,
1053 3006 1131 3083 quod
1146 3010 1208 3067 mi·
1312 3009 1313 3038 l

165 3091 208 3151 liti
231 3097 340 3152 tentato
369 3091 499 3152 osculum
529 3090 645 3152 dederit.
686 3091 921 3153 MONACHUS:
948 3094 1029 3153 Visio
1050 3097 1106 3154 ista
1124 3093 1208 3156 illam

166 3185 295 3254 ternpore
314 3181 477 3254 praecessit.
515 3178 588 3238 Cum
610 3185 707 3239 autem
728 3182 891 3256 agonizaret
912 3180 958 3240 dia
980 3187 1009 3240 et
1029 3180 1101 3241 hora
1116 3198 1207 3257 prae-

167 3265 243 3325 dicta
264 3266 439 3338 virbeatus,
460 3265 541 3324 Prior
563 3265 713 3342 dormiens,
735 3267 835 3328 cellam
857 3269 886 3324 in
909 3285 967 3343 qua
987 3268 1115 3342 iacebat,
1140 3273 1207 3328 tur-

166 3353 235 3412 bam
253 3351 467 3411 candidatorum
483 3354 598 3412 introire
619 3353 698 3428 vidit,
720 3356 769 3429 qui
790 3371 821 3413 sa
843 3360 959 3429 propter
980 3357 1106 3414 animam
1126 3353 1206 3416 illius

167 3437 364 3499 deducendam
391 3434 540 3498 advenisse
564 3439 705 3499 dicebant.
748 3440 907 3517 Statimque
929 3440 968 3499 ad
988 3442 1206 3516 percussionem

166 3526 282 3586 tabulae
304 3527 459 3601 excitatus,
484 3529 603 3586 surrexit
625 3534 654 3586 et
675 3529 811 3602 accurrit,
833 3534 862 3587 et
884 3529 952 3602 quia
974 3529 1104 3588 coelestis
1126 3537 1206 3590 esset

167 3615 322 3687 exercitus,
346 3629 365 3670 a
392 3613 496 3688 quibus
519 3613 639 3673 devotus
662 3613 813 3674 Ge'nitriois
835 3615 891 3674 Dei
911 3614 1034 3675 famulus
1054 3614 1127 3675 soret
1149 3614 1205 3676 de-

185 3781 216 3848 i)
233 3779 320 3833 ABDP
337 3780 430 3848 quod.
451 3812 480 3822 -
501 3783 533 3851 2)
550 3784 582 3834 in
606 3799 639 3836 ea
664 3799 705 3836 om
723 3783 773 3837 Bo.
795 3815 824 3824 -
845 3784 876 3851 3)
894 3783 934 3836 ΒΡ
954 3791 1046 3835 esset
1063 3781 1149 3835 aliis.
1170 3817 1204 3828 -

118 3927 121 3933 .
235 3851 267 3919 l)
285 3849 306 3902 B
324 3867 439 3916 essem,
457 3852 498 3905 nl>
517 3869 590 3905 sum.
