2564 4306
370 210 628 310 nn'ruannno
649 249 916 314 uouendum.
1095 252 1159 312 aaa

475 413 709 502 claruerunt
739 440 806 502 xn.
917 475 928 512 -,

393 561 442 620 De
453 571 559 658 poem
576 561 703 622 abbatia
725 561 882 640 Oorbeyue.

184 681 326 760 Tempore
354 683 515 745 schismatis
543 686 616 745 inter
646 684 782 745 Ottonem
811 691 841 746 et
867 683 1032 762 Philippum
1061 683 1158 762 Reges

118 767 325 846 Romanorum,
345 773 511 848 peregrinus
534 771 652 848 quidam
673 771 710 832 de
731 773 927 832 transmarinis
950 774 1067 832 veniens
1088 789 1158 848 par-

118 856 212 931 tibus,
240 857 408 918 sclaviniam
429 876 513 918 suam
533 876 585 934 pro
607 861 675 917 vino
712 857 789 933 quod
818 860 849 916 in
870 858 925 918 illis
946 860 1076 933 partibus
1097 859 1158 918 ior-

118 945 259 1002 tissimum
274 951 318 1004 est
331 961 484 1022 exponens,
506 947 535 1004 in
557 951 669 1004 tantum
690 947 770 1022 bibit,
791 952 824 1004 ut
844 946 1002 1005 inebriatus
1023 964 1042 1006 a
1063 953 1158 1008 mente

117 1047 172 1090 sua
193 1029 379 1107 alienaretur,
407 1033 449 1092 sio
479 1039 511 1092 nt
539 1038 683 1092 mortuum
713 1049 778 1091 eum
807 1035 999 1092 aestimarent.
1047 1031 1159 1094 Eadem

118 1115 193 1177 hora
215 1115 318 1178 ductus
341 1123 385 1178 est
405 1121 521 1196 spiritus
544 1121 604 1178 eius
632 1118 670 1178 ad
699 1118 763 1178 loca
791 1136 965 1195 poenarum,
994 1120 1044 1179 ubi
1072 1137 1159 1196 super

117 1209 241 1295 puteum
259 1206 343 1282 igneo
361 1205 496 1281 operculo
518 1212 627 1266 tectum
647 1206 773 1267 residere
795 1208 944 1282 conspexit
963 1208 1057 1282 ipsum
1077 1208 1158 1282 prin·

118 1291 213 1367 eipem
226 1293 418 1353 tenebrarum.
452 1291 571 1352 Interim
590 1295 664 1352 inter
686 1301 796 1353 ceteras
818 1295 928 1355 animas
950 1291 1092 1352 adductus
1114 1300 1159 1354 est

118 1376 221 1438 Abbas
238 1377 386 1455 Corbeyae
399 1374 425 1458 ¹),
443 1397 529 1455 quem
543 1379 590 1439 ille
605 1379 726 1440 muitum
738 1379 875 1454 salutans,
890 1398 954 1439 cum
970 1380 1057 1440 saliae
1073 1382 1157 1457 igneo

116 1464 254 1541 poculum
275 1465 462 1541 sulphureum
477 1469 503 1526 ei
519 1469 698 1526 ministravit
742 1465 799 1543 Qui
821 1484 886 1526 oum
909 1466 1035 1542 bibisset,
1057 1474 1154 1528 amoto

116 1551 253 1628 operculo
275 1554 380 1611 missus
401 1554 495 1612 estin
518 1560 646 1629 puteum.
695 1552 868 1630 Peregrinus
897 1571 966 1613 vero
996 1571 1062 1614 eum
1091 1562 1158 1614 ante

115 1637 215 1698 limina
237 1638 383 1698 iuiemalia
411 1645 514 1713 staret,
544 1645 573 1698 et
598 1639 668 1699 talia
695 1640 819 1699 videndo
848 1647 996 1715 tremeret,
1026 1638 1158 1702 diabulus

115 1725 227 1784 sortiter
255 1725 404 1786 clamavit:
439 1724 585 1786 Addueite
614 1729 700 1786 etiarn
715 1727 806 1786 mihi·
824 1727 972 1788 dominum
999 1727 1079 1787 illum
1108 1729 1157 1804 qui

117 1811 186 1872 ioris
207 1819 274 1888 stat,
296 1815 345 1890 qui
367 1829 432 1871 sero
447 1819 558 1873 vestem
576 1815 812 1890 peregrinationis
826 1831 895 1874 suae
916 1829 969 1889 pro
982 1817 1049 1875 vino
1065 1830 1157 1890 expo·
1257 1827 1270 1848 ’-

117 1899 213 1960 nendo
241 1901 397 1960 inebriatus
428 1906 479 1959 est
536 1900 601 1976 Quo
630 1899 729 1958 audito
757 1903 923 1976 peregrinus
952 1900 990 1960 ad
1022 1901 1157 1977 angelum

117 1983 236 2045 Domini
251 1988 300 2062 qui
317 2005 383 2046 eum
404 1985 565 2046 adduxerat
585 1988 748 2063 respiciens,
769 1989 899 2062 promisit
921 1989 989 2062 quia
1009 2006 1157 2064 nunquam

116 2072 312 2146 inebriaretur,
335 2073 491 2133 dummodo
513 2073 562 2134 illa
582 2073 654 2134 hora
668 2073 704 2133 de
725 2075 882 2133 imminenti
902 2073 1028 2150 periculo
1049 2073 1157 2135 libera·

116 2164 161 2218 ret
182 2175 257 2218 eum.
301 2159 358 2236 Qui
378 2177 446 2221 mox
468 2158 506 2220 ad
527 2177 728 2237 sereremus,
757 2160 832 2220 diem
854 2160 1004 2220 ethoram
1033 2163 1160 2240 notavit,

116 2244 287 2322 rediensque
301 2247 331 2306 in
352 2256 456 2308 terram
471 2264 563 2322 suam,
585 2247 686 2307 eodem
708 2254 836 2324 tempore
857 2246 1036 2323 praedictum
1052 2248 1159 2309 Abba·

116 2335 176 2393 tem
198 2333 294 2393 obisse
324 2335 467 2412 eognardt
516 2333 579 2412 Ego
610 2334 733 2394 eundem
754 2333 901 2394 Abbatem
924 2333 1061 2396 Coloniae
1084 2333 1158 2415 vidi,

116 2425 234 2496 malque
255 2419 343 2480 homo
372 2419 457 2482 valde
485 2419 654 2497 saecularis,
682 2423 774 2498 magis
804 2439 836 2481 se
865 2421 1047 2490 aoniormans
1076 2421 1158 2482 militi

114 2524 203 2583 quam
225 2507 377 2568 monacho.
427 2505 632 2569 NOVlCIUS:
662 2509 718 2585 Qui
739 2507 786 2569 hie
809 2508 897 2568 dediti
918 2513 985 2568 sunt
1010 2510 1156 2586 ebrietati,

113 2601 184 2670 puto
215 2593 294 2670 quod
322 2597 351 2654 in
380 2593 489 2656 inierno
523 2595 600 2656 male
635 2603 780 2672 potentur.
834 2593 1071 2656 MONACHUS:
1107 2596 1155 2658 De

112 2679 169 2742 hoe
190 2681 269 2742 aliud
289 2683 343 2742 tibi
362 2683 484 2744 referam
505 2682 676 2760 exemplum.
1179 2700 1182 2715 ,

433 2872 679 2936 ,cAPHULUM
700 2871 819 2956 xm)

334 2996 385 3056 De
403 3011 501 3072 poeno
521 2995 690 3072 undaque
711 3002 739 3056 ot
755 3003 835 3072 potu
856 2999 927 3056 eius.

177 3117 212 3178 In
233 3115 368 3179 Dioeoesi
383 3115 545 3178 Coloniensi
556 3111 578 3197 ²)
600 3135 658 3177 non
678 3115 779 3194 procul
801 3134 819 3177 a
841 3116 970 3194 Colonia,
990 3117 1072 3180 miles
1086 3119 1153 3194 qui·

112 3203 180 3266 dam
202 3212 264 3266 erat
283 3206 399 3264 nomine
420 3203 610 3282 Rudingerus,
631 3207 672 3266 sie
690 3209 769 3264 totns
792 3203 904 3264 deditus
913 3201 933 3286 ⁸)
955 3205 1032 3280 vino,
1053 3211 1085 3266 ut
1107 3205 1154 3264 di-

111 3309 260 3352 versarum
289 3291 420 3352 villamm
449 3289 658 3366 dedicationes,
693 3296 806 3351 tantum
833 3297 950 3368 propter
971 3291 1048 3352 bona
1084 3293 1153 3352 vina

111 3379 312 3453 frequentaret.
354 3377 413 3439 Hie
435 3395 500 3437 eum
522 3377 680 3438 infirmatus
702 3379 855 3438 moriturus
878 3383 968 3454 esset,
996 3377 1056 3440 filia
1085 3395 1151 3440 eum

111 3467 233 3542 rogavit,
254 3471 286 3526 nt
298 3464 371 3524 inira
385 3467 501 3542 triginta
516 3463 575 3524 dies
597 3465 652 3525 sibi
673 3471 832 3540 appareret.
875 3463 939 3541 Qun
952 3464 1152 3542 respondente,

111 3551 168 3640 boe
189 3553 293 3612 isaiam
311 3554 335 3612 si
356 3557 466 3629 potero,
488 3553 652 3630 exspiravit„
686 3551 758 3612 Post
778 3556 981 3611 mortemvero
1003 3551 1078 3610 filiae
1099 3569 1151 3629 per
1223 3607 1226 3616 ,

130 3686 161 3755 1)
179 3683 287 3738 Gurbeia
310 3701 392 3748 nove,
418 3684 535 3752 Gorvsy,
560 3683 662 3738 abbatia
684 3682 780 3736 ordinis
803 3683 829 3735 S.
854 3682 997 3742 Benedicti,
1023 3683 1151 3736 Dioscesis

115 3799 117 3806 ι
180 3754 408 3818 Padarbornensir,
425 3758 494 3807 iuris
512 3752 631 3824 oppidum
649 3754 753 3808 llitxter.
772 3782 805 3794 -
823 3754 856 3823 *J
873 3751 964 3806 llomil.
979 3752 1009 3806 11.
1028 3769 1054 3820 p.
1072 3755 1097 3808 ⁵.
1117 3781 1148 3793 -

180 3825 212 3894 2)
230 3825 250 3878 B
268 3823 318 3876 add
336 3824 424 3878 villa.
444 3852 475 3866 —-
493 3826 527 3896 3)
544 3823 658 3880 nuduli
676 3824 727 3878 add
744 3831 823 3878 erut.
