2622 4322
436 247 487 308 DE
507 249 769 310 TENTATIONE.
1056 253 1115 311 199

101 371 176 431 loma
195 373 330 431 orationis
348 372 397 436 ibi
413 370 571 432 dormitans.
613 372 685 433 Mox
706 379 739 432 ut
753 371 851 432 oculos
867 371 1017 447 clauserat,
1037 373 1118 432 alluit

100 459 203 533 gloriosa
225 459 357 518 Domina
386 465 484 518 nostra
510 462 589 537 virgo
616 459 724 534 Maria,
754 466 783 519 et
817 467 897 518 vesta
921 477 988 520 enm
1014 460 1117 520 seriens

100 547 224 620 mcitarit,
245 546 362 605 dicens:
388 545 551 622 Christiane,
572 563 630 605 non
653 554 697 606 cst
710 547 756 606 hic
777 547 856 606 locus
879 545 1044 622 dormiendi,
1065 545 1117 606 sed

99 632 189 690 orandi.
229 631 337 692 Statim
349 633 399 691 ille
418 633 560 708 evigilans,
580 635 688 709 apertis
709 633 797 694 oculis
817 636 976 709 posteriora
994 633 1117 694 feminae

96 717 236 777 recedentis
257 719 348 793 vidit,
376 725 406 778 et
432 736 532 778 vocem
559 720 713 779 femineam
738 723 796 780 iam
829 719 935 779 dietum
956 736 1116 780 sermonem

96 805 298 867 concludentem
321 805 440 866 audivit.
481 805 684 866 NOVICIUS:
715 806 860 883 Quantum
882 823 917 866 ex
938 809 992 866 isto
1013 808 1116 866 iuvene

96 893 234 966 considero,
244 910 307 952 non
315 909 401 952 omne
412 892 612 952 taedinmboni
620 895 713 968 operis
720 911 755 952 ex
762 896 831 952 vitio
843 900 894 967 est,
905 892 1115 968 sedaliquando

95 995 123 1036 ex
142 981 261 1054 eorporis
283 979 459 1038 infirmitate.
501 978 735 1040 MONACHUS:
762 980 806 1038 Ex
828 983 897 1038 vitio
919 982 1001 1056 primi
1021 979 1116 1038 homi-

93 1067 128 1122 nis
153 1069 241 1125 omnis
269 1067 394 1126 tentatio
424 1073 468 1125 est
493 1073 520 1125 et
539 1066 698 1125 infirmitas.
740 1067 858 1142 Septem
879 1084 915 1125 ex
937 1066 1022 1142 culpa
1041 1065 1116 1126 illius

93 1155 270 1212 contraximus
286 1151 487 1228 poenalitates,
508 1155 631 1212 esuriem
652 1153 793 1230 videlicet,
814 1155 899 1227 sitim,
918 1153 1015 1228 frigus,
1037 1152 1116 1212 calo·

91 1255 155 1313 rem,
187 1240 405 1313 lassitudinem,
439 1239 647 1314 infirmitatem,
681 1247 810 1299 mortem.
864 1239 986 1316 Quando
1021 1246 1116 1298 motus

91 1323 179 1384 harum
208 1327 423 1402 poenalitatuni
444 1326 589 1385 ordinatus
619 1332 677 1401 est,
703 1343 827 1402 poenam
848 1326 951 1401 babet,
979 1325 1031 1386 sed
1057 1342 1116 1384 non

91 1412 206 1488 cnlpam3
236 1413 357 1489 quando
386 1429 455 1471 vero
483 1412 686 1472 immoderatus
699 1411 714 1492 ¹)
737 1419 794 1488 est,
821 1430 945 1488 poenam
972 1413 1062 1472 habet
1087 1419 1115 1472 et

91 1498 199 1574 culpam.
241 1498 452 1559 NOVICIUS:
482 1499 557 1576 Quid
587 1499 715 1576 appellas
739 1493 956 1560 lassitudinem?
982 1498 1115 1559 MONA·

91 1583 194 1645 CHUS:
222 1585 468 1660 somnolentiam,
497 1593 526 1645 et
553 1586 642 1645 alium
678 1587 833 1661 quemlibet
859 1586 1003 1662 laborem,
1039 1585 1115 1645 unde

89 1670 164 1731 homo
183 1673 332 1750 fatigatur.
378 1671 538 1732 Careamus
569 1689 652 1750 ergo,
672 1690 709 1732 ne
730 1673 786 1733 hoc
816 1673 893 1748 quod
915 1681 959 1732 est
979 1679 1115 1748 naturae,

90 1765 204 1818 verlabn
223 1763 255 1820 in
277 1761 398 1834 vitium3
422 1761 567 1834 quianon
588 1759 683 1819 solum
704 1777 739 1818 ex
761 1759 938 1820 naturalibus
958 1777 1010 1835 per
1029 1777 1114 1818 usum

89 1845 185 1926 nalum
196 1849 357 1924 gignuntur
371 1848 449 1921 vitia,
471 1847 521 1905 sed
535 1848 622 1905 etiam
640 1863 676 1904 ex
695 1848 856 1906 virtutibus.
898 1848 988 1906 Verbi
1008 1849 1114 1924 gratia:

90 1929 195 1992 lustitia
215 1933 288 1994 dum
308 1932 431 1991 modum
452 1933 578 2008 excedit,
607 1935 725 1991 vertitur
745 1936 774 2008 in
797 1932 1006 2008 crudelitatem,
1028 1935 1115 1991 nimia

89 2020 170 2092 pietas
187 2023 218 2079 in
237 2020 472 2095 dissolutionem;
494 2021 680 2080 indiscretum
700 2020 754 2080 zeli
767 2020 893 2080 studium
904 2019 1044 2078 iudicatur
1057 2021 1115 2078 ira-

91 2105 196 2183 cundia,
213 2109 307 2166 nimia
324 2107 512 2166 mansuetudo
531 2109 653 2183 segnitia
661 2103 681 2186 ²)
701 2107 802 2166 dicitur
820 2113 849 2166 et
866 2107 983 2166 accidia.
1011 2105 1115 2182 Sicque

90 2195 184 2252 sentias
197 2193 233 2253 de
248 2196 362 2254 ceteris.
403 2192 606 2254 NOVICIUS:
631 2192 706 2252 Puto
721 2194 899 2269 praedictum
912 2196 1044 2254 iuvenem
1058 2208 1116 2251 non

91 2282 159 2351 parri
171 2281 260 2340 inisse
276 2281 381 2354 meriti,
408 2297 492 2354 quem
513 2281 600 2340 beata
612 2280 702 2356 Virgo
724 2284 764 2340 sic
778 2281 954 2350 ¹familiariter
973 2281 1114 2339 excitavit

91 2362 317 2428 MONAOHUS:
346 2367 452 2442 Quanti
479 2367 564 2426 luerit
589 2369 696 2442 meriti,
725 2385 812 2444 quam
841 2366 960 2426 dilectus
986 2367 1116 2426 coelestis

90 2455 185 2524 patrtae
207 2456 340 2530 civibus,
362 2456 510 2528 sequentia
532 2452 726 2512 declarabunt
771 2454 844 2514 Cum
864 2462 980 2531 propter
1000 2456 1117 2512 nimiam

92 2541 178 2613 capitis
198 2541 396 2601 infirmitatem
405 2537 441 2619 ³),
469 2539 633 2618 generalem
654 2540 802 2601 habuisset
822 2544 852 2600 in
874 2540 1004 2617 Capitulo
1026 2540 1117 2600 licen-

91 2625 149 2684 tiam
164 2625 329 2708 manendit)
352 2626 504 2703 davigiliis
527 2625 721 2702 sollemnibus,
743 2630 873 2703 quotiens
893 2628 1039 2708 uoluisset,
1059 2629 1116 2702 rix,

92 2712 136 2769 nisi
155 2714 335 2791 compulsus,
358 2713 394 2772 de
417 2713 503 2773 choro
526 2716 622 2773 exivit.
665 2714 757 2774 Dictis
779 2732 848 2774 vero
869 2717 1015 2773 matutinis
1036 2713 1116 2772 infir-

92 2813 200 2877 nomm,
221 2805 254 2860 in
276 2803 434 2860 oratorium
455 2801 546 2874 rediit,
570 2805 600 2858 et
619 2817 730 2860 moram
750 2801 916 2877 longiorem,
938 2817 1025 2876 quam
1046 2799 1116 2859 ordo

92 2886 264 2962 concederet,
296 2888 354 2946 illic
378 2905 413 2946 ex
436 2886 641 2946 consuetudine
662 2888 737 2946 lecit.
782 2887 834 2946 Cui
856 2906 922 2947 cum
944 2888 1050 2946 diceret
1071 2886 1116 2944 dic

93 2973 203 3044 quadam
219 2975 356 3034 dominus
370 2972 512 3034 Henricus
526 2972 629 3032 Abbas
642 2981 738 3033 noster
747 2970 777 3054 ⁵),
792 2981 859 3034 tunc
874 2974 1031 3034 monachus
1046 2976 1116 3032 sim-

92 3056 161 3130 plex:
180 3062 265 3122 Bone
293 3062 382 3120 frater
410 3060 583 3134 Christiane,
612 3077 664 3120 vos
685 3061 845 3137 frequenter
871 3063 955 3120 nobis
978 3062 1117 3135 exponitis

94 3141 257 3209 debilitatem
271 3149 375 3223 eapitis
387 3150 482 3221 vestri,
505 3152 652 3206 ettamen
673 3165 731 3206 non
752 3148 838 3206 vultis
859 3150 901 3206 uti
922 3150 1013 3224 gratia
1033 3146 1117 3206 vobis

94 3231 199 3310 indulta,
228 3233 392 3312 respondit:
421 3234 486 3294 Non
514 3251 633 3308 possum
659 3251 782 3294 manere.
825 3233 911 3297 Stans
940 3236 1015 3292 enim
1038 3239 1118 3292 extra

96 3315 205 3397 chomm,
227 3328 257 3381 et
270 3322 343 3381 alios
365 3319 487 3397 psallere
509 3319 637 3395 audiens,
659 3324 727 3396 quia
747 3323 850 3380 intrare
864 3321 1009 3394 nonlicet,
1031 3318 1117 3378 corde
1220 3391 1223 3403 Ι

96 3408 197 3483 cmcior,
218 3425 253 3468 co
272 3407 352 3484 qnod
374 3402 535 3486 recorder⁶)
559 3407 794 3483 consolationum,
816 3409 919 3483 quibus
940 3408 1027 3484 Deus,
1043 3407 1117 3464 inter

96 3488 147 3551 illos
171 3494 307 3556 laetificat
336 3496 463 3554 animam
491 3511 595 3553 meam.
637 3492 745 3553 Audito
774 3494 831 3553 hoc
852 3496 956 3570 verbo,
985 3492 1117 3552 dominus

111 3679 136 3748 l]
151 3680 169 3733 ll
184 3683 404 3736 inordinatus.
431 3711 460 3721 -
481 3681 514 3750 2)
532 3680 553 3734 0
571 3681 743 3750 segnities.
759 3711 789 3720 -
809 3682 841 3748 3)
859 3681 879 3734 G
896 3680 1116 3732 debilitatem.

153 3751 485 3878 ἇέἒοίὲιοιιιιιιιιιιᾱί.
506 3781 537 3791 -
557 3752 588 3821 5)
606 3753 627 3804 O
644 3759 758 3802 noster
775 3766 867 3804 nunc.
886 3780 917 3791 -
937 3751 968 3819 6)
986 3747 1048 3802 Bou
1065 3762 1116 3797 rc·
1147 3763 1150 3773 ·
