2622 4322
156 279 233 340 'rac
484 276 713 341 nxsrmcrxo
736 275 903 356 oureus

379 457 381 460 ’
471 466 704 531 onrrnmcrr
724 465 901 550 nxvmr)

229 591 277 650 De
299 591 429 651 claustro
452 590 488 651 ob
504 591 627 652 Mbotts
651 595 814 652 mondum
835 573 1036 667 depauperata
1058 596 1087 651 et
1109 589 1146 650 ob

314 681 506 756 receptionem
528 678 658 738 dumam
678 679 822 755 fratrum,
844 679 950 737 saliret
970 678 1052 737 Date

457 770 485 825 ct
504 765 646 840 Dabitur,
667 783 791 824 rursum
813 765 916 824 binio.

233 901 336 963 Abbas
351 902 476 980 qnidam,
497 910 613 980 utputo
628 903 663 964 de
685 903 783 964 ordine
804 905 895 981 nigro,
916 905 990 963 sicru
1011 919 1047 962 ex
1068 899 1206 964 relatione

91 996 93 1000 ”
170 987 319 1052 cuiusdam
339 988 464 1051 Abbatis
485 991 590 1050 ordinis
611 993 700 1050 nostri
722 990 822 1066 didici,
850 990 999 1066 hospitalis
1021 996 1085 1050 erat
1105 988 1203 1063 valde,
1303 1051 1304 1064 ,

170 1084 200 1138 et
228 1079 303 1138 circa
330 1095 471 1154 pauperes
498 1078 620 1137 multum
646 1079 816 1137 misericors.
858 1078 896 1136 Et
924 1079 993 1152 quia
1019 1078 1050 1135 in
1072 1076 1208 1153 operibus

169 1164 378 1225 misericordiae
413 1165 526 1224 fervens
560 1165 628 1240 fuit,
654 1163 727 1223 tales
763 1164 973 1246 dispensatores
1005 1163 1105 1223 domui
1138 1177 1207 1222 suaa

170 1251 300 1310 ordinare
312 1250 428 1327 studuit,
450 1253 499 1326 qui
519 1267 578 1310 non
600 1253 660 1310 eius
681 1251 822 1311 fervorem
842 1250 1019 1327 impedirent,
1041 1249 1095 1310 sed
1116 1251 1208 1326 magis

169 1334 391 1422 incenderenttl
435 1337 549 1414 Quanto
577 1337 672 1414 plures
695 1336 822 1413 hospites
843 1339 984 1413 suscepit,
1011 1336 1209 1412 quantoplus

170 1427 295 1486 caritatis
308 1425 482 1500 pauperibus
496 1425 632 1500 exhibuit,
653 1430 733 1484 tanto
753 1424 793 1482 illi
816 1429 845 1484 et
863 1424 960 1484 domui
982 1425 1043 1483 elus
1067 1423 1209 1483 Dominus
1303 1485 1304 1490 ,

90 1533 94 1540 ’
169 1510 293 1588 amplius
305 1511 459 1589 benedixit,
486 1510 559 1571 Post
575 1513 655 1571 cuius
664 1517 794 1587 mortem,
814 1527 963 1571 successor
974 1512 1035 1570 eius
1046 1509 1209 1570 stimulatus
1303 1535 1304 1556 t

169 1601 304 1674 avaritia,
330 1600 445 1673 pictatis
473 1593 642 1659 officiahbus
670 1601 788 1673 amotis,
817 1604 846 1658 et
874 1599 915 1657 eis
943 1614 1016 1672 quos
1048 1599 1208 1660 tenaciores
1303 1599 1304 1684 j

169 1690 291 1745 noverat
311 1687 459 1760 institutis,
481 1687 534 1744 ait:
567 1685 776 1746 Praedecessor
796 1702 878 1744 meus
899 1686 984 1743 nimis
1006 1691 1072 1744 erat
1092 1683 1208 1760 dapsilis
1303 1743 1304 1746 ,

171 1778 201 1833 et
234 1771 416 1847 indiscretus,
452 1771 587 1832 officiales
616 1769 706 1852 eius²)
728 1773 812 1830 nimis
843 1771 963 1848 prodigi.
1005 1770 1055 1831 Sic
1079 1770 1209 1832 ordinare
1303 1771 1304 1780 ’

171 1858 310 1919 debemus
339 1876 479 1935 expensas
506 1861 671 1919 monasterii
697 1866 785 1934 atquc
813 1864 989 1934 temperare,
1023 1863 1057 1916 ut
1086 1859 1111 1918 si
1137 1857 1209 1916 torte

170 1963 254 2023 seges
282 1951 380 2006 nostra
407 1945 578 2022 grandinata
597 1945 695 2021 merit,
724 1952 753 2005 et
773 1952 904 2022 tempora
924 1962 1001 2005 cara
1029 1946 1208 2020 emerserint,

171 2032 331 2106 habeamus
358 2032 434 2104 upde
461 2033 635 2109 pauperibus
663 2033 876 2092 subveniamus.
917 2030 1094 2091 Huiusmodi
1114 2031 1209 2092 verbis

171 2121 321 2180 arandam
348 2135 431 2178 suam
458 2120 594 2195 pallians,
622 2119 845 2195 hospitalitatem
876 2135 993 2195 prorsus
1015 2118 1152 2193 exclusit,
1179 2121 1208 2177 et

172 2213 310 2267 consueta
336 2205 477 2266 beneficia
503 2204 678 2282 pauperibus
700 2206 848 2290 subtraxit
899 2205 1023 2265 Caritate
1044 2206 1207 2277 subtracta,

169 2293 309 2370 proficere
336 2306 394 2352 non·
421 2295 515 2368 potuit
541 2295 706 2353 monasterii
732 2294 907 2367 substantia,
935 2293 993 2352 imo
1015 2293 1045 2350 in
1067 2292 1150 2352 brevi
1169 2288 1207 2350 ad

171 2386 281 2440 mutam
304 2376 440 2458 devenit)
466 2385 673 2456 paupertatem,
694 2381 797 2439 utrix
818 2379 957 2439 haberent
976 2378 1078 2439 hanes
1101 2371 1206 2456 quod⁴)

171 2467 389 2526 manducarent.
427 2464 483 2526 Die
513 2466 638 2542 quadam
665 2468 710 2526 vir
735 2464 853 2542 quidam
880 2464 1063 2526 venerandae
1096 2464 1207 2525 canitiei

60 2607 65 2624 ,
171 2556 250 2614 venit
278 2553 316 2612 ad
336 2555 508 2629 portarium,
537 2555 678 2629 quaesivit
698 2553 861 2630 hospitium.
905 2551 1000 2628 Quem
1021 2551 1070 2612 ille
1092 2551 1207 2628 quidem
1303 2569 1304 2572 ¹

78 2683 82 2691 .
172 2639 302 2702 clanculo
329 2645 358 2700 et
387 2657 452 2699 cum
480 2643 581 2700 timore
610 2639 739 2717 collegit,
768 2646 856 2716 atque
877 2638 1080 2715 hospitalitatis
1113 2637 1208 2698 officia

134 2731 142 2746 '
173 2744 225 2805 pro
248 2745 334 2804 posse
357 2732 385 2787 et
407 2733 534 2804 tempore
555 2726 596 2786 illi
617 2725 762 2802 exhibens,
786 2727 904 2787 adiecit:
925 2726 991 2786 Non
1012 2731 1041 2785 te
1063 2723 1207 2786 scandali·
1303 2779 1304 2788 ,

172 2831 238 2874 aare
260 2815 361 2890 debet,
381 2814 458 2874 bone
479 2817 536 2890 vir,
558 2813 636 2890 quod
659 2820 720 2873 tam
740 2813 917 2891 negligenter
937 2818 966 2872 te
986 2829 1119 2896 procuro,
1140 2812 1207 2887 qtda
1303 2825 1304 2828 ’

171 2903 328 2982 necessitas
341 2903 371 2961 in
386 2917 474 2961 eausa
493 2908 544 2961 est.
586 2899 752 2976 Ahquaudo
774 2900 833 2960 vidi
854 2900 942 2961 talem
951 2896 971 2980 ⁵)
994 2905 1102 2960 statum
1122 2899 1206 2958 huius

171 2989 350 3062 monasterii,
376 2993 409 3047 ut
429 2990 455 3046 si
475 2990 601 3048 venisset
620 2986 796 3063 Episcopus,
826 3004 892 3047 cum
912 3003 1018 3064 inagna
1039 2988 1158 3046 caritate
1178 2988 1207 3043 et

171 3075 349 3136 abundantia
383 3075 482 3134 fixisset
513 3080 672 3149 susceptus.
728 3074 888 3150 Respondit
921 3074 982 3133 ille:
1010 3073 1078 3133 Duo
1107 3072 1207 3131 batres

173 3161 284 3238 expulsi
304 3166 372 3221 suut
393 3161 429 3221 de
454 3162 626 3220 monasterio
647 3162 717 3237 ist03
750 3163 805 3220 nisi
823 3161 864 3219 illi
886 3159 943 3220 duo
964 3160 1067 3220 luerint
1088 3158 1207 3231 reversi,

171 3267 319 3326 uunquam
340 3249 433 3308 bonus
459 3251 511 3307 erit
532 3254 624 3307 status
646 3250 715 3307 eius.
758 3245 840 3308 Unus
861 3264 961 3308 eorum
981 3253 1102 3307 vocatur
1121 3245 1207 3317 Dato,

171 3336 243 3397 alter
268 3352 337 3398 vcro
363 3332 526 3414 Dabitur‘).
568 3335 674 3411 Sisque
703 3335 740 3402 ab
770 3334 860 3394 oculis
882 3336 943 3394 cius
963 3335 1089 3395 recessit.
1130 3332 1206 3392 Puto

188 3506 222 3576 r)
239 3505 328 3560 uemrr.
345 3504 386 3557 nr.
404 3521 429 3572 p.
447 3504 489 3557 41.
508 3481 540 3544 '-
565 3505 595 3575 ι)
613 3505 657 3559 ss
680 3503 898 3557 rarescerent.
919 3533 950 3544 -
976 3501 1047 3570 aps
1073 3510 1106 3553 ee
1131 3497 1206 3581 erra

241 3575 346 3628 ciales
364 3575 450 3638 eius,
468 3575 486 3628 P
504 3575 575 3628 eius
602 3574 779 3628 ollieirles.
798 3603 830 3614 -
849 3574 881 3642 3)
899 3572 920 3626 Β
937 3572 1107 3640 pervenit,
1128 3576 1205 3622 ceteri

240 3645 298 3698 libri
319 3644 533 3699 devenerunt.
552 3676 583 3688 -
602 3646 635 3715 4)
653 3645 671 3697 Ρ
689 3643 772 3713 quod
798 3644 925 3696 iratres.
943 3671 977 3682 -
1001 3643 1034 3709 5)
1050 3639 1093 3694 BG
1109 3638 1205 3691 talem

240 3714 316 3767 vidi.
336 3744 366 3755 -
387 3715 419 3783 6)
437 3715 457 3767 Β
474 3715 560 3768 alter
576 3716 730 3780 Dabitur,
747 3715 766 3767 Ρ
784 3723 815 3767 et
832 3713 972 3766 Dabitur
989 3710 1081 3764 vobis
1105 3708 1205 3769 alter,

241 3785 312 3905 Alet
330 3783 468 3837 Dabitur
484 3785 580 3840 vohis
601 3794 740 3842 vocatur
757 3785 855 3851 alter,
873 3782 894 3835 l)
912 3790 945 3836 et
961 3782 1099 3836 Dabitur
1115 3777 1205 3834 vobis
1303 3791 1304 3818 ;

241 3869 256 3907 a
277 3863 327 3908 ter
344 3863 488 3909 vocatur.
