2594 4302
159 284 221 342 202
504 279 733 343 DISTINC'IIO
753 278 865 342 NONA

154 401 332 480 corporalem
355 405 449 480 eoepit
468 404 604 486 fastidire.
647 402 734 480 Quod
756 404 807 463 ubi
829 403 932 478 sensit,
958 417 994 461 cx
1014 400 1198 479 permissione

154 493 200 550 sui
226 490 382 551 sacerdotis
411 491 529 568 singulis
561 491 663 551 diebus
684 489 844 550 Dominicis
874 491 1104 550 communicavit
1147 487 1199 546 Cui

155 578 237 638 cibus
262 577 311 638 ille
338 577 442 637 vitalis·
459 585 569 638 tantam
598 577 718 639 contulit
743 577 951 652 tortitudinem,
979 583 1012 635 ut
1033 579 1095 636 sinc
1123 575 1201 634 omni

156 667 248 725 esurie
271 664 409 743 corporali
423 667 582 740 proximam
599 669 778 741 exspectaret
792 664 984 724 Dominieam.
1025 662 1092 724 Hoc
1109 659 1201 720 multo

156 759 285 829 tempore
317 754 453 826 actitans,
485 755 607 829 gratiam
635 753 689 812 sibi
717 751 853 810 collatam
881 750 1034 827 praedicte
1058 748 1201 810 sacerdoti
1226 760 1231 771 f

157 839 288 900 confessa
309 847 360 898 est.
381 838 433 898 Ille
454 856 523 899 vero
546 855 612 898 cum
640 837 784 914 Episcopo
802 837 859 898 loci
879 855 940 897 ram
961 845 1021 897 tam
1042 835 1202 896 mirabilem

158 929 320 1001 recitasset,
347 929 450 986 timens
471 926 633 1002 Episcopus
659 924 769 1001 aliquid
796 924 927 986 fallaciae
955 941 1019 985 csse
1040 927 1070 983 in
1096 939 1199 998 causa,

158 1015 234 1072 sicut
261 1015 305 1072 vir
332 1015 447 1088 sapiens
467 1012 627 1089 respondit:
662 1012 734 1072 Cum
756 1012 850 1072 denuo
874 1014 983 1072 venerit
1004 1010 1042 1071 ad
1063 1018 1108 1086 te,
1135 1009 1202 1070 loco

158 1099 303 1159 Dominici
331 1103 458 1175 eorporis
485 1099 609 1160 hostiam
637 1101 663 1159 ci
690 1102 820 1177 porrigas
846 1116 904 1159 non
926 1099 1122 1173 benedictam,
1149 1114 1203 1172 per

160 1204 248 1262 quam
270 1188 351 1246 eitius
373 1189 413 1246 rei
434 1186 519 1246 huius
537 1187 688 1263 experieris
701 1189 861 1245 veritatem.
893 1184 979 1262 Quod
1002 1204 1068 1246 cum
1088 1185 1204 1245 iecisset

78 1337 82 1346 ,
159 1273 308 1347 sacerdos,
328 1274 434 1332 semina
453 1280 592 1333 tentatam
614 1291 645 1333 sc
666 1275 808 1350 ignorans,
829 1290 898 1332 mox
920 1281 952 1332 ut
973 1272 1091 1333 domum
1110 1270 1205 1347 rediit,

164 1367 224 1419 tam
252 1360 440 1419 vehementer
470 1363 576 1420 esurire
611 1363 721 1436 coepit,
755 1367 787 1418 ut
818 1362 985 1419 morituram
1013 1377 1044 1419 sc
1074 1358 1205 1419 crederet

161 1449 185 1506 si
212 1463 272 1506 non
301 1449 380 1508 ocius
391 1444 408 1524 ¹)
438 1446 633 1506 manducaret.
677 1446 801 1506 Curram
828 1453 924 1520 tamen
945 1449 1022 1523 prius
1045 1446 1083 1506 ad
1103 1462 1205 1505 sacer·

161 1533 267 1608 dotem,
290 1540 319 1593 et
332 1533 453 1593 candem
467 1535 572 1593 samem
589 1536 715 1610 pcccatis
737 1536 796 1592 suis
810 1535 964 1609 imputans,
984 1533 1106 1609 pedibus
1127 1532 1206 1592 illius

161 1637 192 1680 sc
220 1623 389 1696 prostravit,
418 1627 447 1680 et
474 1625 595 1698 gratiam
624 1621 759 1680 divinitus
788 1620 922 1680 collatam
950 1622 1005 1681 sibi
1025 1621 1206 1680 subtractam

159 1707 372 1766 lacrimabiliter
392 1709 534 1783 exposuit.
576 1707 663 1783 Quod
690 1708 741 1766 nbi
761 1707 810 1766 ille
830 1707 955 1782 audivit,
976 1710 1092 1783 gavisus
1117 1705 1206 1766 valde

161 1796 268 1871 gratias
297 1797 355 1871 egit
375 1795 457 1869 Deo,
486 1796 534 1870 qui
561 1795 629 1854 facit
649 1794 789 1854 mirabilia
810 1811 917 1871 magna
936 1793 1023 1853 solus.
1064 1793 1104 1852 Et
1125 1793 1207 1853 dedii

162 1883 188 1941 ei
220 1899 320 1942 vcmm
343 1881 448 1940 Christi
476 1897 587 1957 corpus.
631 1881 719 1941 Cuius
746 1883 851 1940 virtute
879 1897 947 1940 mox
975 1881 1066 1942 omnis
1095 1883 1208 1940 esuries

163 1970 257 2043 cessit,
271 1974 300 2028 ct
312 1970 404 2044 gratia
419 1969 565 2028 subtracta
576 1969 705 2028 accessit
725 1968 886 2045 Episcopus
896 1985 965 2027 vcro
976 1964 1073 2046 baed)
1083 1967 1207 2028 audiens

163 2072 182 2114 a
210 2055 372 2130 sacerdote,
401 2061 430 2114 et
456 2057 520 2131 ipsc
546 2055 643 2114 Deum
671 2055 849 2131 glorifieavit.
898 2052 1100 2114 NOVIOIUS:
1129 2055 1207 2115 Rem

162 2143 265 2201 recitas
286 2141 371 2202 valde
384 2141 593 2201 miraculosam.
627 2140 863 2202 MONACHUS:
885 2141 917 2202 Si
937 2140 1037 2201 Helias
1058 2141 1209 2218 Propheta

163 2230 193 2287 in
220 2228 384 2288 fortitudine
410 2231 492 2304 panis
520 2228 673 2288 hordeacei
702 2229 861 2288 ambulavit
889 2229 1076 2305 quadraginta
1103 2228 1210 2289 diebus

164 2322 193 2376 et
215 2315 404 2391 quadraginta
424 2316 557 2385 noctibus
577 2333 669 2391 usquc
690 2314 729 2374 ad
750 2322 877 2375 montem
898 2309 956 2375 Del
977 2314 1054 2376 Orcb
1066 2313 1104 2396 ³),
1137 2315 1210 2393 quid

164 2403 274 2462 miraris
288 2405 311 2462 si
324 2404 431 2462 lamina
441 2402 513 2461 haec
525 2402 675 2462 incolumis
688 2405 781 2477 potuit
796 2405 894 2462 vivere
908 2408 993 2479 pasta
1013 2421 1089 2480 panc
1106 2402 1210 2463 vitae?

164 2489 315 2565 Multiplex
340 2505 375 2548 ex
403 2489 450 2548 illo
484 2489 619 2549 tortitudo
642 2496 700 2564 cst,
728 2506 786 2549 non
814 2490 908 2550 solum
937 2493 1068 2566 animae,
1098 2490 1152 2550 sed
1181 2497 1211 2550 et

165 2579 300 2653 corporis.
343 2575 431 2636 Aliud
445 2577 536 2636 habes
550 2594 637 2652 supra
650 2577 812 2652 exemplum
826 2577 862 2637 dc
883 2579 992 2654 virgine
1014 2577 1050 2638 de
1072 2574 1212 2657 Quam),

166 2680 240 2739 quae
257 2670 371 2739 praeter
386 2663 492 2722 Christi
513 2681 617 2739 corpus
638 2663 708 2722 nihil
751 2664 882 2739 eomedit,
904 2670 1026 2741 excepta
1046 2681 1105 2724 uva
1120 2682 1211 2740 quam

165 2750 297 2828 sugebat.
340 2750 576 2810 indistinctione
605 2753 726 2826 septima
755 2751 887 2826 capitulo*
909 2753 1046 2812 vicesimo
1075 2751 1132 2813 hoe
1160 2767 1211 2811 re-

165 2839 267 2915 peries.
309 2835 388 2897 Audi
400 2834 420 2918 ⁵)
442 2854 517 2898 nunc
538 2854 599 2898 rem
620 2841 689 2897 satis
701 2831 723 2918 ⁶)
744 2837 907 2916 gloriosam.

489 3027 722 3090 CAPITULUM
741 3027 883 3092 XLVIII.

162 3190 166 3196 ·
238 3152 286 3211 Da
306 3153 398 3210 milite
418 3153 471 3226 qui
490 3154 601 3212 virtute
618 3135 729 3210 ¹sacrae
750 3155 964 3213 communionis
984 3156 1017 3214 in
1038 3151 1137 3215 duodo

587 3239 787 3314 ieiuurpbooe‘t

207 3359 379 3421 Lodewicus
401 3358 504 3420 Comes
525 3356 688 3440 Iasensis')
709 3365 792 3436 pater
812 3359 897 3421 huius
919 3363 968 3437 qui
988 3361 1085 3424 adhue
1105 3379 1214 3439 super-

166 3456 218 3524 est,
250 3449 335 3508 ctiam
358 3446 517 3506 comedam
525 3444 547 3527 ³)
569 3447 686 3506 tenebat
715 3446 750 3507 dc
771 3444 969 3526 Renhccke⁹).
1013 3449 1066 3510 Cui
1092 3458 1214 3527 propter

184 3581 255 3652 1)ss
274 3583 381 3703 cierge.
397 3582 473 3701 '21²³
490 3580 535 3702 nin
553 3579 715 3705 ιιοοὲ-Βὲ)
727 3579 848 3701 aanor,
867 3567 1212 3703 19÷c.-ds)ilouma.

232 3651 343 3773 s-nr-inithr
359 3666 508 3772 thswhhs
523 3651 681 3772 'hnc-carhet
704 3666 877 3786 therIsis]
900 3652 1139 3776 tgsthmhelhhllhmh'rl
1157 3671 1213 3777 hh·

233 3790 340 3911 Engclb.
364 3805 390 3857 p.
415 3791 455 3843 56.
476 3819 507 3831 -
533 3789 565 3858 8)
583 3787 622 3842 Cl'
646 3787 824 3846 Comitium.
842 3817 875 3830 -
901 3790 972 3862 9)ss
1001 3791 1210 3860 ilentheclsa,

233 3859 254 3913 C
299 3858 449 3912 albecke.
