2538 4314
402 297 463 356 uu
485 295 760 378 consumente.
948 253 954 266 ’
1043 301 1099 362 101

77 417 235 478 considerans
256 418 432 495 perieulum
456 421 515 480 uus
528 421 557 480 in
570 420 716 482 reddenda
725 416 868 500 ratione.¹)
901 419 1106 482 NOVICIUS:

74 501 104 560 tit
130 507 230 564 merito.
277 505 446 582 Quomodo
475 524 541 584 ergo
570 525 644 568 uuus
673 508 759 568 homo
792 514 836 568 tot
868 510 980 568 animas
1008 526 1107 586 regere

72 597 151 664 posset
179 595 240 652 sine
274 592 442 669 periculo?
485 592 720 656 MONAOHUS:
753 595 836 656 Visio
866 595 1009 670 quaedam
1037 597 1107 657 satis

73 677 182 737 terribilis
202 683 371 740 memoriae
395 683 534 756 occurrit,
566 699 641 758 quae
663 690 692 743 et
712 682 883 758 supradietis
904 681 1058 759 respondet
1079 690 1108 743 et

71 767 154 826 noenia
173 768 363 845 temporibus
387 767 504 828 videtur
525 784 588 828 esse
609 768 736 845 impleta.
761 767 850 829 Cuius
871 774 954 830 tenor
975 768 1040 830 talis
1055 776 1106 830 est.

405 955 638 1019 CAPITULUM
658 958 765 1019 XXX.

74 1094 137 1154 Vitio
157 1096 323 1156 cuiusdam
347 1097 384 1155 de
407 1056 561 1155 schismate
574 1097 706 1157 Romans
726 1098 856 1174 Iemerii,
880 1097 916 1156 de
937 1097 1107 1156 calamitate

137 1183 288 1243 Dioeeesis
314 1182 674 1330 Coloniecnss‘ohijmt²
691 1191 816 1259 saneta,
839 1191 867 1244 et
888 1183 1021 1244 adventu

118 1407 217 1468 Frater
227 1408 337 1468 Simon
345 1404 379 1488 ²),
402 1424 469 1466 eum
490 1413 567 1467 esset
587 1409 615 1466 in
638 1410 765 1468 oratione
787 1413 855 1468 ente
877 1408 968 1470 altare
989 1415 1107 1468 sanctae

66 1491 111 1552 Dei
129 1497 275 1572 genitricis
299 1495 431 1569 Mariae,
465 1493 575 1553 audivit
605 1512 709 1555 vocem
742 1495 883 1554 dicentem
904 1497 973 1555 sibi:
1017 1495 1106 1556 Mons

66 1585 194 1654 pastorem
216 1588 309 1642 tuum
331 1583 519 1658 superiorem,
542 1587 571 1640 et
592 1581 693 1642 dicei:
718 1580 796 1642 Oves
816 1588 885 1642 tuae
905 1581 1026 1642 fundent
1037 1600 1120 1642 sau··

66 1669 174 1742 guinem.
217 1669 260 1728 Et
283 1670 426 1744 praecipe
448 1670 488 1742 ei,
520 1685 557 1727 ne
579 1675 670 1729 semet
691 1675 721 1728 et
743 1687 792 1728 eas
813 1668 965 1730 interficiat
984 1686 1108 1729 veneno.

66 1753 129 1813 Nam
149 1763 178 1815 et
197 1757 267 1832 ipse
276 1753 300 1836 ³)
323 1757 425 1831 posuit
446 1772 494 1814 eor
516 1773 600 1814 suum
620 1758 650 1814 in
671 1762 787 1816 ventres
807 1753 942 1832 luporum
951 1755 1106 1816 letehiau-

66 1841 132 1899 tium.
173 1841 319 1902 Membra
352 1859 420 1902 mea
447 1844 583 1917 incipient
611 1845 785 1902 commoveri
813 1861 832 1902 a
861 1842 970 1902 crudeli
997 1843 1106 1917 bestia,

67 1943 128 2001 quae
146 1927 238 1990 homo
261 1929 348 1989 faeta
369 1934 421 1988 est.
463 1928 533 2020 Exi,
567 1934 596 1988 et
624 1929 717 1989 emma
745 1929 873 2006 undique
893 1946 1029 2006 magnam
1050 1928 1108 1988 Dei

67 2017 259 2092 omnipotentis
284 2016 448 2090 offensam,
476 2021 506 2074 et
535 2015 595 2074 die:
638 2015 701 2075 Nisi
730 2018 934 2076 convertamini
956 2022 985 2075 et
1006 2033 1106 2074 emen-

67 2099 171 2179 demini,
205 2103 386 2164 occidemini
408 2104 486 2161 etin
506 2104 603 2179 iguem
624 2109 772 2162 aeteruum
794 2104 952 2162 mittemini.
994 2103 1105 2162 Inimici

67 2191 112 2247 uei
129 2191 328 2250 vindicabunt
350 2191 465 2248 irriurias
486 2207 575 2248 meas.
617 2189 690 2249 Post
710 2189 783 2253 haee
812 2195 1008 2266 apparuerunt
1036 2205 1106 2249 oves

68 2272 208 2357 pinque)
230 2277 509 2354 pinguissimae‚.ae
533 2275 634 2336 deinde
656 2277 748 2336 boves
762 2283 820 2336 tres
833 2277 1011 2336 macilentae.
1047 2275 1106 2336 Pro

68 2365 157 2435 quius
180 2365 254 2423 dum
267 2361 290 2446 ⁵)
315 2368 465 2439 quaereret
486 2362 556 2438 quid
577 2363 784 2440 significarent,
814 2381 983 2439 responsum
1014 2357 1107 2444 est⁶):

68 2447 189 2526 Quinque
212 2467 289 2511 oves
312 2452 381 2509 anni
401 2455 467 2510 suni
489 2452 616 2526 quinque
637 2467 760 2527 magnae
775 2450 983 2526 abundantiam
1007 2458 1036 2510 et
1050 2451 1107 2510 bo·

69 2553 111 2594 ves
129 2544 189 2597 tres
211 2539 285 2597 anui
306 2537 391 2596 famis
412 2537 534 2596 validae.
575 2535 615 2596 Et
636 2539 754 2596 iterums
780 2537 860 2596 Falsi
881 2538 1005 2597 Romani
1026 2539 1108 2597 exci-

69 2623 160 2682 tabunt
182 2624 319 2685 crudeles
341 2640 484 2698 rumores,
515 2630 545 2682 et
564 2626 662 2700 iniquo
685 2623 802 2683 consilio
825 2640 879 2684 suo
902 2624 1030 2684 divident
1049 2641 1106 2700 po-

68 2713 192 2770 testatem
213 2711 390 2770 Romanam.
432 2710 471 2768 Et
492 2713 610 2770 iterum:
642 2709 807 2770 Jerusalem
834 2714 962 2787 capietur
991 2716 1020 2770 et
1052 2710 1105 2770 de-

71 2794 226 2878 musam),
250 2804 280 2858 et
301 2798 408 2870 inimici
428 2799 486 2856 mei
507 2798 694 2857 vindicabunt
714 2801 786 2856 iram
807 2803 916 2872 meam,
945 2799 1012 2874 quia
1040 2797 1107 2873 pol-

71 2879 173 2943 luerunt
202 2887 267 2944 vias
303 2901 400 2959 meas,
431 2886 462 2942 in
495 2885 600 2960 quibus
633 2901 686 2961 ego
715 2887 777 2961 ipse
812 2884 966 2944 ambulavi.
1015 2883 1107 2944 Fame

72 2972 186 3030 mamma
208 2972 407 3031 arctabuntur.
451 2970 531 3030 Coeli
553 2978 582 3032 et
602 2977 678 3031 terra
698 2968 860 3052 tremene),
881 2970 933 3030 sed
947 2970 1034 3030 homo
1048 2988 1107 3032 non
1174 2969 1175 2976 ’

73 3055 126 3115 vult
155 3065 280 3119 tremere
317 3075 336 3118 a
367 3056 475 3118 erudeli
508 3059 612 3118 bestie.
661 3057 839 3118 Posteacsol
868 3063 1050 3118 convertetur
1077 3061 1107 3116 in

90 3240 117 3309 1)
132 3241 173 3294 hic
190 3260 297 3312 prorsus
309 3243 404 3295 oblitus
414 3253 454 3296 est
462 3244 602 3312 Episcopus
612 3244 775 3296 Lombardiae
786 3244 923 3296 chartulam
938 3259 1008 3295 suurn
1021 3252 1109 3295 osten-

133 3311 204 3378 dere,
221 3313 290 3382 quod
307 3322 392 3366 tamen
410 3314 470 3365 fecit
487 3314 513 3366 in
530 3313 658 3366 Homiliis:
682 3332 714 3366 ex
732 3330 782 3383 quo
801 3314 865 3367 libro
883 3313 951 3382 quod
968 3311 1000 3364 ad
1018 3329 1109 3366 narru-

133 3383 261 3435 tduneulae
279 3384 448 3452 integritatem
471 3382 644 3448 desideratur,
670 3384 721 3436 huc
743 3384 921 3436 transcribant:
951 3382 1109 3451 „Episcopus

136 3452 273 3518 periculum
291 3451 357 3505 illius
375 3453 544 3516 considerans,
562 3463 589 3505 et
606 3469 794 3520 expavescens,
812 3451 959 3520 respondit:
975 3453 1031 3520 Ego
1048 3453 1109 3506 novi

135 3523 236 3574 nomina
247 3523 359 3574 omnium
376 3525 461 3574 ovium
479 3522 539 3574 mihi
549 3526 751 3576 commissarum:
769 3539 834 3592 quae
845 3523 938 3589 scripta
948 3524 1109 3574 eontinentur

137 3590 226 3644 initae
243 3591 369 3654 chartula3
387 3601 523 3644 extractam
541 3593 577 3644 itti
595 3593 756 3645 ostendens.“
768 3593 844 3661 -2)
861 3592 881 3644 B
900 3591 1015 3644 Frater
1038 3593 1109 3660 qui·

137 3658 212 3712 dam.
232 3689 265 3700 ·-
284 3660 316 3780 δὲ
332 3663 404 3727 ipse
423 3661 470 3712 add
488 3660 538 3714 ΒΟ.
558 3690 588 3701 -
609 3663 640 3730 d)
658 3663 678 3716 G
695 3664 726 3716 ei
744 3661 893 3731 quinquo
916 3675 1003 3712 oves.
1023 3690 1054 3700 -
1074 3660 1107 3728 5)

138 3727 212 3781 Itos
239 3730 294 3851 gui
322 3746 356 3780 us
382 3730 621 3795 cum3mexABD
640 3747 840 3801 quaererem.
861 3759 890 3771 ·-
912 3729 944 3798 6)
962 3727 983 3780 0
1001 3739 1050 3782 est
1068 3731 1106 3781 ei.

141 3827 170 3838 -
188 3801 221 3867 7)
278 3797 514 3854 destructuros
532 3803 693 3869 capietur.
712 3833 744 3842 -
763 3801 796 3870 8]
815 3801 1007 3864 (serenant,
1025 3797 1106 3852 Ai’et
1161 3837 1164 3842 .

140 3882 170 3934 pr
185 3867 207 3920 tt
226 3868 416 3921 tremebunt.
866 3894 869 3906 .
