2628 4310
193 257 261 318 318'
464 246 692 320 Dlsumcuro'
719 255 960 320 DUODECIMA

194 382 239 439 vir
260 377 376 455 quidam
387 379 538 457 religiosus
560 383 773 457 superveniens,
798 387 827 440 et
848 380 985 458 cytharae
1005 377 1081 438 illius
1103 375 1220 438 dulcedi·
1282 421 1283 458 3

194 482 261 526 nem
274 482 342 525 aure
350 469 519 542 percipiens,
539 470 593 526 alt:
615 468 682 527 Vox
695 469 751 526 ista
764 467 888 526 hominis
899 483 958 526 nou
973 471 1025 541 cat,
1047 464 1100 524 sed
1119 463 1222 524 diaboli.
1282 471 1283 532 l

196 551 313 612 Cunctis
334 569 402 612 vero
425 553 630 613 admirantibus
652 553 822 614 daemonem
843 553 994 627 adiuravit,
1016 558 1046 612 et
1067 553 1161 626 exivit,
1179 567 1223 610 ca·

195 638 301 698 davene
322 656 389 699 mox
403 645 551 699 corruente
566 657 600 700 ac
613 641 745 700 foetente.
777 641 814 698 Et
827 639 1026 700 intelleremnt
1044 655 1144 698 omues
1156 637 1223 696 idem

197 742 301 801 corpus
322 743 342 785 a
363 725 502 785 daemone
524 726 572 784 diu
593 727 681 786 luisse
703 725 889 786 ludificatum.
931 723 1137 785 NOVIOIUS:
1167 724 1225 784 lion

197 811 298 871 dubito
319 815 388 888 quin
410 811 564 872 daemones
586 812 671 872 valde
692 815 722 871 in
743 814 852 872 inferno
865 810 882 893 ¹)
903 812 1016 871 illorum
1038 813 1149 870 animas
1172 817 1225 868 tor·

111 965 114 968 ,
196 905 317 975 queant,
339 915 461 974 quorum
483 915 601 976 corpora
625 902 658 957 in
676 902 819 975 praesenti
840 901 881 959 sic
899 899 1059 966 ludificant.
1101 895 1226 956 MONA·
1283 945 1284 982 ,

198 983 313 1045 CHUS:
334 985 444 1045 Verum
467 985 546 1045 dicis.
576 986 660 1046 Nunc
681 993 860 1046 revertamur
880 984 919 1044 ad
941 991 1084 1046 tormenta
1096 990 1227 1062 tyranno-
1283 985 1284 1004 ¹

197 1089 269 1144 rum,
292 1074 359 1148 quia
381 1072 454 1132 baec
474 1089 526 1148 per
548 1075 728 1132 occasionem
752 1072 828 1132 dicta
849 1077 924 1131 sunt.

572 1261 807 1324 CAPITULUM
827 1262 866 1321 V.

369 1384 417 1444 Dc
433 1385 708 1459 poena-litibelmi
731 1382 851 1443 Comitia
872 1383 1060 1444 Jtdiocensis.

263 1495 297 1564 In
323 1503 392 1564 villa
412 1504 574 1564 Enthcnich
603 1507 730 1580 quaein
758 1506 897 1564 territorio
919 1505 1066 1564 Bonnensi
1094 1506 1153 1566 sita
1180 1511 1230 1576 est,

200 1591 281 1652 miles
303 1591 417 1668 quidam
440 1591 542 1650 nobilis
559 1590 705 1652 Walterus
726 1593 841 1650 nomine
856 1590 990 1650 habitans
1012 1597 1082 1665 crat,
1101 1597 1164 1650 tam
1184 1589 1230 1649 do·

199 1680 259 1738 mui
286 1685 401 1737 nostrae
430 1695 517 1754 quam
547 1677 637 1738 ordini
662 1680 732 1737 satis
754 1673 952 1753 obsequiosus.
994 1677 1051 1738 Hic
1074 1695 1143 1738 cum
1163 1683 1231 1738 tem-

198 1782 268 1842 pore
291 1764 417 1856 qupdam
437 1766 561 1842 graviter
581 1765 769 1824 infirmaretur
790 1763 926 1840 solusque
955 1766 1075 1839 iaceret,
1107 1763 1231 1825 diabolus
1286 1800 1287 1864 i

198 1851 238 1910 illi
260 1851 297 1911 ad
318 1851 407 1928 pedes
429 1852 526 1911 lectuli
534 1849 555 1932 ²)
583 1852 731 1911 visibiliter
752 1854 893 1927 apparuit.
934 1851 1005 1910 Erat
1025 1856 1140 1927 autem,
1167 1853 1232 1911 sicut
1286 1881 1287 1888 κ

198 1940 261 2014 ipse
281 1939 365 1996 uobis
385 1937 489 2012 retudit,
509 1939 597 1997 iacies
618 1941 680 1998 eius
701 1937 739 1999 ad
759 1941 849 1997 instar
865 1955 982 2014 symaaa
1004 1937 1152 2015 disposita,
1174 1955 1232 1998 cor-

199 2043 258 2084 nua
279 2025 389 2083 habens
414 2027 538 2100 caprina.
581 2024 616 2083 In
639 2027 719 2083 cuius
742 2029 861 2100 aspectu
884 2027 1094 2100 cumprimum
1117 2031 1232 2085 terrere-

200 2118 255 2186 tur,
275 2116 376 2186 postea
396 2111 570 2170 confortatus
592 2112 643 2170 ait:
668 2110 738 2186 Quis
760 2109 807 2171 vol
829 2110 898 2186 quid
920 2127 960 2186 cs,
981 2111 1057 2171 unde
1077 2115 1172 2187 veuis,
1191 2110 1233 2170 vel

200 2197 270 2273 quid
292 2196 427 2272 quaeris?
469 2196 629 2274 Respondit
650 2203 822 2256 monstrum:
843 2197 984 2257 Diabolus
1006 2215 1084 2273 sum,
1113 2201 1232 2258 animam

198 2292 280 2344 tuam
300 2279 400 2344 tollere
421 2285 495 2360 veni.
538 2283 661 2344 Dicente
682 2284 779 2358 milite,
800 2285 902 2344 recede
918 2284 1052 2359 leccator,
1074 2291 1152 2345 certe
1174 2287 1232 2344 aui·
1287 2335 1288 2346 ,

199 2389 277 2430 mam
298 2388 392 2430 meam
414 2387 472 2429 non
493 2370 585 2446 tolles,
607 2370 719 2429 Christo
741 2388 787 2430 me
802 2370 986 2446 commendo,
1008 2371 1055 2430 ille
1072 2373 1227 2431 subiunxit:

198 2457 336 2532 Waltere,
357 2459 381 2516 si
402 2457 471 2515 milri
492 2459 682 2532 consenseris,
694 2455 944 2536 .hominiumque³)
966 2457 1079 2531 iecoris,
1108 2475 1168 2517 nou
1188 2474 1233 2516 so·

198 2543 259 2602 lum
279 2543 516 2603 incolumitatitc
538 2546 693 2618 restituam,
716 2546 785 2619 quin
807 2545 892 2603 ctiam
914 2561 1000 2620 super
1020 2561 1136 2604 omnem
1159 2550 1232 2603 tuam

199 2633 365 2707 progeniem
386 2640 414 2691 te
437 2631 544 2689 ditabo.
587 2629 747 2706 Respondit
769 2631 864 2689 miles:
893 2630 969 2690 Satis
990 2631 1102 2706 habeo,
1135 2631 1172 2691 de
1193 2629 1232 2688 di·

199 2719 275 2776 vitiis
304 2719 360 2776 tuis
388 2717 538 2776 fallacibus
567 2733 624 2776 uon
647 2734 724 2776 curo.
767 2715 851 2778 Unde
880 2713 978 2796 ergoi)
1010 2717 1064 2776 tibi
1091 2715 1232 2780 thesaurii

198 2803 277 2864 Inita
297 2807 450 2879 terminos,
478 2805 585 2878 inquit,
606 2805 701 2863 curiae
723 2809 790 2864 tuae
811 2802 911 2862 infiniti
932 2803 1121 2863 occultantur.
1165 2803 1232 2863 Cum

201 2907 258 2966 quo
282 2908 347 2950 cum
369 2889 452 2949 miles
473 2892 530 2949 iam
551 2889 632 2964 loqui
653 2889 850 2963 delectaretur,
871 2892 925 2950 ait:
954 2889 1010 2949 Dic
1031 2889 1101 2949 milti
1122 2891 1173 2950 ubi
1194 2895 1232 2949 est

198 2980 295 3038 anima
316 2975 500 3037 domininici
520 2976 666 3037 Wilhclmi
689 2976 807 3035 Comitia
828 2975 1001 3036 Juliaceuais
1022 2993 1114 3053 nuper
1133 2977 1231 3037 deluu-

200 3063 259 3124 ctii
303 3062 463 3138 Respondit
484 3062 630 3122 diabolus:
659 3063 742 3122 Nosti
764 3069 860 3122 castra
880 3065 975 3123 vicina
995 3063 1188 3140 Wollriuburg
1207 3069 1232 3120 ct

123 3219 132 3234 .
201 3148 402 3210 Draohiniels‘?
445 3149 535 3223 Novi,
564 3150 663 3223 inquit.
705 3147 743 3206 Et
771 3148 833 3209 ille:
861 3149 917 3209 Per
946 3149 1033 3209 iidem
1060 3167 1156 3210 meam
1184 3149 1230 3208 tibi

200 3236 281 3310 dico,
310 3239 334 3295 si
362 3236 454 3296 terrea
484 3241 579 3294 essent
599 3241 660 3296 tam
682 3242 776 3296 castra
798 3253 885 3312 quam
908 3253 1006 3296 corum
1027 3243 1178 3310 montana,
1206 3241 1231 3294 et

198 3325 227 3386 iu
249 3323 297 3382 illo
318 3319 409 3402 loco⁵)
432 3325 623 3397 mitterentur,
645 3323 694 3381 ubi
722 3328 819 3382 anima
840 3322 986 3382 Willmlmi
1008 3329 1060 3398 est,
1081 3329 1230 3398 autequam

199 3410 380 3486 supercilium
407 3411 537 3484 superius
565 3409 687 3467 inferiori
708 3411 787 3486 iungi
808 3417 921 3483 posset,
941 3409 1125 3484 liquefierent.
1170 3409 1229 3484 Quo

200 3497 285 3570 dicto,
306 3512 373 3556 mox
390 3495 585 3556 cachinnando
600 3495 758 3555 subiunxit:
781 3494 876 3555 Ardor
894 3498 947 3555 iste
961 3495 1096 3555 balneum
1109 3495 1228 3554 lacteum

199 3585 225 3644 ei
247 3579 306 3657 cst,
331 3585 359 3642 in
387 3583 483 3642 futuro
506 3581 621 3658 quando
644 3599 747 3658 corpus
774 3591 859 3642 suum
880 3584 976 3642 anima
996 3589 1136 3656 resumet,
1164 3588 1228 3640 tunc

216 3751 248 3822 i)
265 3752 294 3803 in
310 3751 438 3804 interno
456 3749 506 3800 add
523 3748 552 3802 B.
572 3779 601 3790 -
616 3749 647 3816 2)
666 3749 685 3802 B
704 3749 795 3801 lecti.
809 3777 839 3789 -
852 3749 884 3817 3)
894 3747 937 3802 CF
955 3749 1105 3822 velleque
1121 3763 1226 3800 mann.

236 3856 237 3868 ,
267 3850 299 3862 -
319 3819 390 3895 4),Ο
407 3821 520 3889 igitur.
542 3848 572 3859 -
593 3818 624 3888 5)
643 3818 663 3871 b
681 3817 772 3874 illum
790 3818 904 3873 locum.
