2642 4330
483 343 538 402 11
560 325 831 404 1111011111.
1107 345 1167 404 111

128 468 259 541 surrexit,
282 471 313 525 et
334 466 464 525 conversi
483 465 590 526 lectum
611 465 695 540 adiit,
720 483 807 542 quem
829 463 944 542 quidem
967 464 1169 538 dormientem,

126 553 180 613 sed
210 554 402 628 incomposite
435 558 469 620 et¹
489 553 632 628 impudice
659 553 856 628 nudatumque
885 555 1025 612 iacentem
1054 553 1169 611 invenit.

126 640 237 700 (leteris
259 638 298 698 ad
321 641 435 716 signum
455 657 548 699 nouae
565 642 754 716 surgentibus,
774 639 822 699 ille
843 657 962 716 gravem
983 657 1014 698 11
1036 641 1169 712 sentiens,

125 744 244 804 surgere
274 743 333 785 non
354 729 470 801 potuitp
492 733 520 785 et
541 725 579 785 ad
600 744 752 802 vesperam
773 729 803 784 in
824 725 1031 785 infirmitorium
1053 725 1169 798 ductus,
1223 775 1227 782 .

124 815 198 874 infra
219 811 347 873 triduum
368 811 578 872 vitam³finirit
620 813 703 873 Haec
721 811 798 888 apud
819 830 873 872 nos
896 813 1024 872 eiusdem
1045 820 1078 870 ut
1098 805 1174 888 puto'

124 900 183 961 loci
196 902 379 976 grangiarius
395 903 534 975 recitavit,
557 917 686 959 asserens
708 901 763 960 sibi
785 900 891 959 dictum
913 900 950 958 ab
973 899 1076 958 eodem
1098 916 1168 958 con-

124 1004 211 1048 11110
235 989 286 1062 qui
308 987 379 1046 vidit
400 990 547 1061 visionem,
569 988 622 1046 sub
636 994 706 1064 typo
729 987 922 1046 con-fessionis.
964 985 1167 1046 NOVICIUS:

125 1073 201 1134 Cum
224 1073 309 1138 Deus
341 1091 453 1132 summe
485 1077 522 1132 sit
545 1075 719 1148 misericors,
752 1079 781 1132 et
800 1069 988 1152 11110111111
1022 1071 1168 1131 modicum

124 1161 238 1220 differat
260 1177 279 1218 a
300 1167 429 1234 mortuo,
455 1160 523 1236 quid
546 1167 589 1218 est
611 1161 689 1236 quod
710 1159 786 1219 idem
808 1178 962 1220 conversus
983 1176 1035 1234 pro
1058 1158 1168 1218 tantillo

122 1250 242 1324 punitus
260 1245 326 1306 cst?
368 1245 605 1306 MONAOHUS:
634 1247 721 1306 Forte
742 1249 825 1306 nimis
844 1253 904 1306 erat
924 1246 1071 1322 negligens
1094 1248 1168 1304 circa

122 1352 210 1394 usum
234 1333 436 1392 verecundiae.
479 1333 663 1393 Verecundia
681 1337 743 1393 sive
767 1334 912 1409 pudicitia,
938 1350 1012 1408 quae
1041 1335 1168 1392 omniurn

122 1426 326 1482 ornamentum
356 1427 400 1479 cst
427 1423 576 1494 virtutum,
604 1438 662 1479 non
691 1421 784 1479 solum
809 1438 872 1480 esse
896 1421 982 1479 debet
1002 1423 1032 1478 in
1053 1419 1168 1492 habitu,

121 1507 177 1567 sed
199 1510 291 1568 etiam
312 1508 341 1565 in
363 1514 438 1566 actu.
481 1507 658 1582 Frequenter
680 1510 833 1586 contingit,
864 1513 897 1565 ut
918 1510 993 1566 sicut
1013 1506 1099 1564 homo
1121 1508 1167 1564 in-

121 1596 211 1654 terior
221 1593 345 1652 libenter
360 1611 395 1652 ea
416 1610 490 1670 quae
513 1595 549 1652 de
571 1594 617 1652 die
640 1597 754 1670 cogitat,
774 1600 859 1653 nocte
871 1611 923 1669 per
935 1595 1168 1669 imaginationem

121 1686 277 1754 retractat,
309 1682 351 1738 ita
370 1683 505 1740 'exterior
533 1680 582 1740 illa
614 1698 688 1756 quae
717 1681 838 1756 vigilans
870 1681 996 1754 factitat,
1026 1680 1167 1739 dormiens

119 1769 288 1843 frequenter
322 1764 555 1846 repraesentet²).
609 1766 813 1827 NOVICIUS:
848 1767 883 1826 In
917 1767 973 1826 hoc
1006 1767 1167 1840 consentio,

121 1857 192 1930 quia
220 1855 302 1922 novi
320 1854 461 1929 quosdam
488 1861 632 1930 raptores,
662 1857 711 1930 qui
739 1871 825 1929 saepe
847 1855 979 1912 noctibus
1002 1853 1167 1914 dormiendo

119 1943 261 2017 surgunt,
290 1957 371 1999 arma
397 1940 535 2016 induunt,
568 1947 686 2000 exerunt
707 1941 827 2017 gladios,
847 1941 952 1999 feriunt
971 1943 1110 2014 parietes,
1140 1947 1168 1998 et

119 2023 280 2104 postquam
301 2027 401 2088 lassati
421 2027 532 2101 luerint,
554 2028 666 2103 singula
688 2031 716 2086 in
737 2028 802 2087 loca
824 2024 905 2106 sual)
928 2033 1085 2102 reponunt,
1110 2029 1167 2086 sie-

120 2131 180 2190 que
203 2115 335 2174 cubitum
356 2114 485 2188 redeunt,
506 2132 559 2173 nec
581 2113 689 2189 aliquid
711 2114 814 2173 horum
835 2110 950 2193 mane⁴)
975 2113 1166 2172 recordantur.

120 2199 364 2260 MONACHUS:
392 2200 479 2259 Forte
507 2200 583 2259 idem
616 2218 772 2260 conversus
795 2203 878 2259 nimis
906 2200 1063 2259 indulserat
1090 2203 1166 2258 vino.

124 2288 352 2349 Inebriationem
364 2286 486 2347 libenter
498 2291 626 2363 sequitur
648 2287 811 2348 denudatio.
854 2287 885 2346 Si
906 2287 969 2346 Noe
990 2304 1048 2345 non
1068 2287 1169 2346 11111111

120 2376 291 2448 inebriatus,
313 2390 367 2432 nec
387 2374 488 2432 fuisset
510 2373 679 2433 denudatus.
722 2374 760 2432 Et
782 2375 850 2450 quia
871 2372 1040 2449 denudatus,
1061 2374 1166 2432 idcirco

120 2461 221 2530 afilio
245 2455 322 2538 est⁵l
352 2462 553 2520 subsannatus.
596 2461 662 2520 Non
692 2461 785 2520 solum
807 2461 901 2536 angeli
922 2463 1028 2534 sancti,
1057 2460 1109 2520 sed
1139 2468 1167 2518 et

121 2548 191 2608 mali
212 2547 347 2606 noctibus
369 2565 423 2606 nos
443 2547 573 2622 lustrant,
597 2554 626 2606 et
648 2550 744 2623 siper
765 2547 968 2624 negligentiam
989 2549 1050 2607 sive
1073 2546 1166 2608 disso-

121 2635 264 2694 lutionem
294 2636 442 2710 contigerit
469 2651 523 2694 101
551 2637 581 2692 in
608 2635 690 2694 lectis
717 2638 820 2694 nostris
848 2637 941 2694 iacere
967 2637 1165 2708 irreverenter,

121 2723 216 2781 bonos
239 2739 258 2782 a
287 2721 369 2779 nobis
391 2722 539 2797 fugamus,
569 2727 597 2780 et
619 2721 711 2780 malos
733 2722 771 2780 ad
793 2727 921 2780 nostram
941 2722 1100 2780 irrisionem
1120 2723 1165 2779 in-

122 2811 258 2868 vitamus.
304 2807 419 2882 Quanta
440 2811 532 2884 gratia
553 2810 593 2867 sic
609 2808 785 2867 dormientes.
802 2808 975 2884 quaudoque
997 2825 1028 2868 se
1045 2809 1166 2883 privent,
1240 2849 1251 2864 1
1318 2793 1319 2804 ’

122 2895 224 2954 audies
246 2897 277 2952 in
300 2894 477 2953 distinctione
503 2897 626 2969 septima
648 2894 772 2970 capitulo
795 2897 877 2953 tertio
900 2894 1011 2954 decimo
1035 2902 1064 2952 et
1086 2897 1166 2970 capi-

122 2980 183 3040 tulo
207 2987 310 3057 quarto
334 2981 452 3056 decimo,
474 2983 503 3038 in
526 2982 630 3056 quibus
652 2982 739 3040 beata
752 2981 808 3040 Dei
829 2983 950 3058 genitrix
971 2999 1023 3058 per
1044 2998 1076 3040 11
1098 2982 1166 3055 1101-

123 3070 244 3128 mientes
266 3064 435 3148 visitante).
478 3065 682 3127 NOVICIUS:
703 3067 850 3126 Habuitne
873 3086 1028 3128 conversus
1049 3068 1166 3144 praedi-

124 3161 186 3214 ctus
209 3153 379 3214 caritatem?
423 3151 658 3214 MONACHUS:
687 3154 753 3214 Non
774 3155 843 3213 mihi
864 3155 919 3214 hoo
942 3161 1066 3230 constat,
1093 3157 1167 3214 sicut

125 3247 155 3300 et
181 3241 217 3300 de
246 3241 401 3317 praedictis
430 3241 553 3316 feminis,
584 3259 655 3316 quas
683 3241 841 3300 diabolicus
871 3245 1003 3302 exstinxit
1024 3249 1165 3318 aspectus.

126 3327 210 3404 Quod
251 3345 320 3387 vero
342 3325 485 3396 ,diabolus
520 3328 662 3402 quosdam
685 3334 853 3403 peccatores
874 3331 904 3387 in
934 3327 1090 3409 peccatisl)
1119 3332 1165 3387 in-

126 3415 253 3490 terliciat,
276 3415 480 3492 subsequentia
503 3407 689 3474 declarabunt
711 3415 851 3491 exempla.

147 3772 267 3842 lJBet
291 3773 393 3828 homo.
418 3751 449 3812 ζ·
477 3773 509 3840 2)
527 3733 612 3826 naor
635 3759 876 3840 repraesentat.
900 3803 931 3812 -
965 3774 997 3842 3)
1027 3774 1069 3826 BG
1090 3773 1164 3826 loco

66 3842 69 3850 ’
197 3858 316 3982 eqeb—B
317 3837 523 3964 143ίὶιέ1811138111
533 3841 582 3898 Bc.
598 3872 628 3882 -
648 3841 679 3908 5)
697 3852 749 3896 est
765 3842 816 3894 add
828 3835 857 3896 B.
872 3872 903 3882 -
916 3843 981 3910 6)n
998 3843 1163 3896 visitabit.
