2580 4316
254 1095 257 1103 ‘
381 1063 841 1204 'rnnnnnuuo

492 1336 752 1395 Q&

167 1573 318 1709 Saepe
355 1603 561 1700 deploratum
586 1614 646 1679 est
672 1628 692 1675 a
717 1605 801 1676 uiris
827 1603 869 1674 de
909 1601 1054 1677 lontibus
1087 1603 1143 1674 hi-

59 1727 191 1800 storiae
218 1711 472 1792 Germanicae
493 1710 590 1782 medii
616 1710 694 1781 aevi
720 1707 857 1781 edendis
884 1717 918 1779 et
942 1705 1143 1781 illustrandis

59 1824 330 1908 meritissimiS,
362 1817 400 1885 in
427 1813 540 1907 quibus
565 1813 733 1886 Bochmen
758 1820 792 1883 ct
817 1812 848 1883 J.
875 1809 1000 1885 Grimm
1035 1813 1143 1906 inpri-

58 1940 122 2008 mis
149 1919 386 2004 nominandi
414 1928 505 2010 sunt,
531 1939 654 1991 novam
681 1938 820 2010 eamque
846 1919 993 1987 criticam
1020 1916 1148 1986 editio-⁴

57 2061 138 2112 nem
168 2027 373 2132 praeclari
399 2022 486 2096 illius
510 2023 643 2116 Dialogi
670 2021 712 2092 de
737 2020 919 2106 Miraculis,
946 2018 1142 2092 aCaesario

56 2131 377 2216 Heisterbacensi
395 2129 582 2222 conscripti,
610 2129 707 2197 etiam
725 2148 815 2196 nunc
832 2124 1022 2196 desiderari.
1069 2122 1143 2208 Quo

55 2245 146 2318 libro
177 2240 357 2331 scriptor
384 2251 466 2302 suae
483 2233 599 2302 aetatis
614 2230 926 2325 praestantissimus,
953 2250 1020 2299 non
1035 2227 1143 2301 solum

55 2345 325 2425 monachicae,
356 2355 444 2428 quae
469 2334 525 2405 illc
552 2344 703 2428 tempore
728 2335 873 2403 maxime
898 2331 1026 2423 floruit,
1051 2335 1143 2404 uitae

55 2452 322 2529 conditionem
367 2459 409 2508 ac
452 2447 601 2529 naturam
640 2439 813 2529 insigniter
845 2437 1042 2524 illustravit,
1082 2435 1143 2508 sed

55 2563 166 2632 etiam
197 2545 336 2645 gentis
360 2551 496 2613 nostrae
510 2541 663 2614 Rhenum
681 2540 860 2614 accolentis
887 2543 958 2614 eius
984 2542 1142 2635 temporis

55 2666 171 2740 vitam
217 2662 263 2724 et
309 2644 478 2741 publicam
513 2655 546 2717 et
585 2649 749 2741 privatam
783 2655 850 2716 tam
888 2644 1075 2716 luculenter
1109 2653 1143 2715 ct
1199 2677 1208 2692 ·

56 2762 218 2840 candide
253 2748 490 2839 adumbrauit,
515 2759 551 2821 ut
577 2772 653 2820 cum
678 2771 790 2820 rerum
810 2751 973 2821 uarietate
1000 2758 1034 2819 et
1058 2755 1166 2820 nar-'

55 2874 252 2946 rationum
286 2853 501 2948 simplicitate
536 2857 679 2924 animum
713 2855 872 2946 cuiusque
898 2853 1033 2925 lectoris
1060 2876 1143 2926 sua·

55 2976 218 3048 vissime
263 2958 416 3048 alliciat,
455 2966 524 3028 tum
564 2960 648 3029 viris
686 2955 843 3030 historiae
876 2967 910 3029 ct
943 2959 1142 3051 antiquitatis

56 3075 223 3154 curiosis
259 3060 494 3150 traditionum,
520 3083 649 3133 morum
670 3070 770 3155 atque
794 3063 1015 3133 institutorum
1031 3071 1142 3133 terrae

56 3193 216 3258 nostrae
252 3168 377 3240 fontes
404 3167 529 3260 aperiat
554 3165 749 3238 uberrimos.
818 3164 930 3250 Quare
965 3189 1040 3236 cum
1067 3165 1143 3238 edi-
1231 3219 1234 3224 a

55 3296 182 3362 tiones
235 3269 388 3362 Dialogi
434 3272 499 3340 iam
541 3292 618 3341 raro
666 3271 915 3361 invenirentur,
963 3280 1142 3365 textusque

59 3409 193 3466 earum
216 3376 328 3452 vitiis
348 3382 503 3464 scateret,
530 3383 668 3446 auctore
685 3373 897 3469 redemptore
910 3375 1142 3448 honestissimo

56 3501 160 3571 huno
190 3483 338 3559 librum
366 3476 408 3547 ad
434 3475 531 3549 fidem
558 3477 708 3549 codicum
735 3478 956 3570 emendatum,
982 3482 1142 3575 pristino-

57 3621 134 3699 que
165 3577 295 3665 nitori
320 3580 498 3671 redditum,
525 3582 635 3654 denuo
662 3581 781 3653 edendi
799 3586 1004 3678 provinciam
1030 3587 1143 3657 susci·
1268 3627 1270 3632 ,

56 3724 157 3804 pere
189 3711 282 3767 non
300 3684 459 3776 dubitavi,
486 3708 638 3781 sperans,
665 3707 801 3782 operam
826 3687 913 3758 hanc
938 3691 1021 3761 uiris
1046 3688 1141 3766 litte-,

57 3809 156 3886 ratis
188 3815 281 3870 non
305 3792 569 3882 ingratamesse
595 3791 748 3863 futuram.
802 3790 856 3862 De
873 3794 943 3864 uita
959 3801 993 3861 ct
1010 3794 1140 3884 scriptis

24 3939 25 3944 ,
57 3901 249 3988 Caesarii
266 3894 358 3988 loqui
372 3893 460 3987 quod
473 3895 694 3992 supersedere
709 3915 856 3989 possum,
870 3891 1009 3964 debetur
1021 3893 1141 3981 insigni
