2622 4322
411 303 469 364 DE
491 301 751 366 TENTATIONE.
1036 305 1095 366 181

100 423 246 502 benefaciam.
286 424 315 486 A
344 443 407 504 quo
439 443 505 486 eum
530 433 659 504 peterent
687 427 861 488 conductum
892 424 931 487 ad
952 427 1099 502 civitatem

98 516 196 570 santam
213 511 391 588 Jerusalem,
415 530 503 588 quam
524 513 618 574 adbuc
639 515 776 574 tenebant
798 513 956 591 Christiani,
976 530 1098 589 respon·

97 597 135 655 dit:
151 598 207 658 Non
227 605 299 664 esset
320 601 410 660 vobis
433 605 533 675 tutum,
554 618 647 677 neque
668 601 738 660 nrihi
758 601 920 676 honestum,
941 603 966 662 si
986 600 1098 660 latram-

96 683 141 758 cnli,
158 688 200 760 qni
219 685 301 746 modo
324 705 379 764 per
402 703 502 748 omnes
523 689 585 746 vias
606 687 681 747 illius
697 693 849 764 vagantur,
869 705 923 747 ros
945 687 1098 762 laederent,

93 777 114 828 et
129 770 283 832 conductum
303 791 406 834 meum
427 772 574 832 violarent.
615 775 755 876 Egressus
777 791 845 834 vcro
868 774 904 834 de
925 776 1098 849 navi,tam

92 864 183 932 oegroto
203 877 286 934 quam
308 862 415 921 ceteris
435 859 577 935 valedixit,
599 859 671 944 dans
693 863 733 920 eis
748 860 892 920 licentiam
919 860 1099 936 repatriandi,

90 949 166 1004 contra
183 947 302 1022 impetus
325 946 550 1007 sarracenorum
577 939 658 1024 signo
680 947 728 1006 teli
749 947 852 1024 regalis
872 946 936 1006 illos
958 949 1098 1006 muniens.

89 1029 150 1090 lhnc
174 1033 353 1108 supradictus
386 1033 490 1092 nobilis
511 1051 639 1110 paganus
661 1021 801 1094 reducens
823 1050 921 1093 secum
942 1036 971 1091 in
995 1035 1098 1094 civita·

89 1121 131 1175 lenr
146 1117 254 1180 fratrem
275 1119 484 1194 Wilhelmum,
513 1123 698 1197 interrogavit
719 1137 786 1179 enm
808 1120 920 1186 dicens:
942 1119 999 1179 Dic
1020 1119 1098 1196 mihi,

87 1205 226 1280 oiurenis,
258 1206 409 1282 quomodo
431 1213 548 1266 servant
569 1206 721 1267 Christiani
742 1207 835 1282 legem
857 1206 1077 1266 Christianam
1068 1223 1099 1265 m

87 1295 144 1349 terra
166 1291 235 1352 tua?
279 1293 335 1353 Ille
365 1293 461 1352 dicere
487 1293 586 1353 nolens
609 1293 687 1369 quod
715 1311 816 1354 verum
844 1293 910 1368 luit,
937 1291 1098 1368 respondite

84 1374 143 1436 Satis
160 1379 237 1438 bena
281 1378 333 1438 Ad
355 1379 435 1454 quod
451 1377 635 1440 Admiraldus
651 1376 682 1460 ι)ι
703 1380 767 1456 Ego
790 1379 884 1440 dieam
904 1377 999 1456 legem
1013 1378 1098 1438 Chri-

84 1463 217 1524 stianorum
227 1463 249 1546 ²)
283 1472 378 1525 terrae
408 1465 500 1526 huius.
552 1466 639 1526 Pater
668 1483 749 1526 mens
779 1473 840 1526 erat
867 1467 911 1525 vir
938 1466 1042 1526 nobilis
1069 1471 1099 1526 et

83 1565 191 1626 magnus,
211 1558 240 1612 et
260 1555 340 1612 misit
360 1569 409 1612 me
430 1551 468 1611 ad
488 1552 600 1630 Regem
619 1551 934 1630 Jerosolymimnomm,
954 1558 987 1611 ut
1004 1552 1098 1612 Galli-

63 1645 134 1694 ‘cnm
152 1638 289 1700 discerem
310 1639 391 1715 apud
413 1638 508 1714 illum,
536 1642 597 1715 ipse
625 1657 694 1700 vero
723 1657 807 1698 versa
835 1642 899 1699 vice
927 1641 1004 1699 misit
1024 1641 1099 1736 patri

82 1737 133 1782 meo
156 1725 244 1784 lilium
272 1721 393 1804 suum³)
435 1726 474 1785 ad
502 1725 668 1785 discendum
705 1725 812 1785 idioma
840 1721 1099 1804 Sarracenicuml).

82 1805 149 1870 Unde
175 1814 267 1872 omnis
296 1815 358 1872 vita
381 1811 606 1872 Christianorum
637 1813 711 1872 bene
741 1818 770 1872 et
797 1815 904 1889 optime
932 1813 1002 1871 mibi
1029 1817 1098 1872 nota

82 1901 121 1953 cst
157 1898 221 1958 Non
241 1899 295 1958 luit
315 1899 423 1974 aliquis
450 1901 519 1958 ciris
547 1899 620 1959 adeo
651 1897 731 1958 dives
752 1901 781 1957 in
801 1898 998 1976 Jerosolyma,
1029 1899 1099 1973 quin

81 1997 121 2055 pro
146 1987 264 2060 pecnnia
292 2002 439 2060 sororem,
466 1985 570 2061 fidam,
598 1985 660 2060 vel,
693 1985 771 2062 quod
793 1985 994 2045 exsecrabilius
1022 1989 1099 2059 erat,

80 2065 188 2131 luxuriae
214 2074 431 2148 peregrinorum
461 2089 579 2132 uxorem
599 2075 744 2148 propriam
766 2079 920 2148 exponeret
932 2068 968 2151 ⁵),
1000 2073 1099 2145 sicque

81 2152 132 2214 illos
158 2158 336 2218 mercedibus
365 2157 503 2220 laborum
527 2175 645 2218 suorum
674 2156 869 2239 evacuarat).
921 2157 968 2218 Ita
1000 2173 1099 2218 omnes

83 2241 151 2315 guae
181 2251 208 2304 ct
235 2247 328 2305 carnis
358 2244 498 2304 illecebris
527 2245 614 2305 dediti
643 2251 739 2320 crant,
771 2251 803 2304 ιιι
831 2244 901 2304 nihil
933 2246 1098 2304 omninoa

83 2331 212 2401 pecoribus
227 2331 382 2391 differrent.
417 2331 557 2406 Superbia
572 2348 640 2391 vero
663 2333 704 2391 sic
725 2334 755 2389 in
777 2333 817 2390 eis
833 2334 973 2408 regnavit,
993 2337 1026 2389 ιιι
1047 2347 1100 2390 ex-

83 2418 190 2491 cogitare
202 2415 220 2498 ⁷)
242 2435 301 2478 non
324 2417 496 2494 sufficerent,
518 2419 594 2494 quali
615 2417 701 2502 modo
723 2420 894 2478 vestimenta
915 2435 969 2477 sua
988 2412 1100 2477 incide-

83 2508 146 2576 rent,
170 2507 341 2582 stringerent
350 2501 373 2584 ι)
402 2510 489 2580 atque
517 2504 701 2565 cultellarent.
742 2503 826 2564 Idem
848 2504 911 2564 dico
935 2503 970 2563 dc
992 2503 1100 2564 calcia-

82 2592 175 2650 menis.
213 2592 252 2650 Et
273 2591 394 2651 adiecit·
428 2590 584 2652 Considera
611 2594 783 2651 vestimenta
806 2609 888 2667 mea,
915 2590 1101 2651 calciamenta

83 2687 148 2750 mea,
173 2695 258 2754 quam
279 2682 337 2738 sint
358 2677 495 2755 rohmda,
524 2697 611 2755 quam
632 2675 743 2754 ampla,
777 2695 864 2754 qnam
886 2677 1050 2754 simpliciter
1072 2683 1101 2736 et
1183 2737 1190 2749 ,

84 2756 207 2824 humiliter
226 2765 360 2825 formata.
389 2764 470 2824 Sicut
490 2767 573 2826 nobis
594 2765 691 2824 rehrlit
711 2765 787 2824 idem
800 2763 985 2840 Wilhelmns,
1006 2765 1101 2824 mani-

86 2861 125 2906 cas
142 2849 262 2911 babebat
282 2850 366 2910 laxas
388 2857 418 2910 et
438 2852 589 2932 amplas,
578 2854 652 2911 sicut
672 2851 841 2910 monachus.
880 2849 967 2911 Nulla
988 2857 1049 2910 crat
1069 2852 1100 2908 in

84 2937 192 2996 nasibus
222 2937 364 3014 plicarum
392 2935 602 3015 multiplicitas,
634 2941 782 2998 curiositas
813 2937 907 3012 nulla,
939 2937 1021 2997 licet
1037 2939 1100 3012 ipsa
1128 2993 1130 2997 ,

84 3024 187 3084 vestium
207 3029 328 3085 materia
349 3024 424 3084 foret
444 3027 512 3085 satis
534 3027 666 3102 pretioa.
709 3025 802 3099 Ecce,
830 3026 933 3100 inquit,
956 3025 1101 3090 istasunt

85 3107 140 3168 vitia
157 3119 268 3187 propter
290 3125 367 3188 qnae
400 3113 482 3172 eiecit
501 3112 586 3171 Deus
607 3109 781 3170 Christianos
803 3112 942 3186 superbos
964 3116 993 3169 et
1013 3108 1100 3169 luxu·

85 3194 158 3256 riosos
182 3199 217 3258 de
243 3205 322 3257 terra
348 3200 420 3274 ista;
448 3216 506 3257 non
534 3200 611 3258 enim
633 3197 738 3256 diutius
759 3200 853 3274 potuit
873 3203 967 3256 tantas
988 3195 1100 3256 illorum

83 3279 224 3356 iniquitates
250 3287 400 3344 sustinere.
441 3285 531 3345 Putas
553 3287 621 3360 quia
641 3287 745 3344 nostris
764 3285 873 3344 viribus
895 3284 1100 3348 obtinuerimus

83 3364 166 3427 ibam?
192 3371 392 3446 Nequaquam.
434 3372 597 3440 Novissime
621 3373 706 3430 etiam
727 3371 783 3431 hoc
804 3371 923 3430 adiecit:
950 3370 1100 3430 Neminem

83 3467 112 3510 ιι
129 3453 248 3532 Regibus
277 3459 381 3517 vestris
409 3459 553 3535 timemm,
581 3475 675 3534 neque
696 3459 791 3533 ipsum
811 3459 1018 3534 Imperatorem
1046 3473 1100 3516 ve·

99 3583 125 3651 l]
141 3585 158 3637 G
173 3587 367 3640 hmiraldus.
387 3618 417 3628 -
441 3589 473 3656 2)
496 3589 539 3644 AC
557 3590 793 3654 Christianam,
818 3590 838 3642 D
857 3589 1046 3644 Christiani.
1067 3620 1097 3630 -

143 3655 227 3722 3)hP
254 3674 341 3708 snum
368 3657 534 3711 lilinm.-
561 3659 593 3726 4)
612 3659 652 3711 BG
670 3659 980 3712 Sarracenorum.-
1008 3660 1039 3727 5)
1057 3659 1099 3712 hl’

144 3727 239 3791 qni-
258 3741 320 3776 non
339 3739 574 3792 exponeret-
543 3729 625 3796 -fi)
644 3727 733 3780 Homil.
752 3727 771 3779 1.
790 3745 813 3795 p
831 3731 860 3780 4ι
879 3729 1011 3796 „utlabor
1029 3744 1100 3780 mens

146 3803 330 3847 musaeuetur
349 3811 364 3846 n
381 3799 563 3851 mercedef‘-
531 3799 605 3866 -Ὀ
623 3797 688 3853 ADP
706 3799 906 3865 cogitare.—
875 3798 1100 3865 —8)stringe-

146 3863 322 3929 centnt;
341 3865 593 3924 moxBGetcorrl)
612 3865 827 3932 cutellarent3
845 3867 911 3919 coni.
924 3867 1005 3932 v,t.5
1014 3865 1047 3928 X,
1057 3865 1098 3915 11
