<?xml version="1.0" encoding="UTF-8"?>
<!DOCTYPE html PUBLIC "-//W3C//DTD XHTML 1.0 Transitional//EN"
    "http://www.w3.org/TR/xhtml1/DTD/xhtml1-transitional.dtd">
<html xmlns="http://www.w3.org/1999/xhtml" xml:lang="en" lang="en">
 <head>
  <title>
</title>
<meta http-equiv="Content-Type" content="text/html;charset=utf-8" />
  <meta name='ocr-system' content='tesseract 3.04.00' />
  <meta name='ocr-capabilities' content='ocr_page ocr_carea ocr_par ocr_line ocrx_word'/>
</head>
<body>
  <div class='ocr_page' id='page_1' title='image "./caesariiheister05stragoog/caesariiheister05stragoog_0504.png"; bbox 0 0 2654 4308; ppageno 0'>
   <div class='ocr_carea' id='block_1_1' title="bbox 424 285 1136 350">
    <p class='ocr_par' dir='ltr' id='par_1_1' title="bbox 424 285 1136 350">
     <span class='ocr_line' id='line_1_1' title="bbox 424 285 1136 350; baseline -0.006 -2"><span class='ocrx_word' id='word_1_1' title='bbox 424 285 478 349; x_wconf 85' lang='lat' dir='ltr'><strong>DE</strong></span> <span class='ocrx_word' id='word_1_2' title='bbox 493 285 657 350; x_wconf 67' lang='lat' dir='ltr'><strong>&#39;SANO&#39;PA</strong></span> <span class='ocrx_word' id='word_1_3' title='bbox 672 285 815 348; x_wconf 85' lang='lat' dir='ltr'><strong>MARIA.</strong></span> <span class='ocrx_word' id='word_1_4' title='bbox 1097 287 1136 345; x_wconf 80' lang='lat' dir='ltr'><strong>&#39;ii</strong></span> 
     </span>
    </p>
   </div>
   <div class='ocr_carea' id='block_1_2' title="bbox 58 410 1139 749">
    <p class='ocr_par' dir='ltr' id='par_1_2' title="bbox 58 410 1139 749">
     <span class='ocr_line' id='line_1_2' title="bbox 104 410 1139 490; baseline -0.007 -17"><span class='ocrx_word' id='word_1_5' title='bbox 104 415 222 490; x_wconf 83' lang='lat' dir='ltr'><strong>bantur3</strong></span> <span class='ocrx_word' id='word_1_6' title='bbox 254 419 284 472; x_wconf 92' lang='lat' dir='ltr'><strong>et</strong></span> <span class='ocrx_word' id='word_1_7' title='bbox 314 413 364 488; x_wconf 89' lang='lat' dir='ltr'><strong>qui</strong></span> <span class='ocrx_word' id='word_1_8' title='bbox 390 429 421 472; x_wconf 88' lang='lat' dir='ltr'><strong>se</strong></span> <span class='ocrx_word' id='word_1_9' title='bbox 443 410 594 472; x_wconf 76' lang='lat' dir='ltr'><strong>defendere</strong></span> <span class='ocrx_word' id='word_1_10' title='bbox 615 411 768 471; x_wconf 83' lang='lat' dir='ltr'><strong>voluerunt</strong></span> <span class='ocrx_word' id='word_1_11' title='bbox 786 426 842 480; x_wconf 87' lang='lat' dir='ltr'><strong>neo</strong></span> <span class='ocrx_word' id='word_1_12' title='bbox 861 415 1030 487; x_wconf 88' lang='lat' dir='ltr'><strong>potuerunt,</strong></span> <span class='ocrx_word' id='word_1_13' title='bbox 1059 411 1139 469; x_wconf 87' lang='lat' dir='ltr'><strong>uoci-</strong></span> 
     </span>
     <span class='ocr_line' id='line_1_3' title="bbox 58 495 1139 575; baseline -0.006 -14"><span class='ocrx_word' id='word_1_14' title='bbox 58 513 60 517; x_wconf 80' lang='grc'>’</span> <span class='ocrx_word' id='word_1_15' title='bbox 104 499 251 560; x_wconf 84' lang='lat' dir='ltr'><strong>dabantur.</strong></span> <span class='ocrx_word' id='word_1_16' title='bbox 293 498 350 559; x_wconf 89' lang='lat' dir='ltr'><strong>Hic</strong></span> <span class='ocrx_word' id='word_1_17' title='bbox 371 516 437 560; x_wconf 90' lang='lat' dir='ltr'><strong>cnm</strong></span> <span class='ocrx_word' id='word_1_18' title='bbox 459 499 504 560; x_wconf 90' lang='lat' dir='ltr'><strong>die</strong></span> <span class='ocrx_word' id='word_1_19' title='bbox 526 497 651 575; x_wconf 88' lang='lat' dir='ltr'><strong>quadam</strong></span> <span class='ocrx_word' id='word_1_20' title='bbox 672 497 845 557; x_wconf 75' lang='lat' dir='ltr'><strong>menaehem</strong></span> <span class='ocrx_word' id='word_1_21' title='bbox 867 495 1010 572; x_wconf 90' lang='lat' dir='ltr'><strong>quendam</strong></span> <span class='ocrx_word' id='word_1_22' title='bbox 1032 495 1139 554; x_wconf 84' lang='lat' dir='ltr'>ordinis</span> 
     </span>
     <span class='ocr_line' id='line_1_4' title="bbox 103 584 1138 663; baseline -0.005 -17"><span class='ocrx_word' id='word_1_23' title='bbox 103 590 190 646; x_wconf 86' lang='lat' dir='ltr'><strong>nostri</strong></span> <span class='ocrx_word' id='word_1_24' title='bbox 212 587 329 647; x_wconf 87' lang='lat' dir='ltr'><strong>obvium</strong></span> <span class='ocrx_word' id='word_1_25' title='bbox 350 585 485 662; x_wconf 88' lang='lat' dir='ltr'><strong>haberet,</strong></span> <span class='ocrx_word' id='word_1_26' title='bbox 510 603 628 663; x_wconf 89' lang='lat' dir='ltr'><strong>sperans</strong></span> <span class='ocrx_word' id='word_1_27' title='bbox 650 584 727 660; x_wconf 89' lang='lat' dir='ltr'><strong>quod</strong></span> <span class='ocrx_word' id='word_1_28' title='bbox 748 587 900 660; x_wconf 88' lang='lat' dir='ltr'><strong>pecuniam</strong></span> <span class='ocrx_word' id='word_1_29' title='bbox 920 589 1061 660; x_wconf 85' lang='lat' dir='ltr'><strong>portaret,</strong></span> <span class='ocrx_word' id='word_1_30' title='bbox 1084 584 1138 642; x_wconf 89' lang='lat' dir='ltr'><strong>ait:</strong></span> 
     </span>
     <span class='ocr_line' id='line_1_5' title="bbox 103 671 1137 749; baseline -0.004 -17"><span class='ocrx_word' id='word_1_31' title='bbox 103 673 162 732; x_wconf 88' lang='lat' dir='ltr'><strong>Nisi</strong></span> <span class='ocrx_word' id='word_1_32' title='bbox 183 673 344 734; x_wconf 83' lang='lat' dir='ltr'><strong>voluntarie</strong></span> <span class='ocrx_word' id='word_1_33' title='bbox 365 675 492 749; x_wconf 89' lang='lat' dir='ltr'><strong>sequaris</strong></span> <span class='ocrx_word' id='word_1_34' title='bbox 513 691 575 747; x_wconf 90' lang='lat' dir='ltr'><strong>me,</strong></span> <span class='ocrx_word' id='word_1_35' title='bbox 598 671 727 732; x_wconf 78' lang='lat' dir='ltr'>occidam</span> <span class='ocrx_word' id='word_1_36' title='bbox 749 677 787 730; x_wconf 91' lang='lat' dir='ltr'><strong>te.</strong></span> <span class='ocrx_word' id='word_1_37' title='bbox 831 671 925 748; x_wconf 83' lang='lat' dir='ltr'><strong>Quem</strong></span> <span class='ocrx_word' id='word_1_38' title='bbox 947 687 1013 729; x_wconf 90' lang='lat' dir='ltr'><strong>cum</strong></span> <span class='ocrx_word' id='word_1_39' title='bbox 1034 684 1137 729; x_wconf 91' lang='lat' dir='ltr'><strong>mona-</strong></span> 
     </span>
    </p>
   </div>
   <div class='ocr_carea' id='block_1_3' title="bbox 104 753 1243 836">
    <p class='ocr_par' dir='ltr' id='par_1_3' title="bbox 104 753 1243 836">
     <span class='ocr_line' id='line_1_6' title="bbox 104 753 1243 836; baseline -0.004 -16"><span class='ocrx_word' id='word_1_40' title='bbox 104 761 173 821; x_wconf 87' lang='lat' dir='ltr'><strong>chus</strong></span> <span class='ocrx_word' id='word_1_41' title='bbox 202 764 385 836; x_wconf 80' lang='lat' dir='ltr'><strong>sequeretur,</strong></span> <span class='ocrx_word' id='word_1_42' title='bbox 414 766 443 818; x_wconf 91' lang='lat' dir='ltr'><strong>et</strong></span> <span class='ocrx_word' id='word_1_43' title='bbox 472 765 622 836; x_wconf 90' lang='lat' dir='ltr'><strong>quaereret</strong></span> <span class='ocrx_word' id='word_1_44' title='bbox 648 761 677 817; x_wconf 91' lang='lat' dir='ltr'><strong>in</strong></span> <span class='ocrx_word' id='word_1_45' title='bbox 704 761 766 833; x_wconf 88' lang='lat' dir='ltr'><strong>via,</strong></span> <span class='ocrx_word' id='word_1_46' title='bbox 796 761 859 833; x_wconf 91' lang='lat' dir='ltr'><strong>quis</strong></span> <span class='ocrx_word' id='word_1_47' title='bbox 882 763 973 831; x_wconf 86' lang='lat' dir='ltr'><strong>esset,</strong></span> <span class='ocrx_word' id='word_1_48' title='bbox 1000 755 1048 816; x_wconf 87' lang='lat' dir='ltr'><strong>vel</strong></span> <span class='ocrx_word' id='word_1_49' title='bbox 1069 753 1138 832; x_wconf 85' lang='lat' dir='ltr'><strong>quid</strong></span> <span class='ocrx_word' id='word_1_50' title='bbox 1241 784 1243 788; x_wconf 50' lang='lat'><strong><em>¹</em></strong></span> 
     </span>
    </p>
   </div>
   <div class='ocr_carea' id='block_1_4' title="bbox 101 842 1141 2662">
    <p class='ocr_par' dir='ltr' id='par_1_4' title="bbox 101 842 1141 2662">
     <span class='ocr_line' id='line_1_7' title="bbox 104 842 1138 924; baseline -0.005 -17"><span class='ocrx_word' id='word_1_51' title='bbox 104 849 196 924; x_wconf 86' lang='lat' dir='ltr'><strong>operis</strong></span> <span class='ocrx_word' id='word_1_52' title='bbox 226 847 359 923; x_wconf 89' lang='lat' dir='ltr'><strong>haberet;</strong></span> <span class='ocrx_word' id='word_1_53' title='bbox 387 846 535 922; x_wconf 88' lang='lat' dir='ltr'><strong>respondit</strong></span> <span class='ocrx_word' id='word_1_54' title='bbox 562 845 624 904; x_wconf 85' lang='lat' dir='ltr'><strong>ille:</strong></span> <span class='ocrx_word' id='word_1_55' title='bbox 654 843 717 922; x_wconf 82' lang='lat' dir='ltr'><strong>Ego</strong></span> <span class='ocrx_word' id='word_1_56' title='bbox 745 863 810 904; x_wconf 90' lang='lat' dir='ltr'><strong>sum</strong></span> <span class='ocrx_word' id='word_1_57' title='bbox 835 844 908 903; x_wconf 93' lang='lat' dir='ltr'><strong>latro</strong></span> <span class='ocrx_word' id='word_1_58' title='bbox 929 843 976 902; x_wconf 94' lang='lat' dir='ltr'><strong>ille</strong></span> <span class='ocrx_word' id='word_1_59' title='bbox 997 842 1138 917; x_wconf 86' lang='lat' dir='ltr'><strong>famosus,</strong></span> 
     </span>
     <span class='ocr_line' id='line_1_8' title="bbox 103 928 1140 1008; baseline -0.004 -16"><span class='ocrx_word' id='word_1_60' title='bbox 103 951 206 994; x_wconf 89' lang='lat' dir='ltr'><strong>nomen</strong></span> <span class='ocrx_word' id='word_1_61' title='bbox 236 929 321 992; x_wconf 84' lang='lat' dir='ltr'><strong>sunm</strong></span> <span class='ocrx_word' id='word_1_62' title='bbox 351 936 519 1008; x_wconf 83' lang='lat' dir='ltr'><strong>exprimens.</strong></span> <span class='ocrx_word' id='word_1_63' title='bbox 563 932 617 991; x_wconf 80' lang='lat' dir='ltr'><strong>Cui</strong></span> <span class='ocrx_word' id='word_1_64' title='bbox 644 949 709 992; x_wconf 88' lang='lat' dir='ltr'><strong>eum</strong></span> <span class='ocrx_word' id='word_1_65' title='bbox 738 930 896 991; x_wconf 89' lang='lat' dir='ltr'><strong>monachus</strong></span> <span class='ocrx_word' id='word_1_66' title='bbox 921 931 1041 990; x_wconf 82' lang='lat' dir='ltr'><strong>diceret:</strong></span> <span class='ocrx_word' id='word_1_67' title='bbox 1069 928 1140 988; x_wconf 86' lang='lat' dir='ltr'><strong>Jam</strong></span> 
     </span>
     <span class='ocr_line' id='line_1_9' title="bbox 102 1015 1140 1098; baseline -0.004 -19"><span class='ocrx_word' id='word_1_68' title='bbox 102 1023 223 1098; x_wconf 86' lang='lat' dir='ltr'><strong>incipitis</strong></span> <span class='ocrx_word' id='word_1_69' title='bbox 246 1035 413 1095; x_wconf 86' lang='lat' dir='ltr'><strong>canescere,</strong></span> <span class='ocrx_word' id='word_1_70' title='bbox 441 1026 470 1080; x_wconf 90' lang='lat' dir='ltr'><strong>et</strong></span> <span class='ocrx_word' id='word_1_71' title='bbox 490 1036 548 1079; x_wconf 91' lang='lat' dir='ltr'><strong>non</strong></span> <span class='ocrx_word' id='word_1_72' title='bbox 569 1021 674 1079; x_wconf 87' lang='lat' dir='ltr'><strong>timetis</strong></span> <span class='ocrx_word' id='word_1_73' title='bbox 695 1022 807 1091; x_wconf 83' lang='lat' dir='ltr'><strong>animae</strong></span> <span class='ocrx_word' id='word_1_74' title='bbox 829 1015 966 1078; x_wconf 74' lang='lat' dir='ltr'><strong>restrae?</strong></span> <span class='ocrx_word' id='word_1_75' title='bbox 993 1015 1140 1091; x_wconf 84' lang='lat' dir='ltr'><strong>respondit</strong></span> 
     </span>
     <span class='ocr_line' id='line_1_10' title="bbox 101 1103 1139 1183; baseline -0.005 -17"><span class='ocrx_word' id='word_1_76' title='bbox 101 1107 164 1168; x_wconf 86' lang='lat' dir='ltr'><strong>ille:</strong></span> <span class='ocrx_word' id='word_1_77' title='bbox 186 1107 253 1168; x_wconf 90' lang='lat' dir='ltr'><strong>Non</strong></span> <span class='ocrx_word' id='word_1_78' title='bbox 280 1106 346 1182; x_wconf 92' lang='lat' dir='ltr'><strong>plus</strong></span> <span class='ocrx_word' id='word_1_79' title='bbox 374 1125 461 1183; x_wconf 91' lang='lat' dir='ltr'><strong>quam</strong></span> <span class='ocrx_word' id='word_1_80' title='bbox 492 1124 590 1182; x_wconf 85' lang='lat' dir='ltr'><strong>pecus.</strong></span> <span class='ocrx_word' id='word_1_81' title='bbox 633 1107 672 1165; x_wconf 89' lang='lat' dir='ltr'><strong>Et</strong></span> <span class='ocrx_word' id='word_1_82' title='bbox 692 1108 781 1165; x_wconf 90' lang='lat' dir='ltr'><strong>tacuit</strong></span> <span class='ocrx_word' id='word_1_83' title='bbox 795 1104 970 1165; x_wconf 88' lang='lat' dir='ltr'><strong>monachus.</strong></span> <span class='ocrx_word' id='word_1_84' title='bbox 1011 1103 1139 1163; x_wconf 85' lang='lat' dir='ltr'><strong>Veniens</strong></span> 
     </span>
     <span class='ocr_line' id='line_1_11' title="bbox 101 1188 1139 1271; baseline -0.004 -19"><span class='ocrx_word' id='word_1_85' title='bbox 101 1197 130 1252; x_wconf 86' lang='lat' dir='ltr'><strong>in</strong></span> <span class='ocrx_word' id='word_1_86' title='bbox 159 1195 327 1271; x_wconf 83' lang='lat' dir='ltr'><strong>speluncam</strong></span> <span class='ocrx_word' id='word_1_87' title='bbox 354 1194 444 1269; x_wconf 89' lang='lat' dir='ltr'><strong>illius,</strong></span> <span class='ocrx_word' id='word_1_88' title='bbox 473 1195 513 1252; x_wconf 90' lang='lat' dir='ltr'><strong>ait</strong></span> <span class='ocrx_word' id='word_1_89' title='bbox 540 1196 615 1252; x_wconf 90' lang='lat' dir='ltr'><strong>intra</strong></span> <span class='ocrx_word' id='word_1_90' title='bbox 643 1211 690 1252; x_wconf 89' lang='lat' dir='ltr'><strong>se:</strong></span> <span class='ocrx_word' id='word_1_91' title='bbox 719 1193 750 1253; x_wconf 85' lang='lat' dir='ltr'><strong>Si</strong></span> <span class='ocrx_word' id='word_1_92' title='bbox 774 1209 874 1268; x_wconf 89' lang='lat' dir='ltr'><strong>posses</strong></span> <span class='ocrx_word' id='word_1_93' title='bbox 895 1190 1040 1250; x_wconf 89' lang='lat' dir='ltr'><strong>hominem</strong></span> <span class='ocrx_word' id='word_1_94' title='bbox 1062 1188 1139 1248; x_wconf 87' lang='lat' dir='ltr'><strong>hune</strong></span> 
     </span>
     <span class='ocr_line' id='line_1_12' title="bbox 102 1277 1139 1358; baseline -0.006 -18"><span class='ocrx_word' id='word_1_95' title='bbox 102 1288 284 1356; x_wconf 86' lang='lat' dir='ltr'><strong>convertere,</strong></span> <span class='ocrx_word' id='word_1_96' title='bbox 319 1297 456 1358; x_wconf 82' lang='lat' dir='ltr'><strong>magnum</strong></span> <span class='ocrx_word' id='word_1_97' title='bbox 488 1280 553 1339; x_wconf 88' lang='lat' dir='ltr'><strong>Deo</strong></span> <span class='ocrx_word' id='word_1_98' title='bbox 586 1286 747 1356; x_wconf 87' lang='lat' dir='ltr'><strong>praestares</strong></span> <span class='ocrx_word' id='word_1_99' title='bbox 776 1279 953 1354; x_wconf 86' lang='lat' dir='ltr'><strong>obsequium.</strong></span> <span class='ocrx_word' id='word_1_100' title='bbox 1002 1277 1139 1352; x_wconf 89' lang='lat' dir='ltr'><strong>Dixitque</strong></span> 
     </span>
     <span class='ocr_line' id='line_1_13' title="bbox 102 1362 1138 1448; baseline -0.005 -22"><span class='ocrx_word' id='word_1_101' title='bbox 102 1367 139 1426; x_wconf 87' lang='lat' dir='ltr'><strong>ad</strong></span> <span class='ocrx_word' id='word_1_102' title='bbox 158 1367 314 1428; x_wconf 85' lang='lat' dir='ltr'><strong>latronem:</strong></span> <span class='ocrx_word' id='word_1_103' title='bbox 336 1367 368 1427; x_wconf 88' lang='lat' dir='ltr'><strong>Si</strong></span> <span class='ocrx_word' id='word_1_104' title='bbox 381 1364 397 1448; x_wconf 83' lang='lat'><strong>¹)</strong></span> <span class='ocrx_word' id='word_1_105' title='bbox 419 1367 488 1427; x_wconf 88' lang='lat' dir='ltr'><strong>lieet</strong></span> <span class='ocrx_word' id='word_1_106' title='bbox 507 1367 576 1425; x_wconf 92' lang='lat' dir='ltr'><strong>mihi</strong></span> <span class='ocrx_word' id='word_1_107' title='bbox 593 1366 701 1442; x_wconf 90' lang='lat' dir='ltr'><strong>aliquid</strong></span> <span class='ocrx_word' id='word_1_108' title='bbox 721 1384 774 1426; x_wconf 87' lang='lat' dir='ltr'><strong>vos</strong></span> <span class='ocrx_word' id='word_1_109' title='bbox 787 1362 983 1443; x_wconf 75' lang='lat' dir='ltr'><strong>interrogare?</strong></span> <span class='ocrx_word' id='word_1_110' title='bbox 1004 1363 1138 1440; x_wconf 89' lang='lat' dir='ltr'><strong>Respon-</strong></span> 
     </span>
     <span class='ocr_line' id='line_1_14' title="bbox 103 1445 1138 1530; baseline -0.002 -18"><span class='ocrx_word' id='word_1_111' title='bbox 103 1454 185 1515; x_wconf 91' lang='lat' dir='ltr'><strong>dente</strong></span> <span class='ocrx_word' id='word_1_112' title='bbox 207 1455 266 1530; x_wconf 88' lang='lat' dir='ltr'><strong>illo,</strong></span> <span class='ocrx_word' id='word_1_113' title='bbox 289 1452 370 1530; x_wconf 86' lang='lat' dir='ltr'><strong>licet;</strong></span> <span class='ocrx_word' id='word_1_114' title='bbox 392 1453 550 1514; x_wconf 87' lang='lat' dir='ltr'><strong>monachus</strong></span> <span class='ocrx_word' id='word_1_115' title='bbox 570 1455 731 1513; x_wconf 85' lang='lat' dir='ltr'><strong>subiunxit:</strong></span> <span class='ocrx_word' id='word_1_116' title='bbox 754 1445 854 1530; x_wconf 81' lang='lat' dir='ltr'><strong>Qualis</strong></span> <span class='ocrx_word' id='word_1_117' title='bbox 877 1454 983 1512; x_wconf 83' lang='lat' dir='ltr'><strong>exstitit</strong></span> <span class='ocrx_word' id='word_1_118' title='bbox 1003 1452 1063 1510; x_wconf 86' lang='lat' dir='ltr'><strong>vita</strong></span> <span class='ocrx_word' id='word_1_119' title='bbox 1085 1466 1138 1510; x_wconf 57' lang='lat' dir='ltr'><strong>ve*</strong></span> 
     </span>
     <span class='ocr_line' id='line_1_15' title="bbox 102 1531 1138 1618; baseline -0.005 -18"><span class='ocrx_word' id='word_1_120' title='bbox 102 1547 160 1601; x_wconf 84' lang='lat' dir='ltr'><strong>atra</strong></span> <span class='ocrx_word' id='word_1_121' title='bbox 176 1559 195 1601; x_wconf 85' lang='lat' dir='ltr'><strong>a</strong></span> <span class='ocrx_word' id='word_1_122' title='bbox 212 1540 374 1618; x_wconf 79' lang='lat' dir='ltr'><strong>principio?</strong></span> <span class='ocrx_word' id='word_1_123' title='bbox 391 1539 550 1616; x_wconf 87' lang='lat' dir='ltr'><strong>Respondit</strong></span> <span class='ocrx_word' id='word_1_124' title='bbox 568 1539 631 1600; x_wconf 90' lang='lat' dir='ltr'><strong>ille:</strong></span> <span class='ocrx_word' id='word_1_125' title='bbox 652 1540 792 1600; x_wconf 81' lang='lat' dir='ltr'><strong>Pessima</strong></span> <span class='ocrx_word' id='word_1_126' title='bbox 823 1538 944 1616; x_wconf 89' lang='lat' dir='ltr'><strong>Quando</strong></span> <span class='ocrx_word' id='word_1_127' title='bbox 966 1553 1038 1614; x_wconf 88' lang='lat' dir='ltr'><strong>puer</strong></span> <span class='ocrx_word' id='word_1_128' title='bbox 1052 1531 1138 1612; x_wconf 82' lang='lat' dir='ltr'><strong>eram,</strong></span> 
     </span>
     <span class='ocr_line' id='line_1_16' title="bbox 103 1624 1139 1702; baseline -0.006 -14"><span class='ocrx_word' id='word_1_129' title='bbox 103 1645 167 1688; x_wconf 88' lang='lat' dir='ltr'><strong>oum</strong></span> <span class='ocrx_word' id='word_1_130' title='bbox 179 1629 314 1688; x_wconf 89' lang='lat' dir='ltr'><strong>omnibns</strong></span> <span class='ocrx_word' id='word_1_131' title='bbox 335 1630 406 1687; x_wconf 88' lang='lat' dir='ltr'><strong>meis</strong></span> <span class='ocrx_word' id='word_1_132' title='bbox 425 1630 586 1687; x_wconf 83' lang='lat' dir='ltr'><strong>coaetaneis</strong></span> <span class='ocrx_word' id='word_1_133' title='bbox 605 1626 829 1702; x_wconf 71' lang='lat' dir='ltr'><strong>contendebam</strong></span> <span class='ocrx_word' id='word_1_134' title='bbox 849 1627 943 1690; x_wconf 85' lang='lat' dir='ltr'><strong>faetus</strong></span> <span class='ocrx_word' id='word_1_135' title='bbox 963 1624 1139 1698; x_wconf 74' lang='lat' dir='ltr'><strong>adolescens,</strong></span> 
     </span>
     <span class='ocr_line' id='line_1_17' title="bbox 102 1713 1139 1794; baseline -0.003 -21"><span class='ocrx_word' id='word_1_136' title='bbox 102 1715 180 1774; x_wconf 84' lang='lat' dir='ltr'><strong>furtis</strong></span> <span class='ocrx_word' id='word_1_137' title='bbox 190 1731 309 1791; x_wconf 86' lang='lat' dir='ltr'><strong>operam</strong></span> <span class='ocrx_word' id='word_1_138' title='bbox 320 1714 400 1790; x_wconf 79' lang='lat' dir='ltr'><strong>dedi3</strong></span> <span class='ocrx_word' id='word_1_139' title='bbox 419 1713 520 1774; x_wconf 90' lang='lat' dir='ltr'><strong>deinde</strong></span> <span class='ocrx_word' id='word_1_140' title='bbox 532 1716 563 1772; x_wconf 88' lang='lat' dir='ltr'><strong>in</strong></span> <span class='ocrx_word' id='word_1_141' title='bbox 576 1717 670 1772; x_wconf 89' lang='lat' dir='ltr'><strong>virum</strong></span> <span class='ocrx_word' id='word_1_142' title='bbox 681 1714 842 1790; x_wconf 88' lang='lat' dir='ltr'><strong>proficiens,</strong></span> <span class='ocrx_word' id='word_1_143' title='bbox 855 1713 1004 1794; x_wconf 83' lang='lat' dir='ltr'><strong>latrocinia</strong></span> <span class='ocrx_word' id='word_1_144' title='bbox 1016 1713 1139 1785; x_wconf 85' lang='lat' dir='ltr'><strong>exercui,</strong></span> 
     </span>
     <span class='ocr_line' id='line_1_18' title="bbox 102 1799 1139 1878; baseline -0.005 -18"><span class='ocrx_word' id='word_1_145' title='bbox 102 1803 130 1860; x_wconf 91' lang='lat' dir='ltr'><strong>in</strong></span> <span class='ocrx_word' id='word_1_146' title='bbox 148 1803 254 1877; x_wconf 90' lang='lat' dir='ltr'><strong>quibus</strong></span> <span class='ocrx_word' id='word_1_147' title='bbox 275 1801 349 1862; x_wconf 90' lang='lat' dir='ltr'><strong>adeo</strong></span> <span class='ocrx_word' id='word_1_148' title='bbox 364 1801 479 1878; x_wconf 88' lang='lat' dir='ltr'><strong>proieci,</strong></span> <span class='ocrx_word' id='word_1_149' title='bbox 500 1807 533 1860; x_wconf 94' lang='lat' dir='ltr'><strong>ut</strong></span> <span class='ocrx_word' id='word_1_150' title='bbox 546 1799 631 1860; x_wconf 90' lang='lat' dir='ltr'><strong>hodie</strong></span> <span class='ocrx_word' id='word_1_151' title='bbox 646 1808 733 1876; x_wconf 86' lang='lat' dir='ltr'><strong>eaput</strong></span> <span class='ocrx_word' id='word_1_152' title='bbox 755 1807 784 1860; x_wconf 90' lang='lat' dir='ltr'><strong>et</strong></span> <span class='ocrx_word' id='word_1_153' title='bbox 796 1803 932 1876; x_wconf 84' lang='lat' dir='ltr'><strong>magister</strong></span> <span class='ocrx_word' id='word_1_154' title='bbox 945 1800 999 1857; x_wconf 91' lang='lat' dir='ltr'><strong>sim</strong></span> <span class='ocrx_word' id='word_1_155' title='bbox 1012 1799 1139 1857; x_wconf 89' lang='lat' dir='ltr'><strong>omnium</strong></span> 
     </span>
     <span class='ocr_line' id='line_1_19' title="bbox 103 1884 1139 1964; baseline -0.005 -17"><span class='ocrx_word' id='word_1_156' title='bbox 103 1887 245 1948; x_wconf 90' lang='lat' dir='ltr'><strong>latronum</strong></span> <span class='ocrx_word' id='word_1_157' title='bbox 280 1888 364 1948; x_wconf 90' lang='lat' dir='ltr'><strong>huius</strong></span> <span class='ocrx_word' id='word_1_158' title='bbox 399 1890 573 1964; x_wconf 90' lang='lat' dir='ltr'><strong>provinciae.</strong></span> <span class='ocrx_word' id='word_1_159' title='bbox 627 1885 677 1945; x_wconf 87' lang='lat' dir='ltr'><strong>Ad</strong></span> <span class='ocrx_word' id='word_1_160' title='bbox 714 1886 793 1962; x_wconf 90' lang='lat' dir='ltr'><strong>quod</strong></span> <span class='ocrx_word' id='word_1_161' title='bbox 832 1884 1006 1944; x_wconf 76' lang='lat' dir='ltr'><strong>monachusz</strong></span> <span class='ocrx_word' id='word_1_162' title='bbox 1045 1885 1139 1944; x_wconf 88' lang='lat' dir='ltr'><strong>Num-</strong></span> 
     </span>
     <span class='ocr_line' id='line_1_20' title="bbox 103 1971 1138 2050; baseline -0.005 -16"><span class='ocrx_word' id='word_1_163' title='bbox 103 1975 170 2050; x_wconf 91' lang='lat' dir='ltr'><strong>quid</strong></span> <span class='ocrx_word' id='word_1_164' title='bbox 195 1993 255 2036; x_wconf 90' lang='lat' dir='ltr'><strong>non</strong></span> <span class='ocrx_word' id='word_1_165' title='bbox 283 1977 389 2034; x_wconf 90' lang='lat' dir='ltr'><strong>timetis</strong></span> <span class='ocrx_word' id='word_1_166' title='bbox 409 1992 518 2050; x_wconf 90' lang='lat' dir='ltr'><strong>poenas</strong></span> <span class='ocrx_word' id='word_1_167' title='bbox 539 1979 683 2049; x_wconf 88' lang='lat' dir='ltr'><strong>aeternas,</strong></span> <span class='ocrx_word' id='word_1_168' title='bbox 711 1972 875 2032; x_wconf 90' lang='lat' dir='ltr'><strong>huiusmodi</strong></span> <span class='ocrx_word' id='word_1_169' title='bbox 897 1971 1032 2048; x_wconf 87' lang='lat' dir='ltr'><strong>operibus</strong></span> <span class='ocrx_word' id='word_1_170' title='bbox 1052 1986 1138 2046; x_wconf 88' lang='lat' dir='ltr'><strong>prae-</strong></span> 
     </span>
     <span class='ocr_line' id='line_1_21' title="bbox 103 2055 1138 2138; baseline -0.004 -16"><span class='ocrx_word' id='word_1_171' title='bbox 103 2061 240 2138; x_wconf 80' lang='lat' dir='ltr'><strong>paratas?</strong></span> <span class='ocrx_word' id='word_1_172' title='bbox 261 2062 384 2122; x_wconf 86' lang='lat' dir='ltr'><strong>Dicente</strong></span> <span class='ocrx_word' id='word_1_173' title='bbox 404 2062 462 2138; x_wconf 87' lang='lat' dir='ltr'><strong>illo,</strong></span> <span class='ocrx_word' id='word_1_174' title='bbox 485 2061 520 2120; x_wconf 90' lang='lat' dir='ltr'><strong>de</strong></span> <span class='ocrx_word' id='word_1_175' title='bbox 542 2063 637 2121; x_wconf 91' lang='lat' dir='ltr'><strong>anime</strong></span> <span class='ocrx_word' id='word_1_176' title='bbox 658 2059 737 2119; x_wconf 92' lang='lat' dir='ltr'><strong>nulla</strong></span> <span class='ocrx_word' id='word_1_177' title='bbox 758 2059 827 2118; x_wconf 92' lang='lat' dir='ltr'><strong>mihi</strong></span> <span class='ocrx_word' id='word_1_178' title='bbox 849 2061 978 2134; x_wconf 87' lang='lat' dir='ltr'><strong>quaestio</strong></span> <span class='ocrx_word' id='word_1_179' title='bbox 1001 2065 1045 2117; x_wconf 90' lang='lat' dir='ltr'><strong>est</strong></span> <span class='ocrx_word' id='word_1_180' title='bbox 1052 2055 1082 2138; x_wconf 83' lang='lat'><strong>²),</strong></span> <span class='ocrx_word' id='word_1_181' title='bbox 1103 2074 1138 2118; x_wconf 88' lang='lat' dir='ltr'><strong>eo</strong></span> 
     </span>
     <span class='ocr_line' id='line_1_22' title="bbox 103 2145 1140 2226; baseline -0.003 -19"><span class='ocrx_word' id='word_1_182' title='bbox 103 2149 179 2224; x_wconf 90' lang='lat' dir='ltr'><strong>quod</strong></span> <span class='ocrx_word' id='word_1_183' title='bbox 199 2149 314 2226; x_wconf 87' lang='lat' dir='ltr'><strong>perdita</strong></span> <span class='ocrx_word' id='word_1_184' title='bbox 334 2151 391 2224; x_wconf 80' lang='lat' dir='ltr'><strong>ait3&#39;</strong></span> <span class='ocrx_word' id='word_1_185' title='bbox 407 2149 565 2208; x_wconf 89' lang='lat' dir='ltr'><strong>monachus</strong></span> <span class='ocrx_word' id='word_1_186' title='bbox 580 2147 743 2224; x_wconf 64' lang='lat' dir='ltr'><strong>‘respondite</strong></span> <span class='ocrx_word' id='word_1_187' title='bbox 776 2145 853 2223; x_wconf 85' lang='lat' dir='ltr'><strong>Quid</strong></span> <span class='ocrx_word' id='word_1_188' title='bbox 874 2148 898 2204; x_wconf 91' lang='lat' dir='ltr'><strong>si</strong></span> <span class='ocrx_word' id='word_1_189' title='bbox 918 2161 1034 2221; x_wconf 88' lang='lat' dir='ltr'><strong>possem</strong></span> <span class='ocrx_word' id='word_1_190' title='bbox 1055 2145 1140 2204; x_wconf 89' lang='lat' dir='ltr'><strong>vobis</strong></span> 
     </span>
     <span class='ocr_line' id='line_1_23' title="bbox 103 2230 1141 2317; baseline -0.005 -23"><span class='ocrx_word' id='word_1_191' title='bbox 103 2235 252 2296; x_wconf 88' lang='lat' dir='ltr'><strong>ostendere</strong></span> <span class='ocrx_word' id='word_1_192' title='bbox 274 2238 355 2317; x_wconf 86' lang='lat' dir='ltr'><strong>viam</strong></span> <span class='ocrx_word' id='word_1_193' title='bbox 374 2236 487 2310; x_wconf 87' lang='lat' dir='ltr'><strong>salutis,</strong></span> <span class='ocrx_word' id='word_1_194' title='bbox 509 2235 620 2294; x_wconf 89' lang='lat' dir='ltr'><strong>velletis</strong></span> <span class='ocrx_word' id='word_1_195' title='bbox 642 2235 711 2294; x_wconf 91' lang='lat' dir='ltr'><strong>mihi</strong></span> <span class='ocrx_word' id='word_1_196' title='bbox 732 2231 1063 2309; x_wconf 81' lang='lat' dir='ltr'><strong>acquiescere,·necna‘?</strong></span> <span class='ocrx_word' id='word_1_197' title='bbox 1089 2230 1141 2290; x_wconf 88' lang='lat' dir='ltr'><strong>Ait</strong></span> 
     </span>
     <span class='ocr_line' id='line_1_24' title="bbox 102 2317 1140 2384; baseline -0.004 -4"><span class='ocrx_word' id='word_1_198' title='bbox 102 2321 188 2384; x_wconf 83' lang='lat' dir='ltr'><strong>latro:</strong></span> <span class='ocrx_word' id='word_1_199' title='bbox 210 2317 307 2382; x_wconf 87' lang='lat' dir='ltr'><strong>Etiam</strong></span> <span class='ocrx_word' id='word_1_200' title='bbox 322 2325 404 2382; x_wconf 91' lang='lat' dir='ltr'><strong>vobis</strong></span> <span class='ocrx_word' id='word_1_201' title='bbox 420 2325 616 2382; x_wconf 89' lang='lat' dir='ltr'><strong>consentirem.</strong></span> <span class='ocrx_word' id='word_1_202' title='bbox 655 2321 694 2380; x_wconf 86' lang='lat' dir='ltr'><strong>Et</strong></span> <span class='ocrx_word' id='word_1_203' title='bbox 714 2321 776 2380; x_wconf 85' lang='lat' dir='ltr'><strong>ille:</strong></span> <span class='ocrx_word' id='word_1_204' title='bbox 797 2321 933 2380; x_wconf 79' lang='lat' dir='ltr'><strong>deiunatc</strong></span> <span class='ocrx_word' id='word_1_205' title='bbox 954 2322 1043 2378; x_wconf 91' lang='lat' dir='ltr'><strong>unum</strong></span> <span class='ocrx_word' id='word_1_206' title='bbox 1065 2317 1140 2378; x_wconf 91' lang='lat' dir='ltr'><strong>diem</strong></span> 
     </span>
     <span class='ocr_line' id='line_1_25' title="bbox 102 2406 1141 2480; baseline -0.005 -12"><span class='ocrx_word' id='word_1_207' title='bbox 102 2411 130 2468; x_wconf 88' lang='lat' dir='ltr'><strong>in</strong></span> <span class='ocrx_word' id='word_1_208' title='bbox 155 2409 341 2470; x_wconf 89' lang='lat' dir='ltr'><strong>hebdomada</strong></span> <span class='ocrx_word' id='word_1_209' title='bbox 367 2411 397 2467; x_wconf 92' lang='lat' dir='ltr'><strong>in</strong></span> <span class='ocrx_word' id='word_1_210' title='bbox 424 2409 532 2469; x_wconf 90' lang='lat' dir='ltr'><strong>honore</strong></span> <span class='ocrx_word' id='word_1_211' title='bbox 561 2415 679 2468; x_wconf 86' lang='lat' dir='ltr'><strong>sanetae</strong></span> <span class='ocrx_word' id='word_1_212' title='bbox 707 2407 818 2468; x_wconf 88' lang='lat' dir='ltr'><strong>Mariae</strong></span> <span class='ocrx_word' id='word_1_213' title='bbox 846 2406 997 2466; x_wconf 86' lang='lat' dir='ltr'><strong>Genitriois</strong></span> <span class='ocrx_word' id='word_1_214' title='bbox 1025 2406 1090 2480; x_wconf 91' lang='lat' dir='ltr'><strong>Dei,</strong></span> <span class='ocrx_word' id='word_1_215' title='bbox 1111 2411 1141 2463; x_wconf 91' lang='lat' dir='ltr'><strong>et</strong></span> 
     </span>
     <span class='ocr_line' id='line_1_26' title="bbox 102 2491 1140 2576; baseline 0 -22"><span class='ocrx_word' id='word_1_216' title='bbox 102 2495 211 2559; x_wconf 87' lang='lat' dir='ltr'><strong>nullum</strong></span> <span class='ocrx_word' id='word_1_217' title='bbox 239 2499 269 2554; x_wconf 87' lang='lat' dir='ltr'><strong>in</strong></span> <span class='ocrx_word' id='word_1_218' title='bbox 297 2491 376 2576; x_wconf 65' lang='lat' dir='ltr'><strong>ipae)</strong></span> <span class='ocrx_word' id='word_1_219' title='bbox 405 2495 541 2570; x_wconf 73' lang='lat' dir='ltr'><strong>medatis,</strong></span> <span class='ocrx_word' id='word_1_220' title='bbox 570 2502 599 2554; x_wconf 91' lang='lat' dir='ltr'><strong>et</strong></span> <span class='ocrx_word' id='word_1_221' title='bbox 627 2497 723 2555; x_wconf 88' lang='lat' dir='ltr'><strong>sciatis</strong></span> <span class='ocrx_word' id='word_1_222' title='bbox 751 2512 803 2570; x_wconf 92' lang='lat' dir='ltr'><strong>pro</strong></span> <span class='ocrx_word' id='word_1_223' title='bbox 826 2501 903 2554; x_wconf 87' lang='lat' dir='ltr'><strong>certo</strong></span> <span class='ocrx_word' id='word_1_224' title='bbox 931 2495 999 2569; x_wconf 90' lang='lat' dir='ltr'><strong>quia</strong></span> <span class='ocrx_word' id='word_1_225' title='bbox 1019 2493 1140 2570; x_wconf 77' lang='lat' dir='ltr'><strong>gratiam</strong></span> 
     </span>
     <span class='ocr_line' id='line_1_27' title="bbox 102 2580 1141 2662; baseline -0.003 -21"><span class='ocrx_word' id='word_1_226' title='bbox 102 2583 178 2658; x_wconf 83' lang='lat' dir='ltr'><strong>apud</strong></span> <span class='ocrx_word' id='word_1_227' title='bbox 199 2580 320 2662; x_wconf 64' lang='lat' dir='ltr'><strong>fibumt)</strong></span> <span class='ocrx_word' id='word_1_228' title='bbox 345 2583 428 2642; x_wconf 86' lang='lat' dir='ltr'><strong>vobis</strong></span> <span class='ocrx_word' id='word_1_229' title='bbox 451 2584 597 2642; x_wconf 90' lang='lat' dir='ltr'><strong>obtinebit</strong></span> <span class='ocrx_word' id='word_1_230' title='bbox 617 2613 622 2622; x_wconf 89' lang='lat'><strong>·</strong></span> <span class='ocrx_word' id='word_1_231' title='bbox 640 2581 799 2657; x_wconf 84' lang='lat' dir='ltr'><strong>Respondit</strong></span> <span class='ocrx_word' id='word_1_232' title='bbox 819 2581 907 2640; x_wconf 87' lang='lat' dir='ltr'><strong>latro:</strong></span> <span class='ocrx_word' id='word_1_233' title='bbox 936 2581 1019 2640; x_wconf 89' lang='lat' dir='ltr'><strong>Haec</strong></span> <span class='ocrx_word' id='word_1_234' title='bbox 1039 2595 1141 2639; x_wconf 84' lang='lat' dir='ltr'><strong>revera</strong></span> 
     </span>
    </p>
   </div>
   <div class='ocr_carea' id='block_1_5' title="bbox 101 2665 1240 2746">
    <p class='ocr_par' dir='ltr' id='par_1_5' title="bbox 101 2665 1240 2746">
     <span class='ocr_line' id='line_1_28' title="bbox 101 2665 1240 2746; baseline -0.001 -20"><span class='ocrx_word' id='word_1_235' title='bbox 101 2668 218 2745; x_wconf 80' lang='lat' dir='ltr'><strong>iactam,</strong></span> <span class='ocrx_word' id='word_1_236' title='bbox 253 2677 282 2730; x_wconf 92' lang='lat' dir='ltr'><strong>et</strong></span> <span class='ocrx_word' id='word_1_237' title='bbox 308 2672 367 2729; x_wconf 91' lang='lat' dir='ltr'><strong>iam</strong></span> <span class='ocrx_word' id='word_1_238' title='bbox 387 2686 499 2746; x_wconf 81' lang='lat' dir='ltr'><strong>rove03</strong></span> <span class='ocrx_word' id='word_1_239' title='bbox 528 2669 598 2728; x_wconf 91' lang='lat' dir='ltr'><strong>nihil</strong></span> <span class='ocrx_word' id='word_1_240' title='bbox 627 2685 662 2728; x_wconf 87' lang='lat' dir='ltr'><strong>ea</strong></span> <span class='ocrx_word' id='word_1_241' title='bbox 695 2667 927 2742; x_wconf 75' lang='lat' dir='ltr'><strong>draconariam,</strong></span> <span class='ocrx_word' id='word_1_242' title='bbox 955 2666 1066 2726; x_wconf 88' lang='lat' dir='ltr'><strong>nullum</strong></span> <span class='ocrx_word' id='word_1_243' title='bbox 1087 2665 1140 2726; x_wconf 87' lang='lat' dir='ltr'><strong>de·</strong></span> <span class='ocrx_word' id='word_1_244' title='bbox 1239 2671 1240 2674; x_wconf 76' lang='grc'>’</span> 
     </span>
    </p>
   </div>
   <div class='ocr_carea' id='block_1_6' title="bbox 34 2753 1166 3616">
    <p class='ocr_par' dir='ltr' id='par_1_6' title="bbox 34 2753 1166 3616">
     <span class='ocr_line' id='line_1_29' title="bbox 102 2753 1141 2832; baseline -0.003 -18"><span class='ocrx_word' id='word_1_245' title='bbox 102 2757 277 2832; x_wconf 89' lang='lat' dir='ltr'><strong>praedabor,</strong></span> <span class='ocrx_word' id='word_1_246' title='bbox 298 2756 408 2815; x_wconf 91' lang='lat' dir='ltr'><strong>nullum</strong></span> <span class='ocrx_word' id='word_1_247' title='bbox 434 2756 556 2816; x_wconf 89' lang='lat' dir='ltr'><strong>laedam.</strong></span> <span class='ocrx_word' id='word_1_248' title='bbox 598 2755 750 2832; x_wconf 84' lang='lat' dir='ltr'><strong>Elagitque</strong></span> <span class='ocrx_word' id='word_1_249' title='bbox 774 2756 849 2816; x_wconf 89' lang='lat' dir='ltr'><strong>diem</strong></span> <span class='ocrx_word' id='word_1_250' title='bbox 870 2755 999 2828; x_wconf 87' lang='lat' dir='ltr'><strong>sabbati,</strong></span> <span class='ocrx_word' id='word_1_251' title='bbox 1020 2753 1090 2812; x_wconf 91' lang='lat' dir='ltr'><strong>nihil</strong></span> <span class='ocrx_word' id='word_1_252' title='bbox 1111 2755 1141 2812; x_wconf 89' lang='lat' dir='ltr'><strong>in</strong></span> 
     </span>
     <span class='ocr_line' id='line_1_30' title="bbox 102 2840 1166 2919; baseline 0.004 -19"><span class='ocrx_word' id='word_1_253' title='bbox 102 2843 149 2903; x_wconf 91' lang='lat' dir='ltr'><strong>illo</strong></span> <span class='ocrx_word' id='word_1_254' title='bbox 170 2844 241 2903; x_wconf 89' lang='lat' dir='ltr'><strong>mali</strong></span> <span class='ocrx_word' id='word_1_255' title='bbox 262 2861 399 2919; x_wconf 91' lang='lat' dir='ltr'><strong>operans,</strong></span> <span class='ocrx_word' id='word_1_256' title='bbox 423 2846 481 2903; x_wconf 91' lang='lat' dir='ltr'><strong>imo</strong></span> <span class='ocrx_word' id='word_1_257' title='bbox 503 2844 639 2919; x_wconf 89' lang='lat' dir='ltr'><strong>plurimos</strong></span> <span class='ocrx_word' id='word_1_258' title='bbox 661 2860 680 2902; x_wconf 91' lang='lat' dir='ltr'><strong>a</strong></span> <span class='ocrx_word' id='word_1_259' title='bbox 701 2841 842 2904; x_wconf 86' lang='lat' dir='ltr'><strong>sociorum</strong></span> <span class='ocrx_word' id='word_1_260' title='bbox 864 2843 997 2900; x_wconf 90' lang='lat' dir='ltr'><strong>manibus</strong></span> <span class='ocrx_word' id='word_1_261' title='bbox 1019 2840 1141 2916; x_wconf 89' lang='lat' dir='ltr'><strong>deprae-</strong></span> <span class='ocrx_word' id='word_1_262' title='bbox 1165 2901 1166 2904; x_wconf 74' lang='grc'>,</span> 
     </span>
     <span class='ocr_line' id='line_1_31' title="bbox 102 2927 1141 3008; baseline -0.003 -20"><span class='ocrx_word' id='word_1_263' title='bbox 102 2927 212 2990; x_wconf 87' lang='lat' dir='ltr'><strong>dandos</strong></span> <span class='ocrx_word' id='word_1_264' title='bbox 242 2934 303 3008; x_wconf 88' lang='lat' dir='ltr'><strong>sive</strong></span> <span class='ocrx_word' id='word_1_265' title='bbox 325 2929 496 2990; x_wconf 84' lang='lat' dir='ltr'><strong>occidendos</strong></span> <span class='ocrx_word' id='word_1_266' title='bbox 519 2932 557 2989; x_wconf 93' lang='lat' dir='ltr'><strong>ob</strong></span> <span class='ocrx_word' id='word_1_267' title='bbox 579 2929 717 2989; x_wconf 88' lang='lat' dir='ltr'><strong>honorem</strong></span> <span class='ocrx_word' id='word_1_268' title='bbox 738 2932 841 2989; x_wconf 88' lang='lat' dir='ltr'><strong>beatae</strong></span> <span class='ocrx_word' id='word_1_269' title='bbox 862 2930 989 3005; x_wconf 85' lang='lat' dir='ltr'><strong>Virginis</strong></span> <span class='ocrx_word' id='word_1_270' title='bbox 1011 2930 1141 3003; x_wconf 86' lang='lat' dir='ltr'><strong>eripiens.</strong></span> 
     </span>
     <span class='ocr_line' id='line_1_32' title="bbox 102 3013 1163 3094; baseline -0.002 -20"><span class='ocrx_word' id='word_1_271' title='bbox 102 3016 212 3078; x_wconf 87' lang='lat' dir='ltr'><strong>Eodem</strong></span> <span class='ocrx_word' id='word_1_272' title='bbox 234 3023 363 3094; x_wconf 89' lang='lat' dir='ltr'><strong>ternpore</strong></span> <span class='ocrx_word' id='word_1_273' title='bbox 379 3017 548 3076; x_wconf 82' lang='lat' dir='ltr'><strong>Tridentum</strong></span> <span class='ocrx_word' id='word_1_274' title='bbox 570 3017 607 3076; x_wconf 93' lang='lat' dir='ltr'><strong>ab</strong></span> <span class='ocrx_word' id='word_1_275' title='bbox 629 3016 761 3076; x_wconf 82' lang='lat' dir='ltr'><strong>hostibus</strong></span> <span class='ocrx_word' id='word_1_276' title='bbox 782 3033 833 3091; x_wconf 91' lang='lat' dir='ltr'><strong>per</strong></span> <span class='ocrx_word' id='word_1_277' title='bbox 855 3018 1001 3076; x_wconf 87' lang='lat' dir='ltr'><strong>circuitum</strong></span> <span class='ocrx_word' id='word_1_278' title='bbox 1021 3013 1163 3073; x_wconf 52' lang='lat' dir='ltr'><strong>mtesra»</strong></span> 
     </span>
     <span class='ocr_line' id='line_1_33' title="bbox 101 3101 1142 3180; baseline -0.002 -18"><span class='ocrx_word' id='word_1_279' title='bbox 101 3103 199 3180; x_wconf 85' lang='lat' dir='ltr'><strong>batur,</strong></span> <span class='ocrx_word' id='word_1_280' title='bbox 230 3111 259 3165; x_wconf 90' lang='lat' dir='ltr'><strong>et</strong></span> <span class='ocrx_word' id='word_1_281' title='bbox 288 3111 423 3164; x_wconf 87' lang='lat' dir='ltr'><strong>exeuntes</strong></span> <span class='ocrx_word' id='word_1_282' title='bbox 451 3103 587 3164; x_wconf 88' lang='lat' dir='ltr'><strong>satellites</strong></span> <span class='ocrx_word' id='word_1_283' title='bbox 610 3105 732 3162; x_wconf 84' lang='lat' dir='ltr'><strong>civitatis</strong></span> <span class='ocrx_word' id='word_1_284' title='bbox 754 3119 820 3162; x_wconf 91' lang='lat' dir='ltr'><strong>oum</strong></span> <span class='ocrx_word' id='word_1_285' title='bbox 841 3103 940 3162; x_wconf 90' lang='lat' dir='ltr'><strong>hostes</strong></span> <span class='ocrx_word' id='word_1_286' title='bbox 961 3101 1007 3160; x_wconf 91' lang='lat' dir='ltr'><strong>die</strong></span> <span class='ocrx_word' id='word_1_287' title='bbox 1028 3101 1142 3161; x_wconf 89' lang='lat' dir='ltr'><strong>sabbati</strong></span> 
     </span>
     <span class='ocr_line' id='line_1_34' title="bbox 101 3189 1142 3268; baseline -0.003 -20"><span class='ocrx_word' id='word_1_288' title='bbox 101 3191 325 3268; x_wconf 87' lang='lat' dir='ltr'><strong>insequerentur,</strong></span> <span class='ocrx_word' id='word_1_289' title='bbox 346 3194 403 3250; x_wconf 93' lang='lat' dir='ltr'><strong>iam</strong></span> <span class='ocrx_word' id='word_1_290' title='bbox 422 3190 529 3250; x_wconf 86' lang='lat' dir='ltr'><strong>dictum</strong></span> <span class='ocrx_word' id='word_1_291' title='bbox 550 3190 689 3251; x_wconf 90' lang='lat' dir='ltr'><strong>latronem</strong></span> <span class='ocrx_word' id='word_1_292' title='bbox 704 3193 840 3249; x_wconf 89' lang='lat' dir='ltr'><strong>inermem</strong></span> <span class='ocrx_word' id='word_1_293' title='bbox 855 3189 1142 3265; x_wconf 83' lang='lat' dir='ltr'><strong>propter-sabbatum</strong></span> 
     </span>
     <span class='ocr_line' id='line_1_35' title="bbox 34 3274 1141 3354; baseline -0.006 -14"><span class='ocrx_word' id='word_1_294' title='bbox 34 3335 36 3340; x_wconf 83' lang='grc'>.</span> <span class='ocrx_word' id='word_1_295' title='bbox 103 3295 167 3339; x_wconf 89' lang='lat' dir='ltr'><strong>oum</strong></span> <span class='ocrx_word' id='word_1_296' title='bbox 191 3281 292 3339; x_wconf 88' lang='lat' dir='ltr'><strong>ceteris</strong></span> <span class='ocrx_word' id='word_1_297' title='bbox 314 3284 459 3354; x_wconf 89' lang='lat' dir='ltr'><strong>oeperunt.</strong></span> <span class='ocrx_word' id='word_1_298' title='bbox 501 3278 539 3336; x_wconf 89' lang='lat' dir='ltr'><strong>Et</strong></span> <span class='ocrx_word' id='word_1_299' title='bbox 562 3295 628 3336; x_wconf 88' lang='lat' dir='ltr'><strong>oum</strong></span> <span class='ocrx_word' id='word_1_300' title='bbox 650 3282 726 3336; x_wconf 89' lang='lat' dir='ltr'><strong>esset</strong></span> <span class='ocrx_word' id='word_1_301' title='bbox 745 3276 931 3350; x_wconf 86' lang='lat' dir='ltr'><strong>fortissimus,</strong></span> <span class='ocrx_word' id='word_1_302' title='bbox 954 3292 1013 3334; x_wconf 91' lang='lat' dir='ltr'><strong>non</strong></span> <span class='ocrx_word' id='word_1_303' title='bbox 1035 3292 1066 3336; x_wconf 91' lang='lat' dir='ltr'><strong>se</strong></span> <span class='ocrx_word' id='word_1_304' title='bbox 1088 3274 1141 3334; x_wconf 87' lang='lat' dir='ltr'><strong>de-</strong></span> 
     </span>
     <span class='ocr_line' id='line_1_36' title="bbox 100 3361 1142 3440; baseline -0.002 -17"><span class='ocrx_word' id='word_1_305' title='bbox 100 3364 236 3424; x_wconf 81' lang='lat' dir='ltr'><strong>fendebat</strong></span> <span class='ocrx_word' id='word_1_306' title='bbox 263 3383 329 3424; x_wconf 92' lang='lat' dir='ltr'><strong>oum</strong></span> <span class='ocrx_word' id='word_1_307' title='bbox 351 3371 514 3440; x_wconf 88' lang='lat' dir='ltr'><strong>caperetur,</strong></span> <span class='ocrx_word' id='word_1_308' title='bbox 543 3381 600 3424; x_wconf 91' lang='lat' dir='ltr'><strong>non</strong></span> <span class='ocrx_word' id='word_1_309' title='bbox 623 3380 654 3422; x_wconf 90' lang='lat' dir='ltr'><strong>se</strong></span> <span class='ocrx_word' id='word_1_310' title='bbox 677 3363 849 3438; x_wconf 85' lang='lat' dir='ltr'><strong>excusabat,</strong></span> <span class='ocrx_word' id='word_1_311' title='bbox 876 3379 931 3422; x_wconf 89' lang='lat' dir='ltr'><strong>neo</strong></span> <span class='ocrx_word' id='word_1_312' title='bbox 951 3363 1031 3438; x_wconf 92' lang='lat' dir='ltr'><strong>loqui</strong></span> <span class='ocrx_word' id='word_1_313' title='bbox 1051 3361 1142 3422; x_wconf 90' lang='lat' dir='ltr'><strong>voluit</strong></span> 
     </span>
     <span class='ocr_line' id='line_1_37' title="bbox 100 3447 1142 3529; baseline 0.001 -21"><span class='ocrx_word' id='word_1_314' title='bbox 100 3453 291 3529; x_wconf 87' lang='lat' dir='ltr'><strong>interrogatus</strong></span> <span class='ocrx_word' id='word_1_315' title='bbox 313 3469 379 3512; x_wconf 92' lang='lat' dir='ltr'><strong>cum</strong></span> <span class='ocrx_word' id='word_1_316' title='bbox 402 3450 558 3510; x_wconf 83' lang='lat' dir='ltr'><strong>duceretur.</strong></span> <span class='ocrx_word' id='word_1_317' title='bbox 602 3450 728 3512; x_wconf 88' lang='lat' dir='ltr'><strong>Veniens</strong></span> <span class='ocrx_word' id='word_1_318' title='bbox 737 3447 757 3529; x_wconf 77' lang='lat'><strong>⁵)</strong></span> <span class='ocrx_word' id='word_1_319' title='bbox 780 3453 808 3508; x_wconf 93' lang='lat' dir='ltr'><strong>in</strong></span> <span class='ocrx_word' id='word_1_320' title='bbox 832 3450 992 3524; x_wconf 84' lang='lat' dir='ltr'><strong>civitatem,</strong></span> <span class='ocrx_word' id='word_1_321' title='bbox 1021 3465 1089 3510; x_wconf 85' lang='lat' dir='ltr'><strong>mox</strong></span> <span class='ocrx_word' id='word_1_322' title='bbox 1109 3456 1142 3509; x_wconf 92' lang='lat' dir='ltr'><strong>ut</strong></span> 
     </span>
     <span class='ocr_line' id='line_1_38' title="bbox 102 3533 1141 3616; baseline -0.003 -19"><span class='ocrx_word' id='word_1_323' title='bbox 102 3541 232 3616; x_wconf 85' lang='lat' dir='ltr'><strong>cognitus</strong></span> <span class='ocrx_word' id='word_1_324' title='bbox 262 3545 321 3613; x_wconf 88' lang='lat' dir='ltr'><strong>est,</strong></span> <span class='ocrx_word' id='word_1_325' title='bbox 348 3536 479 3615; x_wconf 89' lang='lat' dir='ltr'><strong>patibulo</strong></span> <span class='ocrx_word' id='word_1_326' title='bbox 508 3533 687 3598; x_wconf 83' lang='lat' dir='ltr'><strong>adiudicatus</strong></span> <span class='ocrx_word' id='word_1_327' title='bbox 709 3542 761 3596; x_wconf 88' lang='lat' dir='ltr'><strong>est</strong></span> <span class='ocrx_word' id='word_1_328' title='bbox 804 3537 884 3596; x_wconf 89' lang='lat' dir='ltr'><strong>Nutu</strong></span> <span class='ocrx_word' id='word_1_329' title='bbox 904 3542 1002 3597; x_wconf 89' lang='lat' dir='ltr'><strong>tamen</strong></span> <span class='ocrx_word' id='word_1_330' title='bbox 1022 3544 1056 3597; x_wconf 92' lang='lat' dir='ltr'><strong>ut</strong></span> <span class='ocrx_word' id='word_1_331' title='bbox 1077 3553 1141 3596; x_wconf 88' lang='lat' dir='ltr'><strong>ere-</strong></span> 
     </span>
    </p>
   </div>
   <div class='ocr_carea' id='block_1_7' title="bbox 119 3693 1225 3916">
    <p class='ocr_par' dir='ltr' id='par_1_7' title="bbox 119 3693 1225 3916">
     <span class='ocr_line' id='line_1_39' title="bbox 119 3693 1225 3794; baseline -0.003 -18"><span class='ocrx_word' id='word_1_332' title='bbox 119 3724 151 3794; x_wconf 86' lang='lat'><strong>1)</strong></span> <span class='ocrx_word' id='word_1_333' title='bbox 169 3726 196 3777; x_wconf 70' lang='lat' dir='ltr'><strong>rr</strong></span> <span class='ocrx_word' id='word_1_334' title='bbox 220 3741 261 3776; x_wconf 78' lang='lat' dir='ltr'><strong>om</strong></span> <span class='ocrx_word' id='word_1_335' title='bbox 280 3723 309 3776; x_wconf 83' lang='lat' dir='ltr'><strong>a.</strong></span> <span class='ocrx_word' id='word_1_336' title='bbox 327 3723 399 3777; x_wconf 79' lang='lat' dir='ltr'><strong>conr.</strong></span> <span class='ocrx_word' id='word_1_337' title='bbox 416 3724 504 3776; x_wconf 74' lang='lat' dir='ltr'><strong>narra.</strong></span> <span class='ocrx_word' id='word_1_338' title='bbox 524 3723 566 3787; x_wconf 76' lang='lat' dir='ltr'><strong>rs,</strong></span> <span class='ocrx_word' id='word_1_339' title='bbox 583 3725 609 3776; x_wconf 86' lang='lat' dir='ltr'><strong>a.</strong></span> <span class='ocrx_word' id='word_1_340' title='bbox 629 3753 658 3764; x_wconf 90' lang='lat'>-</span> <span class='ocrx_word' id='word_1_341' title='bbox 679 3722 749 3790; x_wconf 69' lang='lat' dir='ltr'><strong>aps</strong></span> <span class='ocrx_word' id='word_1_342' title='bbox 771 3722 850 3774; x_wconf 70' lang='lat' dir='ltr'><strong>mine</strong></span> <span class='ocrx_word' id='word_1_343' title='bbox 873 3723 958 3774; x_wconf 71' lang='lat' dir='ltr'><strong>nuris</strong></span> <span class='ocrx_word' id='word_1_344' title='bbox 977 3730 1028 3774; x_wconf 73' lang='lat' dir='ltr'><strong>ert</strong></span> <span class='ocrx_word' id='word_1_345' title='bbox 1045 3737 1142 3790; x_wconf 73' lang='lat' dir='ltr'><strong>quae.</strong></span> <span class='ocrx_word' id='word_1_346' title='bbox 1220 3693 1225 3704; x_wconf 72' lang='grc'><em>“</em></span> 
     </span>
     <span class='ocr_line' id='line_1_40' title="bbox 171 3791 1142 3916; baseline -0.005 -69"><span class='ocrx_word' id='word_1_347' title='bbox 171 3793 339 3916; x_wconf 28' lang='lat' dir='ltr'><strong>:mk-⁸⁸3)</strong></span> <span class='ocrx_word' id='word_1_348' title='bbox 357 3795 376 3846; x_wconf 88' lang='lat' dir='ltr'>B</span> <span class='ocrx_word' id='word_1_349' title='bbox 394 3797 424 3848; x_wconf 85' lang='lat' dir='ltr'><strong>iu</strong></span> <span class='ocrx_word' id='word_1_350' title='bbox 441 3793 499 3846; x_wconf 84' lang='lat' dir='ltr'><strong>iila</strong></span> <span class='ocrx_word' id='word_1_351' title='bbox 517 3793 623 3869; x_wconf 66' lang='lat' dir='ltr'><strong>dia·</strong></span> <span class='ocrx_word' id='word_1_352' title='bbox 636 3793 668 3861; x_wconf 79' lang='lat'><strong>4)</strong></span> <span class='ocrx_word' id='word_1_353' title='bbox 685 3791 706 3846; x_wconf 80' lang='lat' dir='ltr'><strong><em>G</em></strong></span> <span class='ocrx_word' id='word_1_354' title='bbox 723 3791 827 3845; x_wconf 84' lang='lat' dir='ltr'><strong>lilium</strong></span> <span class='ocrx_word' id='word_1_355' title='bbox 846 3807 941 3844; x_wconf 87' lang='lat' dir='ltr'><strong>suum.</strong></span> <span class='ocrx_word' id='word_1_356' title='bbox 956 3821 985 3832; x_wconf 90' lang='lat'><em>-</em></span> <span class='ocrx_word' id='word_1_357' title='bbox 1000 3792 1031 3860; x_wconf 83' lang='lat' dir='ltr'><strong>b)</strong></span> <span class='ocrx_word' id='word_1_358' title='bbox 1049 3792 1070 3845; x_wconf 87' lang='lat' dir='ltr'>B</span> <span class='ocrx_word' id='word_1_359' title='bbox 1087 3795 1142 3844; x_wconf 82' lang='lat' dir='ltr'><strong>ire-</strong></span> 
     </span>
    </p>
   </div>
   <div class='ocr_carea' id='block_1_8' title="bbox 0 0 1332 4308">
    <p class='ocr_par' dir='ltr' id='par_1_8' title="bbox 0 0 1332 4308">
     <span class='ocr_line' id='line_1_41' title="bbox 0 0 1332 4308; baseline 0 0"><span class='ocrx_word' id='word_1_360' title='bbox 0 0 1332 4308; x_wconf 95' lang='lat' dir='ltr'><strong> </strong></span> 
     </span>
    </p>
   </div>
  </div>
 </body>
</html>
