2654 4308
383 276 438 336 nn
459 273 645 338 orruasrs
665 255 901 337 vrsroamus.
1098 275 1156 336 105

389 520 391 526 ι
432 431 666 498 cAPrrULUM
691 427 849 514 xxxrr)

187 556 236 618 Dc
260 553 428 618 malado
451 553 563 616 donate
583 557 636 630 φα·
655 557 689 618 ia
707 553 808 631 ἠθικα
829 555 944 630 leprosi,
968 551 1075 617 cirrati

544 641 631 718 pedes
653 643 734 702 lavit.

184 742 388 806 Nobilissimus
414 745 547 820 princeps
569 744 754 805 Thoobaldus
776 743 880 804 Comes
903 741 1091 819 Campaniae,
1123 741 1159 803 de

118 834 201 893 cuius
231 831 367 907 operibns
393 830 602 894 misericordiae
623 834 652 890 in
673 833 742 892 Vita
764 836 854 892 sancti
875 830 1014 890 Bemardl
1034 829 1159 891 Abbatis

119 915 307 978 Glaraerallis
329 919 400 978 mira
420 917 554 994 leguntur
566 915 596 998 ¹),
615 925 711 979 tautae
733 918 900 978 humilitatis
921 923 997 991 erat,
1018 923 1051 976 ut
1073 920 1159 977 etiam

118 1004 346 1081 praesentialiter
377 1008 491 1082 tuguria
525 1004 702 1082 leprosorum
734 1007 871 1066 visitaret
924 1003 1030 1064 Adhuc
1057 1007 1161 1063 vivunt

119 1093 169 1167 qui
197 1091 279 1152 illum
304 1093 334 1148 iu
357 1108 442 1151 carne
463 1092 604 1151 viderunt.
646 1082 785 1153 Habebat
805 1097 902 1152 antem
924 1096 990 1151 aute
1013 1088 1159 1166 quoddam

117 1195 204 1239 suum
231 1185 356 1240 casuum
376 1178 521 1254 leprosum
543 1179 686 1255 quendam
707 1185 886 1253 manentem,
914 1183 980 1238 ante
1001 1179 1082 1237 cuius
1104 1177 1159 1237 do·

117 1265 284 1324 masculam
307 1267 439 1340 quotiens
460 1283 527 1325 eum
549 1269 668 1343 configit
688 1267 822 1341 transire,
844 1265 879 1325 de
901 1281 976 1340 equo
999 1263 1158 1338 descendit,
1253 1275 1256 1286 ¹

118 1357 148 1411 et
169 1351 208 1410 ad
229 1351 309 1410 illum
331 1354 453 1427 intrans,
474 1359 628 1429 postquam
649 1353 738 1429 pedes
760 1353 821 1413 elus
842 1351 926 1426 lavit,
948 1352 1159 1428 eleemosynam

118 1437 214 1512 dedit,
243 1445 272 1498 et
300 1439 379 1497 abiit
428 1439 500 1498 Post
528 1440 617 1500 breve
645 1446 758 1516 tempus
787 1439 863 1524 idem
890 1439 1021 1514 leprosus
1048 1437 1158 1497 Oomlte

117 1527 268 1602 ignorante
297 1524 447 1585 defunctus
456 1523 477 1606 ²)
508 1532 552 1585 est
580 1533 609 1588 et
636 1527 774 1603 sepultos.
822 1526 879 1584 Die
908 1525 1033 1602 quadam
1055 1524 1159 1586 Comes

117 1614 223 1672 iterum
251 1614 300 1670 via
324 1611 374 1670 illa
402 1615 558 1690 meneleus,
586 1630 654 1674 mox
675 1620 708 1672 ut
729 1619 796 1672 ante
816 1615 961 1688 tugurium
983 1613 1038 1672 sibi
1058 1619 1159 1672 nomm
1193 1671 1196 1685 ,

117 1701 213 1773 venit,
242 1698 389 1758 deseendit
416 1699 527 1758 docus:
559 1699 679 1775 Oportet
706 1717 754 1758 me
785 1700 901 1758 visitare
921 1705 1032 1775 patrem
1053 1715 1158 1760 meum.

116 1785 291 1860 Intransque
312 1802 371 1844 non
388 1783 542 1861 leprosum,
562 1786 612 1847 sed
634 1787 662 1845 in
684 1784 788 1861 leprosi
800 1785 893 1845 forma
914 1791 943 1845 et
963 1785 1065 1845 habitu
1087 1803 1158 1846 oon·

119 1872 276 1948 templatus
298 1878 342 1932 est
358 1871 524 1932 Dominum.
568 1872 620 1932 Oui
642 1891 708 1932 oum
730 1877 867 1934 consueta
889 1887 977 1947 opera
997 1875 1158 1934 misericor-

120 1959 186 2018 diae
213 1955 414 2035 impendisset,
448 1966 476 2019 et
503 1965 584 2018 tanto
612 1959 758 2034 devotius,
786 1963 894 2034 quanto
920 1960 1112 2034 inspirabatur
1139 1977 1159 2018 a
1241 2026 1249 2048 .

119 2047 236 2107 visitato
257 2046 365 2121 fortius,
386 2045 482 2106 hilaris
504 2048 599 2106 exivit.
643 2045 773 2121 Cumque
802 2047 861 2104 suis
884 2044 1016 2120 dixisset,
1044 2045 1157 2122 gaudeo

119 2149 167 2193 me
188 2132 293 2192 vidisse
307 2132 451 2208 leprosum
468 2150 579 2209 meum3
602 2133 809 2208 responderunt
830 2133 856 2192 ei
879 2131 1010 2207 quidam:
1033 2132 1157 2192 Domine

119 2221 217 2280 sciatis
237 2236 289 2296 pro
312 2226 390 2280 certo
413 2237 479 2279 eum
500 2219 609 2279 dudum
630 2237 693 2279 esse
716 2219 895 2294 defunctum,
923 2225 952 2278 et
972 2222 1001 2282 iu
1022 2219 1072 2279 tali
1092 2220 1157 2279 loco

119 2305 273 2382 sepultum.
316 2306 402 2383 Quod
429 2307 481 2369 ubi
509 2310 646 2383 comperit
673 2309 804 2382 princeps
831 2307 991 2382 piissimus,
1020 2305 1158 2366 exultavit

118 2393 272 2469 inspiritu,
294 2409 328 2453 eo
342 2393 421 2469 quod
434 2391 558 2474 videre³)
581 2396 664 2470 eique
685 2395 844 2452 miulstrare
865 2395 999 2452 meruerit
1019 2409 1157 2469 praesen-

119 2479 232 2555 tialiter,
254 2497 339 2556 quem
357 2480 445 2540 multo
467 2487 595 2557 tempore
615 2484 645 2540 in
667 2483 725 2542 suis
747 2480 883 2542 membris
904 2485 1056 2540 veneratus
1077 2477 1157 2559 esc).

119 2565 162 2627 Ut
176 2573 273 2626 autem
290 2567 432 2626 Dominus
448 2567 537 2628 Jesus
559 2574 669 2627 tantam
690 2566 879 2627 humilitatem
900 2563 1001 2646 tantl⁵)
1022 2569 1156 2643 principis

120 2655 215 2716 etiam·
228 2656 258 2712 iu
282 2657 425 2730 praesenti
445 2661 652 2730 remuneraret,
680 2660 709 2714 et
729 2660 762 2714 ut
782 2654 873 2714 verba
894 2671 947 2713 sua
968 2671 1037 2713 vera
1058 2653 1157 2716 ostenss

119 2740 202 2801 deret
222 2757 297 2815 quae
319 2741 443 2800 dixerat:
466 2743 614 2818 Quicquid
638 2745 693 2800 ant
719 2759 756 2801 cc
784 2744 912 2800 minimis
940 2745 1011 2800 meta
1033 2741 1156 2816 secane,

118 2828 193 2887 mdtt
225 2825 380 2906 fabtbv,
412 2829 510 2887 soilli
536 2828 670 2890 exhibere
697 2827 831 2908 dignatus
858 2834 910 2888 est
964 2826 1043 2886 Audi
1071 2827 1157 2886 aliam

117 2915 267 2990 visionem,
287 2916 344 2976 ista
365 2914 461 2978 adhuc
483 2914 719 2997 excellentiorem.

445 3070 678 3134 CAPITULUM
698 3069 833 3132 XXXII.

219 3192 268 3252 De
286 3189 433 3268 Epacopo
462 3196 514 3268 qai
536 3193 641 3269 leprosi
662 3210 750 3266 porea
771 3193 891 3269 lioperto,
913 3207 1060 3268 gemmam

474 3279 650 3344 decidentem
672 3283 804 3355 coacepit.

184 3379 229 3441 Eo
264 3389 392 3458 tempore
425 3400 482 3459 quo
513 3384 640 3446 haeresis
671 3383 851 3446 Albicnsium
882 3381 1021 3462 pullulare
1050 3387 1157 3464 coepit,

117 3468 273 3545 contigisse
288 3468 390 3528 dicitur
404 3470 482 3546 quod
501 3487 595 3532 narra.
637 3471 708 3534 Erat
728 3471 756 3529 iu
777 3485 865 3547 reguo
886 3471 1064 3530 Francorum
1085 3471 1156 3552 Epi·
1235 3489 1238 3494 ¹

136 3567 171 3637 *J
188 3566 277 3620 Hamil.
296 3567 316 3623 l.
333 3583 359 3638 p.
379 3568 437 3620 117.
456 3599 489 3608 -
509 3569 540 3640 1)
558 3569 607 3620 Vit.
626 3568 657 3632 ll,
669 3571 692 3620 5.
712 3567 754 3634 lV,
765 3568 790 3620 3.
810 3599 841 3608 -
860 3570 892 3637 2)
911 3569 930 3620 B
949 3578 1103 3621 mortuus.
1124 3600 1153 3610 —

190 3637 222 3708 3)
239 3637 261 3690 ὒ
278 3651 345 3689 eum
364 3637 486 3692 videre.
506 3666 535 3679 -
556 3639 588 3707 4)
607 3639 727 3690 Humilia:
756 3640 874 3708 ,gavisus
897 3647 937 3690 est
957 3637 1032 3691 vulda
1050 3653 1078 3690 se
1095 3649 1155 3692 tunc
1234 3657 1237 3664 ·

189 3706 285 3759 vidisse
297 3723 354 3759 auru
367 3707 575 3774 praesentialiter,
593 3723 667 3778 quem
677 3707 798 3759 hacteuus
809 3709 836 3760 in
848 3710 900 3762 auis
913 3708 1030 3760 membris
1049 3723 1156 3760 venera-

189 3785 231 3828 tus
249 3785 289 3828 est
305 3775 555 3830 invisibiliter.“
579 3775 652 3842 Quod
669 3776 890 3831 invisibiliter
908 3778 957 3830 hoe
968 3777 1024 3830 loeo
1034 3777 1158 3830 excidisse

190 3845 298 3898 videtur.
319 3875 348 3886 -
369 3849 400 3916 5)
418 3849 506 3898 tanti
525 3863 565 3899 om
584 3847 611 3900 ll.
633 3877 661 3886 -
682 3849 713 3915 6)
732 3846 818 3898 llatth.
838 3849 880 3910 25,
898 3849 941 3903 45.

846 3920 899 3994 5*
