2594 4302
154 291 215 350 too
348 313 350 316 ·
503 291 732 356 oleumcum
754 291 866 356 NONA

525 483 758 547 CAPITULUM
785 486 835 546 LI.

220 584 268 645 Dc
294 583 386 644 milite
407 587 460 661 qui
481 605 583 648 coram
606 589 713 650 Christi
733 607 856 666 corpore
877 591 910 649 ia
931 588 996 648 luto
1017 591 1135 648 ueniam

360 678 480 748 peteras,
502 674 558 734 luti
587 677 791 736 imnsoadttios
812 693 875 736 non
895 678 991 734 serait.

221 791 363 867 Tempore
384 793 545 856 schismatis
566 799 640 856 inter
660 797 826 874 Philippum
849 803 878 856 et
900 795 1047 872 Ottouem,
1069 787 1200 856 dominus

156 877 243 938 Wido
266 877 431 956 Cardmalis,
452 881 606 958 aliquando
619 882 637 963 ¹)
659 883 762 944 Abbas
785 885 988 958 Cistercieusis,
1010 900 1077 943 oum
1098 886 1202 942 missus

155 963 255 1024 fuisset
277 965 425 1026 Coloniam
452 969 489 1029 ad
512 969 735 1031 confirmandam
758 971 926 1030 electionem
949 969 1071 1045 ottonis,
1093 971 1202 1029 bonam

154 1051 212 1111 illic
227 1054 460 1114 cousuetudinem
474 1056 604 1115 instituit.
646 1058 798 1134 Praecepit
808 1060 883 1118 enim
897 1064 929 1116 ut
940 1057 988 1116 'ad
1011 1057 1203 1117 elevationem
1274 1055 1275 1058 ’

156 1138 267 1199 hostiae
282 1143 374 1200 omnis
388 1143 513 1218 populus
528 1145 557 1202 in
573 1144 694 1204 eeclesia
704 1143 742 1204 ad
756 1132 881 1204 sonitum
894 1143 978 1204 nolae
992 1147 1107 1204 veniam
1117 1150 1203 1220 pete·

156 1233 216 1302 ret,
245 1229 343 1305 sicque
363 1246 454 1304 usque
475 1228 513 1289 ad
535 1230 632 1290 calicis
654 1230 883 1291 benedictionem
905 1238 1065 1307 prostratus
1087 1232 1204 1290 moeret.

156 1311 308 1390 Praecepit
322 1315 408 1375 etiam
430 1322 462 1375 ut
477 1320 608 1393 quotiens
627 1335 731 1394 corpus
745 1318 863 1378 Domini
871 1315 892 1398 ²)
917 1317 1103 1377 deferendum
1125 1325 1205 1378 esset

156 1397 194 1459 ad
211 1400 362 1476 infirmum,
383 1402 521 1464 scholaris
535 1407 595 1463 sive
609 1407 809 1480 campanarius
821 1404 1002 1466 sacerdotem
1015 1403 1205 1480 praecedens,
1275 1475 1276 1478 Ἴ

156 1503 208 1563 per
224 1488 322 1547 uolam
342 1487 412 1550 illud
433 1487 580 1566 proderet;
602 1493 700 1568 sicque
724 1494 815 1552 omnis
836 1491 960 1569 populus
973 1498 1033 1550 tam
1054 1493 1084 1550 iu
1105 1493 1205 1551 stratis
1275 1493 1276 1498 ’

156 1591 244 1650 quam
275 1576 305 1633 in
341 1575 473 1638 domibus
510 1577 654 1636 Christum
693 1578 834 1638 adoraret.
888 1578 999 1639 Retulit
1027 1580 1068 1637 eis
1097 1577 1203 1637 eodem

156 1666 284 1736 tempore
306 1679 404 1722 casum
424 1665 494 1724 satis
515 1665 726 1726 miraculosum.
768 1665 853 1725 Miles
874 1665 992 1743 quidam
1020 1667 1049 1723 in
1078 1665 1206 1724 Francia

156 1747 210 1808 luit
220 1754 318 1808 tantm
333 1749 502 1825 devotionis,
523 1757 555 1810 ut
576 1754 822 1827 quotienscunque
844 1752 949 1812 Christi
971 1769 1074 1827 corpus
1096 1751 1206 1811 elevari
1275 1813 1276 1822 ¹

156 1837 218 1894 sivo
247 1834 348 1895 deferri
375 1836 501 1912 videret,
537 1845 696 1913 prostratus
724 1838 794 1898 illud
823 1838 964 1901 adoraret.
1015 1838 1143 1915 Contigit
1170 1847 1206 1898 ut

157 1921 203 1980 dio
221 1923 346 1997 quadam
362 1924 492 1984 vestibus
512 1927 571 1984 suis
591 1928 722 2002 pretiosis
743 1925 859 1985 indutus
881 1929 998 1986 intraret
1019 1923 1206 2006 civitatem³).

157 2007 287 2084 Cumque
321 2010 418 2087 platea
445 2014 475 2069 in
504 2029 562 2088 qua
591 2013 739 2087 equitabat
759 2015 842 2072 nimis
860 2019 936 2072 esset
957 2013 1065 2085 lutosa,
1088 2029 1125 2072 ex
1145 2015 1205 2072 im-

155 2099 272 2172 proviso
297 2097 415 2157 obvium
443 2098 545 2157 habuit
572 2115 675 2174 corpus
704 2099 830 2158 Domini.
874 2099 938 2176 Quo
968 2101 1030 2159 viso
1056 2099 1206 2159 modicum

154 2183 229 2243 intra
247 2200 278 2243 se
300 2185 460 2246 deliberans
482 2187 536 2244 alt:
567 2185 644 2262 Quid
664 2187 752 2246 facies
774 2185 883 2246 modo?
926 2186 1006 2247 Situ
1029 2193 1110 2246 tenta
1132 2204 1206 2261 pro-

155 2269 294 2330 funditate
313 2279 342 2332 te
370 2274 573 2348 prostraveris,
604 2273 717 2349 perdita
742 2280 809 2332 sunt
840 2276 1011 2334 vestimenta
1040 2279 1091 2332 tua
1127 2273 1206 2334 haee

156 2356 295 2433 delicata;
343 2359 368 2417 si
403 2375 472 2420 vero
508 2375 565 2418 non
602 2354 797 2435 descenderis,
836 2360 1039 2421 saluberrimae
1075 2377 1204 2420 cousue-

155 2441 290 2524 tudinis⁴)
335 2450 574 2522 trmrsgressorem
614 2454 643 2508 te
687 2463 799 2522 semper
835 2448 983 2508 accusabit
1018 2449 1206 2508 conscientia.

156 2529 233 2607 Quid
261 2530 364 2606 plura?
420 2532 659 2593 Praevnleseente
685 2532 837 2593 deuotione
876 2534 912 2594 de
948 2551 1022 2610 equo
1050 2534 1206 2611 prosiliens

154 2619 184 2675 in
212 2617 305 2676 lutum
333 2635 365 2678 ss
395 2621 486 2696 misit,
518 2621 547 2678 in
576 2637 633 2696 quo
660 2621 741 2680 flexis
769 2620 891 2698 genibus
919 2622 1051 2683 manibus
1081 2621 1205 2681 elevatis

156 2703 262 2764 Christi
289 2721 392 2782 corpus
419 2705 560 2766 adoravit.
602 2707 640 2766 Et
669 2709 736 2784 quia
764 2707 947 2768 dulcissimus
974 2709 1117 2768 Dominus
1145 2709 1205 2768 ho·

155 2798 290 2851 noraute's
326 2809 357 2852 se
386 2809 444 2854 non
477 2794 572 2854 solum
600 2795 630 2853 lu
658 2794 753 2854 tuturo
775 2803 951 2870 remunerat,
982 2798 1039 2854 imo
1063 2797 1151 2854 etiam
1173 2798 1204 2854 in

154 2880 297 2954 praesenti
323 2897 528 2956 nonnunquam
557 2881 726 2956 rehouorat,
752 2881 809 2942 hoc
838 2885 896 2958 egit
922 2899 976 2941 sua
997 2884 1143 2958 potentia,
1170 2889 1205 2941 ut

154 2966 242 3025 totius
256 2965 308 3025 luti
320 2983 375 3028 uec
389 2984 448 3028 uua
470 2967 585 3043 quidem
606 2967 719 3045 guttula
739 2971 918 3028 vestimenh's
940 2971 1000 3028 eius
1022 2968 1202 3028 adhaereret.

155 3051 239 3112 Tunc
260 3069 365 3128 equum
388 3071 454 3114 oum
475 3054 567 3114 multa
587 3055 774 3115 admiratione
796 3055 1001 3130 reascendens,
1024 3055 1149 3132 amplius
1171 3058 1202 3114 in

155 3138 213 3198 lide
235 3137 454 3221 confortatus⁶)‚
486 3140 582 3203 Deum
603 3141 783 3220 glorificavit.
824 3141 922 3203 Simile
945 3144 1062 3218 contigit
1085 3143 1201 3202 cuidam

155 3225 303 3302 religiosae
338 3228 461 3287 feminae
488 3231 517 3286 iu
545 3231 694 3304 provincia
726 3238 834 3289 nostra.
881 3227 1086 3290 NOVICIUS:
1122 3229 1202 3289 Satis

156 3313 281 3373 delector
297 3316 327 3372 iu
347 3317 407 3374 istis
428 3315 580 3376 miraculis.
622 3315 861 3377 MONACHUS:
880 3315 946 3376 Hoc
968 3319 1054 3377 etlam
1076 3317 1202 3391 noveris,

156 3401 224 3476 quia
251 3403 326 3461 sicut
345 3400 488 3461 Dominus
513 3419 566 3462 sua
587 3410 766 3464 sacramenta
787 3410 820 3464 ut
841 3403 1017 3479 praedictum
1040 3410 1084 3463 est
1103 3402 1202 3464 hono-

154 3488 283 3547 rantibus
295 3482 460 3568 rependet⁶)
482 3489 631 3566 honorem,
650 3493 691 3550 sie
706 3485 973 3567 blasphemantibus
995 3489 1044 3550 illa
1064 3507 1201 3552 nonnun-

156 3591 244 3650 quam
264 3577 294 3635 in
314 3578 457 3651 praesenti
478 3576 630 3654 poenalem
650 3577 759 3637 inducit
781 3576 985 3638 confusionem.

176 3741 208 3810 l)
225 3739 269 3794 BC
292 3742 492 3812 quandoque.
513 3775 543 3785 -
564 3745 596 3812 2)
620 3761 740 3813 corpus
762 3745 888 3798 Domini
905 3744 955 3796 add
974 3744 1003 3797 D.
1024 3775 1055 3786 -
1075 3746 1106 3812 3)
1124 3747 1147 3798 Α
1169 3747 1203 3796 iu

225 3811 409 3870 civitatem.
426 3843 456 3853 -
471 3814 534 3884 ajo
553 3814 831 3884 addanae.-·5)AD
848 3816 1061 3870 confortatus
1075 3817 1107 3868 in
1124 3814 1202 3867 lide.

225 3909 258 3920 -
277 3881 310 3950 6]
327 3880 414 3935 ACDP
432 3883 596 3951 rependit.
