<?xml version="1.0" encoding="UTF-8"?>
<!DOCTYPE html PUBLIC "-//W3C//DTD XHTML 1.0 Transitional//EN"
    "http://www.w3.org/TR/xhtml1/DTD/xhtml1-transitional.dtd">
<html xmlns="http://www.w3.org/1999/xhtml" xml:lang="en" lang="en">
 <head>
  <title>
</title>
<meta http-equiv="Content-Type" content="text/html;charset=utf-8" />
  <meta name='ocr-system' content='tesseract 3.04.00' />
  <meta name='ocr-capabilities' content='ocr_page ocr_carea ocr_par ocr_line ocrx_word'/>
</head>
<body>
  <div class='ocr_page' id='page_1' title='image "./caesariiheister05stragoog_0213.png"; bbox 0 0 2622 4322; ppageno 0'>
   <div class='ocr_carea' id='block_1_1' title="bbox 185 229 906 309">
    <p class='ocr_par' dir='ltr' id='par_1_1' title="bbox 185 229 906 309">
     <span class='ocr_line' id='line_1_1' title="bbox 185 229 906 309; baseline 0 -17"><span class='ocrx_word' id='word_1_1' title='bbox 185 233 245 293; x_wconf 86' lang='lat' dir='ltr'><strong>res</strong></span> <span class='ocrx_word' id='word_1_2' title='bbox 495 229 906 309; x_wconf 76' lang='lat' dir='ltr'><strong>nrsrmcmoqusnrs</strong></span> 
     </span>
    </p>
   </div>
   <div class='ocr_carea' id='block_1_2' title="bbox 136 349 1215 1368">
    <p class='ocr_par' dir='ltr' id='par_1_2' title="bbox 183 349 1215 1037">
     <span class='ocr_line' id='line_1_2' title="bbox 185 349 1213 434; baseline -0.001 -21"><span class='ocrx_word' id='word_1_3' title='bbox 185 371 217 413; x_wconf 91' lang='lat' dir='ltr'><strong>sc</strong></span> <span class='ocrx_word' id='word_1_4' title='bbox 237 355 268 412; x_wconf 89' lang='lat' dir='ltr'><strong>in</strong></span> <span class='ocrx_word' id='word_1_5' title='bbox 287 352 362 412; x_wconf 90' lang='lat' dir='ltr'><strong>lecto</strong></span> <span class='ocrx_word' id='word_1_6' title='bbox 384 369 436 413; x_wconf 90' lang='lat' dir='ltr'><strong>suo</strong></span> <span class='ocrx_word' id='word_1_7' title='bbox 450 349 477 434; x_wconf 87' lang='lat'><strong>¹).</strong></span> <span class='ocrx_word' id='word_1_8' title='bbox 516 354 613 413; x_wconf 88' lang='lat' dir='ltr'><strong>-Noete</strong></span> <span class='ocrx_word' id='word_1_9' title='bbox 635 353 760 431; x_wconf 89' lang='lat' dir='ltr'><strong>quadam</strong></span> <span class='ocrx_word' id='word_1_10' title='bbox 783 353 821 413; x_wconf 88' lang='lat' dir='ltr'><strong>ad</strong></span> <span class='ocrx_word' id='word_1_11' title='bbox 843 357 925 432; x_wconf 79' lang='lat' dir='ltr'><strong>signa</strong></span> <span class='ocrx_word' id='word_1_12' title='bbox 945 352 1075 413; x_wconf 82' lang='lat' dir='ltr'><strong>nolanum</strong></span> <span class='ocrx_word' id='word_1_13' title='bbox 1095 369 1213 430; x_wconf 85' lang='lat' dir='ltr'><strong>surgen-</strong></span> 
     </span>
     <span class='ocr_line' id='line_1_3' title="bbox 184 441 1213 524; baseline 0 -24"><span class='ocrx_word' id='word_1_14' title='bbox 184 441 261 524; x_wconf 82' lang='lat' dir='ltr'><strong>tibus</strong></span> <span class='ocrx_word' id='word_1_15' title='bbox 290 442 390 500; x_wconf 83' lang='lat' dir='ltr'><strong>ceteris</strong></span> <span class='ocrx_word' id='word_1_16' title='bbox 412 441 557 516; x_wconf 90' lang='lat' dir='ltr'><strong>omnibus,</strong></span> <span class='ocrx_word' id='word_1_17' title='bbox 587 442 842 516; x_wconf 82' lang='lat' dir='ltr'><strong>festinantibusque</strong></span> <span class='ocrx_word' id='word_1_18' title='bbox 870 441 908 500; x_wconf 88' lang='lat' dir='ltr'><strong>ad</strong></span> <span class='ocrx_word' id='word_1_19' title='bbox 930 441 1058 500; x_wconf 85' lang='lat' dir='ltr'><strong>divinum</strong></span> <span class='ocrx_word' id='word_1_20' title='bbox 1079 441 1213 515; x_wconf 87' lang='lat' dir='ltr'><strong>officium,</strong></span> 
     </span>
     <span class='ocr_line' id='line_1_4' title="bbox 188 525 1214 604; baseline -0.002 -17"><span class='ocrx_word' id='word_1_21' title='bbox 188 544 255 587; x_wconf 90' lang='lat' dir='ltr'><strong>eum</strong></span> <span class='ocrx_word' id='word_1_22' title='bbox 274 527 322 586; x_wconf 90' lang='lat' dir='ltr'><strong>ille</strong></span> <span class='ocrx_word' id='word_1_23' title='bbox 344 545 460 604; x_wconf 82' lang='lat' dir='ltr'>surgere</span> <span class='ocrx_word' id='word_1_24' title='bbox 480 534 618 602; x_wconf 88' lang='lat' dir='ltr'><strong>tentaret,</strong></span> <span class='ocrx_word' id='word_1_25' title='bbox 646 529 756 587; x_wconf 86' lang='lat' dir='ltr'><strong>audivit</strong></span> <span class='ocrx_word' id='word_1_26' title='bbox 777 529 812 587; x_wconf 90' lang='lat' dir='ltr'><strong>de</strong></span> <span class='ocrx_word' id='word_1_27' title='bbox 834 529 887 587; x_wconf 92' lang='lat' dir='ltr'><strong>sub</strong></span> <span class='ocrx_word' id='word_1_28' title='bbox 910 527 998 602; x_wconf 89' lang='lat' dir='ltr'><strong>lecto,</strong></span> <span class='ocrx_word' id='word_1_29' title='bbox 1026 525 1140 602; x_wconf 92' lang='lat' dir='ltr'><strong>quando</strong></span> <span class='ocrx_word' id='word_1_30' title='bbox 1160 530 1214 586; x_wconf 86' lang='lat' dir='ltr'><strong>ite-</strong></span> 
     </span>
     <span class='ocr_line' id='line_1_5' title="bbox 184 612 1214 695; baseline 0.001 -23"><span class='ocrx_word' id='word_1_31' title='bbox 184 631 248 672; x_wconf 92' lang='lat' dir='ltr'><strong>rum</strong></span> <span class='ocrx_word' id='word_1_32' title='bbox 259 619 375 674; x_wconf 83' lang='lat' dir='ltr'><strong>vetante</strong></span> <span class='ocrx_word' id='word_1_33' title='bbox 388 614 498 674; x_wconf 82' lang='lat' dir='ltr'><strong>accidia</strong></span> <span class='ocrx_word' id='word_1_34' title='bbox 512 632 544 674; x_wconf 91' lang='lat' dir='ltr'><strong>sc</strong></span> <span class='ocrx_word' id='word_1_35' title='bbox 557 615 706 674; x_wconf 89' lang='lat' dir='ltr'><strong>reclinaret</strong></span> <span class='ocrx_word' id='word_1_36' title='bbox 714 612 744 695; x_wconf 88' lang='lat'><strong>²),</strong></span> <span class='ocrx_word' id='word_1_37' title='bbox 764 631 866 674; x_wconf 89' lang='lat' dir='ltr'><strong>vocem</strong></span> <span class='ocrx_word' id='word_1_38' title='bbox 884 615 1030 690; x_wconf 89' lang='lat' dir='ltr'><strong>quandam</strong></span> <span class='ocrx_word' id='word_1_39' title='bbox 1044 617 1214 690; x_wconf 84' lang='lat' dir='ltr'><strong>incognitam</strong></span> 
     </span>
     <span class='ocr_line' id='line_1_6' title="bbox 186 699 1214 779; baseline -0.001 -19"><span class='ocrx_word' id='word_1_40' title='bbox 186 699 262 760; x_wconf 88' lang='lat' dir='ltr'><strong>clare</strong></span> <span class='ocrx_word' id='word_1_41' title='bbox 290 704 359 760; x_wconf 88' lang='lat' dir='ltr'><strong>satis</strong></span> <span class='ocrx_word' id='word_1_42' title='bbox 387 702 441 760; x_wconf 89' lang='lat' dir='ltr'><strong>sibi</strong></span> <span class='ocrx_word' id='word_1_43' title='bbox 468 701 625 762; x_wconf 88' lang='lat' dir='ltr'><strong>dicentem:</strong></span> <span class='ocrx_word' id='word_1_44' title='bbox 653 701 720 761; x_wconf 88' lang='lat' dir='ltr'><strong>Noli</strong></span> <span class='ocrx_word' id='word_1_45' title='bbox 746 719 877 779; x_wconf 83' lang='lat' dir='ltr'>surgere,</span> <span class='ocrx_word' id='word_1_46' title='bbox 904 701 963 761; x_wconf 88' lang='lat' dir='ltr'><strong>noli</strong></span> <span class='ocrx_word' id='word_1_47' title='bbox 983 700 1117 760; x_wconf 89' lang='lat' dir='ltr'><strong>sudorem</strong></span> <span class='ocrx_word' id='word_1_48' title='bbox 1138 707 1214 759; x_wconf 91' lang='lat' dir='ltr'><strong>tuum</strong></span> 
     </span>
     <span class='ocr_line' id='line_1_7' title="bbox 183 788 1214 864; baseline 0 -19"><span class='ocrx_word' id='word_1_49' title='bbox 183 788 407 864; x_wconf 89' lang='lat' dir='ltr'><strong>interrumpere,</strong></span> <span class='ocrx_word' id='word_1_50' title='bbox 429 790 495 863; x_wconf 87' lang='lat' dir='ltr'><strong>quia</strong></span> <span class='ocrx_word' id='word_1_51' title='bbox 522 805 581 848; x_wconf 91' lang='lat' dir='ltr'><strong>non</strong></span> <span class='ocrx_word' id='word_1_52' title='bbox 609 788 725 864; x_wconf 85' lang='lat' dir='ltr'><strong>expedit</strong></span> <span class='ocrx_word' id='word_1_53' title='bbox 744 790 805 848; x_wconf 87' lang='lat' dir='ltr'><strong>tibi.</strong></span> <span class='ocrx_word' id='word_1_54' title='bbox 847 789 930 847; x_wconf 82' lang='lat' dir='ltr'><strong>Tunc</strong></span> <span class='ocrx_word' id='word_1_55' title='bbox 950 791 1073 864; x_wconf 91' lang='lat' dir='ltr'><strong>primum</strong></span> <span class='ocrx_word' id='word_1_56' title='bbox 1095 789 1214 848; x_wconf 89' lang='lat' dir='ltr'><strong>sentiens</strong></span> 
     </span>
     <span class='ocr_line' id='line_1_8' title="bbox 184 874 1214 950; baseline 0 -18"><span class='ocrx_word' id='word_1_57' title='bbox 184 874 240 932; x_wconf 90' lang='lat' dir='ltr'><strong>sibi</strong></span> <span class='ocrx_word' id='word_1_58' title='bbox 259 892 277 933; x_wconf 90' lang='lat' dir='ltr'><strong>a</strong></span> <span class='ocrx_word' id='word_1_59' title='bbox 295 874 408 935; x_wconf 89' lang='lat' dir='ltr'><strong>diabolo</strong></span> <span class='ocrx_word' id='word_1_60' title='bbox 429 892 483 950; x_wconf 94' lang='lat' dir='ltr'><strong>per</strong></span> <span class='ocrx_word' id='word_1_61' title='bbox 503 878 605 934; x_wconf 82' lang='lat' dir='ltr'><strong>vitium</strong></span> <span class='ocrx_word' id='word_1_62' title='bbox 626 875 752 935; x_wconf 85' lang='lat' dir='ltr'><strong>accidiae</strong></span> <span class='ocrx_word' id='word_1_63' title='bbox 774 892 837 934; x_wconf 91' lang='lat' dir='ltr'><strong>esse</strong></span> <span class='ocrx_word' id='word_1_64' title='bbox 858 875 981 950; x_wconf 85' lang='lat' dir='ltr'><strong>illusum,</strong></span> <span class='ocrx_word' id='word_1_65' title='bbox 1003 875 1214 950; x_wconf 89' lang='lat' dir='ltr'><strong>aphantastico</strong></span> 
     </span>
     <span class='ocr_line' id='line_1_9' title="bbox 183 959 1215 1037; baseline 0.001 -19"><span class='ocrx_word' id='word_1_66' title='bbox 183 959 232 1019; x_wconf 91' lang='lat' dir='ltr'><strong>illo</strong></span> <span class='ocrx_word' id='word_1_67' title='bbox 247 961 351 1021; x_wconf 92' lang='lat' dir='ltr'><strong>sudore</strong></span> <span class='ocrx_word' id='word_1_68' title='bbox 364 978 396 1021; x_wconf 90' lang='lat' dir='ltr'><strong>se</strong></span> <span class='ocrx_word' id='word_1_69' title='bbox 412 964 544 1037; x_wconf 80' lang='lat' dir='ltr'><strong>excussit,</strong></span> <span class='ocrx_word' id='word_1_70' title='bbox 564 979 619 1021; x_wconf 92' lang='lat' dir='ltr'><strong>nec</strong></span> <span class='ocrx_word' id='word_1_71' title='bbox 631 969 733 1037; x_wconf 88' lang='lat' dir='ltr'><strong>postea</strong></span> <span class='ocrx_word' id='word_1_72' title='bbox 745 968 826 1022; x_wconf 90' lang='lat' dir='ltr'><strong>tanto</strong></span> <span class='ocrx_word' id='word_1_73' title='bbox 847 964 954 1037; x_wconf 88' lang='lat' dir='ltr'><strong>torpori</strong></span> <span class='ocrx_word' id='word_1_74' title='bbox 967 961 1049 1022; x_wconf 83' lang='lat' dir='ltr'><strong>facile</strong></span> <span class='ocrx_word' id='word_1_75' title='bbox 1068 962 1215 1022; x_wconf 88' lang='lat' dir='ltr'><strong>consensit</strong></span> 
     </span>
    </p>

    <p class='ocr_par' dir='ltr' id='par_1_3' title="bbox 140 1045 1215 1133">
     <span class='ocr_line' id='line_1_10' title="bbox 140 1045 1215 1133; baseline 0 -27"><span class='ocrx_word' id='word_1_76' title='bbox 140 1113 146 1133; x_wconf 34' lang='grc' dir='ltr'><strong><em>ι</em></strong></span> <span class='ocrx_word' id='word_1_77' title='bbox 184 1045 251 1107; x_wconf 93' lang='lat' dir='ltr'><strong>Hoc</strong></span> <span class='ocrx_word' id='word_1_78' title='bbox 271 1051 354 1124; x_wconf 88' lang='lat' dir='ltr'><strong>scias,</strong></span> <span class='ocrx_word' id='word_1_79' title='bbox 376 1051 513 1124; x_wconf 88' lang='lat' dir='ltr'><strong>quianon</strong></span> <span class='ocrx_word' id='word_1_80' title='bbox 530 1051 701 1124; x_wconf 89' lang='lat' dir='ltr'><strong>permittitur</strong></span> <span class='ocrx_word' id='word_1_81' title='bbox 722 1048 927 1109; x_wconf 85' lang='lat' dir='ltr'><strong>diabolus·nos</strong></span> <span class='ocrx_word' id='word_1_82' title='bbox 948 1051 1215 1125; x_wconf 78' lang='lat' dir='ltr'><strong>tentere&#39;quantum</strong></span> 
     </span>
    </p>

    <p class='ocr_par' dir='ltr' id='par_1_4' title="bbox 136 1123 1215 1368">
     <span class='ocr_line' id='line_1_11' title="bbox 136 1123 1215 1211; baseline 0 -19"><span class='ocrx_word' id='word_1_83' title='bbox 136 1178 138 1184; x_wconf 83' lang='lat'><em>.</em></span> <span class='ocrx_word' id='word_1_84' title='bbox 185 1123 261 1209; x_wconf 67' lang='lat' dir='ltr'><strong>vult&#39;,</strong></span> <span class='ocrx_word' id='word_1_85' title='bbox 294 1141 323 1195; x_wconf 89' lang='lat' dir='ltr'><strong>et</strong></span> <span class='ocrx_word' id='word_1_86' title='bbox 345 1135 481 1210; x_wconf 87' lang='lat' dir='ltr'><strong>quamdiu</strong></span> <span class='ocrx_word' id='word_1_87' title='bbox 502 1135 579 1211; x_wconf 88' lang='lat' dir='ltr'><strong>vult,</strong></span> <span class='ocrx_word' id='word_1_88' title='bbox 600 1153 637 1194; x_wconf 94' lang='lat' dir='ltr'><strong>ne</strong></span> <span class='ocrx_word' id='word_1_89' title='bbox 660 1133 772 1211; x_wconf 89' lang='lat' dir='ltr'><strong>decepti</strong></span> <span class='ocrx_word' id='word_1_90' title='bbox 793 1135 830 1194; x_wconf 90' lang='lat' dir='ltr'><strong>ab</strong></span> <span class='ocrx_word' id='word_1_91' title='bbox 852 1135 900 1194; x_wconf 91' lang='lat' dir='ltr'><strong>illo</strong></span> <span class='ocrx_word' id='word_1_92' title='bbox 921 1152 1083 1211; x_wconf 85' lang='lat' dir='ltr'><strong>pereamus.</strong></span> <span class='ocrx_word' id='word_1_93' title='bbox 1126 1135 1215 1210; x_wconf 82' lang='lat' dir='ltr'><strong>Saepe</strong></span> 
     </span>
     <span class='ocr_line' id='line_1_12' title="bbox 183 1221 1215 1299; baseline 0.004 -21"><span class='ocrx_word' id='word_1_94' title='bbox 183 1222 305 1296; x_wconf 88' lang='lat' dir='ltr'><strong>invitus,</strong></span> <span class='ocrx_word' id='word_1_95' title='bbox 332 1224 436 1281; x_wconf 75' lang='lat' dir='ltr'><strong>vnurte</strong></span> <span class='ocrx_word' id='word_1_96' title='bbox 465 1221 562 1282; x_wconf 86' lang='lat' dir='ltr'><strong>divina</strong></span> <span class='ocrx_word' id='word_1_97' title='bbox 588 1222 768 1298; x_wconf 92' lang='lat' dir='ltr'><strong>compulsus,</strong></span> <span class='ocrx_word' id='word_1_98' title='bbox 795 1222 840 1282; x_wconf 90' lang='lat' dir='ltr'><strong>his</strong></span> <span class='ocrx_word' id='word_1_99' title='bbox 870 1239 943 1299; x_wconf 88' lang='lat' dir='ltr'><strong>quos</strong></span> <span class='ocrx_word' id='word_1_100' title='bbox 963 1227 1056 1282; x_wconf 89' lang='lat' dir='ltr'><strong>tentat</strong></span> <span class='ocrx_word' id='word_1_101' title='bbox 1076 1222 1215 1283; x_wconf 77' lang='lat' dir='ltr'><strong>isiacum</strong></span> 
     </span>
     <span class='ocr_line' id='line_1_13' title="bbox 185 1309 459 1368; baseline 0.007 -2"><span class='ocrx_word' id='word_1_102' title='bbox 185 1324 268 1368; x_wconf 86' lang='lat' dir='ltr'><strong>suem</strong></span> <span class='ocrx_word' id='word_1_103' title='bbox 289 1309 459 1368; x_wconf 81' lang='lat' dir='ltr'><strong>manifestat</strong></span> 
     </span>
    </p>
   </div>
   <div class='ocr_carea' id='block_1_3' title="bbox 517 1463 891 1526">
    <p class='ocr_par' dir='ltr' id='par_1_5' title="bbox 517 1463 891 1526">
     <span class='ocr_line' id='line_1_14' title="bbox 517 1463 891 1526; baseline 0 -2"><span class='ocrx_word' id='word_1_104' title='bbox 517 1463 750 1526; x_wconf 79' lang='lat' dir='ltr'><strong>CAPITULUM</strong></span> <span class='ocrx_word' id='word_1_105' title='bbox 769 1465 891 1525; x_wconf 91' lang='lat' dir='ltr'>XXIX.</span> 
     </span>
    </p>
   </div>
   <div class='ocr_carea' id='block_1_4' title="bbox 261 1586 1275 1734">
    <p class='ocr_par' dir='ltr' id='par_1_6' title="bbox 261 1586 1275 1734">
     <span class='ocr_line' id='line_1_15' title="bbox 261 1586 1275 1664; baseline 0 -18"><span class='ocrx_word' id='word_1_106' title='bbox 261 1587 611 1661; x_wconf 67' lang='lat' dir='ltr'><strong>occasuquaacsius</strong></span> <span class='ocrx_word' id='word_1_107' title='bbox 633 1590 768 1664; x_wconf 76' lang='lat' dir='ltr'><strong>oratiope</strong></span> <span class='ocrx_word' id='word_1_108' title='bbox 789 1587 965 1662; x_wconf 66' lang='lat' dir='ltr'><strong>domnitooti</strong></span> <span class='ocrx_word' id='word_1_109' title='bbox 985 1586 1144 1663; x_wconf 63' lang='lat' dir='ltr'><strong>amaedeus</strong></span> <span class='ocrx_word' id='word_1_110' title='bbox 1179 1639 1181 1642; x_wconf 95' lang='lat'>.</span> <span class='ocrx_word' id='word_1_111' title='bbox 1274 1599 1275 1602; x_wconf 73' lang='grc'>’</span> 
     </span>
     <span class='ocr_line' id='line_1_16' title="bbox 558 1673 844 1734; baseline 0.003 -1"><span class='ocrx_word' id='word_1_112' title='bbox 558 1674 680 1733; x_wconf 83' lang='lat' dir='ltr'><strong>dorsum</strong></span> <span class='ocrx_word' id='word_1_113' title='bbox 704 1673 844 1734; x_wconf 66' lang='lat' dir='ltr'><strong>vetabat.</strong></span> 
     </span>
    </p>
   </div>
   <div class='ocr_carea' id='block_1_5' title="bbox 183 1775 1275 2569">
    <p class='ocr_par' dir='ltr' id='par_1_7' title="bbox 183 1775 1275 2569">
     <span class='ocr_line' id='line_1_17' title="bbox 248 1775 1218 1871; baseline -0.001 -17"><span class='ocrx_word' id='word_1_114' title='bbox 248 1792 389 1854; x_wconf 83' lang='lat' dir='ltr'><strong>Sacerdos</strong></span> <span class='ocrx_word' id='word_1_115' title='bbox 418 1793 534 1871; x_wconf 90' lang='lat' dir='ltr'><strong>quidam</strong></span> <span class='ocrx_word' id='word_1_116' title='bbox 563 1811 599 1854; x_wconf 83' lang='lat' dir='ltr'><strong>ex</strong></span> <span class='ocrx_word' id='word_1_117' title='bbox 625 1795 773 1854; x_wconf 87' lang='lat' dir='ltr'><strong>monachis</strong></span> <span class='ocrx_word' id='word_1_118' title='bbox 795 1775 906 1854; x_wconf 80' lang='lat' dir='ltr'><strong>‘nostris</strong></span> <span class='ocrx_word' id='word_1_119' title='bbox 935 1794 1035 1854; x_wconf 89' lang='lat' dir='ltr'><strong>solitus</strong></span> <span class='ocrx_word' id='word_1_120' title='bbox 1062 1793 1118 1854; x_wconf 84' lang='lat' dir='ltr'><strong>fuit</strong></span> <span class='ocrx_word' id='word_1_121' title='bbox 1140 1794 1218 1868; x_wconf 82' lang='lat' dir='ltr'><strong>dictis</strong></span> 
     </span>
     <span class='ocr_line' id='line_1_18' title="bbox 185 1881 1217 1958; baseline -0.002 -18"><span class='ocrx_word' id='word_1_122' title='bbox 185 1883 330 1940; x_wconf 89' lang='lat' dir='ltr'><strong>matutinis</strong></span> <span class='ocrx_word' id='word_1_123' title='bbox 351 1883 380 1940; x_wconf 90' lang='lat' dir='ltr'><strong>in</strong></span> <span class='ocrx_word' id='word_1_124' title='bbox 400 1882 449 1941; x_wconf 90' lang='lat' dir='ltr'><strong>illo</strong></span> <span class='ocrx_word' id='word_1_125' title='bbox 470 1882 636 1956; x_wconf 90' lang='lat' dir='ltr'><strong>intervallo,</strong></span> <span class='ocrx_word' id='word_1_126' title='bbox 661 1899 719 1958; x_wconf 91' lang='lat' dir='ltr'><strong>quo</strong></span> <span class='ocrx_word' id='word_1_127' title='bbox 741 1881 841 1940; x_wconf 85' lang='lat' dir='ltr'><strong>iratres</strong></span> <span class='ocrx_word' id='word_1_128' title='bbox 862 1881 956 1940; x_wconf 89' lang='lat' dir='ltr'><strong>solent</strong></span> <span class='ocrx_word' id='word_1_129' title='bbox 976 1897 1080 1942; x_wconf 85' lang='lat' dir='ltr'><strong>vacare</strong></span> <span class='ocrx_word' id='word_1_130' title='bbox 1103 1881 1217 1941; x_wconf 90' lang='lat' dir='ltr'><strong>orationi</strong></span> 
     </span>
     <span class='ocr_line' id='line_1_19' title="bbox 185 1966 1217 2045; baseline 0 -19"><span class='ocrx_word' id='word_1_131' title='bbox 185 1966 233 2028; x_wconf 90' lang='lat' dir='ltr'><strong>vel</strong></span> <span class='ocrx_word' id='word_1_132' title='bbox 243 1968 369 2045; x_wconf 88' lang='lat' dir='ltr'><strong>psalmis,</strong></span> <span class='ocrx_word' id='word_1_133' title='bbox 390 1985 476 2044; x_wconf 92' lang='lat' dir='ltr'><strong>super</strong></span> <span class='ocrx_word' id='word_1_134' title='bbox 489 1987 577 2028; x_wconf 89' lang='lat' dir='ltr'><strong>unam</strong></span> <span class='ocrx_word' id='word_1_135' title='bbox 591 1969 701 2028; x_wconf 89' lang='lat' dir='ltr'><strong>sedium</strong></span> <span class='ocrx_word' id='word_1_136' title='bbox 716 1985 747 2027; x_wconf 89' lang='lat' dir='ltr'><strong>se</strong></span> <span class='ocrx_word' id='word_1_137' title='bbox 769 1968 921 2044; x_wconf 88' lang='lat' dir='ltr'><strong>deponere,</strong></span> <span class='ocrx_word' id='word_1_138' title='bbox 943 1974 972 2027; x_wconf 89' lang='lat' dir='ltr'><strong>et</strong></span> <span class='ocrx_word' id='word_1_139' title='bbox 992 1971 1065 2026; x_wconf 93' lang='lat' dir='ltr'><strong>inter</strong></span> <span class='ocrx_word' id='word_1_140' title='bbox 1085 1969 1217 2028; x_wconf 79' lang='lat' dir='ltr'><strong>orationIe</strong></span> 
     </span>
     <span class='ocr_line' id='line_1_20' title="bbox 185 2052 1275 2130; baseline -0.001 -16"><span class='ocrx_word' id='word_1_141' title='bbox 185 2056 275 2115; x_wconf 92' lang='lat' dir='ltr'><strong>verba</strong></span> <span class='ocrx_word' id='word_1_142' title='bbox 302 2056 462 2115; x_wconf 89' lang='lat' dir='ltr'><strong>dormitare.</strong></span> <span class='ocrx_word' id='word_1_143' title='bbox 504 2055 613 2116; x_wconf 89' lang='lat' dir='ltr'><strong>Volens</strong></span> <span class='ocrx_word' id='word_1_144' title='bbox 641 2055 682 2113; x_wconf 86' lang='lat' dir='ltr'><strong>illi</strong></span> <span class='ocrx_word' id='word_1_145' title='bbox 709 2054 852 2115; x_wconf 84' lang='lat' dir='ltr'><strong>Dominus</strong></span> <span class='ocrx_word' id='word_1_146' title='bbox 881 2054 1045 2130; x_wconf 89' lang='lat' dir='ltr'><strong>ostendere,</strong></span> <span class='ocrx_word' id='word_1_147' title='bbox 1074 2058 1144 2130; x_wconf 92' lang='lat' dir='ltr'><strong>quia</strong></span> <span class='ocrx_word' id='word_1_148' title='bbox 1170 2052 1217 2113; x_wconf 86' lang='lat' dir='ltr'><strong>tali</strong></span> <span class='ocrx_word' id='word_1_149' title='bbox 1274 2095 1275 2123; x_wconf 62' lang='lat'><strong>,</strong></span> 
     </span>
     <span class='ocr_line' id='line_1_21' title="bbox 184 2140 1217 2218; baseline -0.001 -18"><span class='ocrx_word' id='word_1_150' title='bbox 184 2142 264 2216; x_wconf 89' lang='lat' dir='ltr'><strong>hora,</strong></span> <span class='ocrx_word' id='word_1_151' title='bbox 287 2150 315 2202; x_wconf 92' lang='lat' dir='ltr'><strong>et</strong></span> <span class='ocrx_word' id='word_1_152' title='bbox 332 2145 455 2202; x_wconf 85' lang='lat' dir='ltr'><strong>maxime</strong></span> <span class='ocrx_word' id='word_1_153' title='bbox 476 2145 506 2200; x_wconf 91' lang='lat' dir='ltr'><strong>in</strong></span> <span class='ocrx_word' id='word_1_154' title='bbox 527 2142 578 2202; x_wconf 90' lang='lat' dir='ltr'><strong>tali</strong></span> <span class='ocrx_word' id='word_1_155' title='bbox 597 2141 671 2217; x_wconf 88' lang='lat' dir='ltr'><strong>loeo,</strong></span> <span class='ocrx_word' id='word_1_156' title='bbox 692 2159 751 2215; x_wconf 83' lang='lat' dir='ltr'><strong>non</strong></span> <span class='ocrx_word' id='word_1_157' title='bbox 773 2148 848 2201; x_wconf 88' lang='lat' dir='ltr'><strong>esset</strong></span> <span class='ocrx_word' id='word_1_158' title='bbox 870 2141 1089 2218; x_wconf 88' lang='lat' dir='ltr'><strong>dormitandum,</strong></span> <span class='ocrx_word' id='word_1_159' title='bbox 1121 2140 1217 2201; x_wconf 90' lang='lat' dir='ltr'><strong>sedin</strong></span> 
     </span>
     <span class='ocr_line' id='line_1_22' title="bbox 186 2225 1215 2308; baseline -0.004 -20"><span class='ocrx_word' id='word_1_160' title='bbox 186 2232 313 2288; x_wconf 90' lang='lat' dir='ltr'><strong>oratione</strong></span> <span class='ocrx_word' id='word_1_161' title='bbox 333 2228 525 2306; x_wconf 82' lang='lat' dir='ltr'><strong>vigilandum,</strong></span> <span class='ocrx_word' id='word_1_162' title='bbox 553 2231 685 2304; x_wconf 89' lang='lat' dir='ltr'><strong>apparuit</strong></span> <span class='ocrx_word' id='word_1_163' title='bbox 712 2231 742 2286; x_wconf 92' lang='lat' dir='ltr'><strong>in</strong></span> <span class='ocrx_word' id='word_1_164' title='bbox 767 2245 852 2288; x_wconf 88' lang='lat' dir='ltr'><strong>eruce</strong></span> <span class='ocrx_word' id='word_1_165' title='bbox 875 2231 901 2288; x_wconf 92' lang='lat' dir='ltr'><strong>ei</strong></span> <span class='ocrx_word' id='word_1_166' title='bbox 909 2225 947 2308; x_wconf 83' lang='lat'><strong>³),</strong></span> <span class='ocrx_word' id='word_1_167' title='bbox 968 2245 1051 2288; x_wconf 92' lang='lat' dir='ltr'><strong>verso</strong></span> <span class='ocrx_word' id='word_1_168' title='bbox 1074 2228 1160 2289; x_wconf 93' lang='lat' dir='ltr'><strong>dorso</strong></span> <span class='ocrx_word' id='word_1_169' title='bbox 1179 2225 1215 2285; x_wconf 91' lang='lat' dir='ltr'><strong>ad</strong></span> 
     </span>
     <span class='ocr_line' id='line_1_23' title="bbox 183 2314 1274 2392; baseline -0.002 -18"><span class='ocrx_word' id='word_1_170' title='bbox 183 2314 278 2392; x_wconf 90' lang='lat' dir='ltr'><strong>illum,</strong></span> <span class='ocrx_word' id='word_1_171' title='bbox 310 2320 343 2375; x_wconf 91' lang='lat' dir='ltr'><strong>ut</strong></span> <span class='ocrx_word' id='word_1_172' title='bbox 375 2316 469 2376; x_wconf 89' lang='lat' dir='ltr'><strong>dicere</strong></span> <span class='ocrx_word' id='word_1_173' title='bbox 499 2316 655 2376; x_wconf 87' lang='lat' dir='ltr'><strong>videretur:</strong></span> <span class='ocrx_word' id='word_1_174' title='bbox 700 2314 910 2391; x_wconf 84' lang='lat' dir='ltr'><strong>Quiatepidus</strong></span> <span class='ocrx_word' id='word_1_175' title='bbox 933 2332 963 2374; x_wconf 92' lang='lat' dir='ltr'><strong>es</strong></span> <span class='ocrx_word' id='word_1_176' title='bbox 985 2322 1014 2375; x_wconf 89' lang='lat' dir='ltr'><strong>et</strong></span> <span class='ocrx_word' id='word_1_177' title='bbox 1045 2315 1216 2389; x_wconf 87' lang='lat' dir='ltr'><strong>accidiosus,</strong></span> <span class='ocrx_word' id='word_1_178' title='bbox 1273 2347 1274 2367; x_wconf 60' lang='lat' dir='ltr'><strong>r</strong></span> 
     </span>
     <span class='ocr_line' id='line_1_24' title="bbox 185 2401 1217 2479; baseline 0 -19"><span class='ocrx_word' id='word_1_179' title='bbox 185 2419 244 2462; x_wconf 92' lang='lat' dir='ltr'><strong>non</strong></span> <span class='ocrx_word' id='word_1_180' title='bbox 271 2420 303 2461; x_wconf 92' lang='lat' dir='ltr'><strong>es</strong></span> <span class='ocrx_word' id='word_1_181' title='bbox 330 2402 432 2479; x_wconf 83' lang='lat' dir='ltr'><strong>dignus</strong></span> <span class='ocrx_word' id='word_1_182' title='bbox 460 2403 563 2462; x_wconf 81' lang='lat' dir='ltr'><strong>taciem</strong></span> <span class='ocrx_word' id='word_1_183' title='bbox 590 2419 685 2462; x_wconf 89' lang='lat' dir='ltr'><strong>meam</strong></span> <span class='ocrx_word' id='word_1_184' title='bbox 713 2404 825 2462; x_wconf 90' lang='lat' dir='ltr'><strong>intueri.</strong></span> <span class='ocrx_word' id='word_1_185' title='bbox 867 2401 906 2461; x_wconf 90' lang='lat' dir='ltr'><strong>Et</strong></span> <span class='ocrx_word' id='word_1_186' title='bbox 937 2401 993 2463; x_wconf 93' lang='lat' dir='ltr'><strong>hoc</strong></span> <span class='ocrx_word' id='word_1_187' title='bbox 1022 2403 1077 2462; x_wconf 89' lang='lat' dir='ltr'><strong>sibi</strong></span> <span class='ocrx_word' id='word_1_188' title='bbox 1107 2403 1217 2479; x_wconf 88' lang='lat' dir='ltr'><strong>saepius</strong></span> 
     </span>
     <span class='ocr_line' id='line_1_25' title="bbox 185 2485 581 2569; baseline -0.003 -21"><span class='ocrx_word' id='word_1_189' title='bbox 185 2485 364 2569; x_wconf 76' lang='lat' dir='ltr'><strong>contigisse⁴)</strong></span> <span class='ocrx_word' id='word_1_190' title='bbox 386 2495 507 2550; x_wconf 87' lang='lat' dir='ltr'><strong>testatus</strong></span> <span class='ocrx_word' id='word_1_191' title='bbox 529 2495 581 2550; x_wconf 85' lang='lat' dir='ltr'><strong>est</strong></span> 
     </span>
    </p>
   </div>
   <div class='ocr_carea' id='block_1_6' title="bbox 502 2639 1014 2724">
    <p class='ocr_par' dir='ltr' id='par_1_8' title="bbox 502 2639 1014 2724">
     <span class='ocr_line' id='line_1_26' title="bbox 502 2639 1014 2724; baseline 0.002 -21"><span class='ocrx_word' id='word_1_192' title='bbox 502 2643 734 2704; x_wconf 80' lang='lat' dir='ltr'><strong>carminum</strong></span> <span class='ocrx_word' id='word_1_193' title='bbox 754 2639 897 2724; x_wconf 53' lang='lat' dir='ltr'><strong>xerxe)</strong></span> <span class='ocrx_word' id='word_1_194' title='bbox 1005 2647 1014 2671; x_wconf 81' lang='lat'><strong>·</strong></span> 
     </span>
    </p>
   </div>
   <div class='ocr_carea' id='block_1_7' title="bbox 278 2765 1272 2912">
    <p class='ocr_par' dir='ltr' id='par_1_9' title="bbox 278 2765 1272 2912">
     <span class='ocr_line' id='line_1_27' title="bbox 278 2765 1272 2857; baseline 0.002 -34"><span class='ocrx_word' id='word_1_195' title='bbox 278 2765 558 2826; x_wconf 81' lang='lat' dir='ltr'><strong>Detcotationidaa</strong></span> <span class='ocrx_word' id='word_1_196' title='bbox 580 2765 789 2829; x_wconf 71' lang='lat' dir='ltr'><strong>attritionibus</strong></span> <span class='ocrx_word' id='word_1_197' title='bbox 812 2765 972 2826; x_wconf 61' lang='lat' dir='ltr'><strong>masticat</strong></span> <span class='ocrx_word' id='word_1_198' title='bbox 991 2766 1130 2825; x_wconf 79' lang='lat' dir='ltr'><strong>monachi</strong></span> <span class='ocrx_word' id='word_1_199' title='bbox 1271 2791 1272 2857; x_wconf 58' lang='lat' dir='ltr'><strong>q</strong></span> 
     </span>
     <span class='ocr_line' id='line_1_28' title="bbox 543 2853 881 2912; baseline 0.006 -2"><span class='ocrx_word' id='word_1_200' title='bbox 543 2853 635 2911; x_wconf 79' lang='lat' dir='ltr'><strong>Vettio</strong></span> <span class='ocrx_word' id='word_1_201' title='bbox 663 2856 758 2911; x_wconf 81' lang='lat' dir='ltr'><strong>eoacti</strong></span> <span class='ocrx_word' id='word_1_202' title='bbox 778 2854 881 2912; x_wconf 45' lang='lat' dir='ltr'><strong>Pena*</strong></span> 
     </span>
    </p>
   </div>
   <div class='ocr_carea' id='block_1_8' title="bbox 156 2970 1271 3484">
    <p class='ocr_par' dir='ltr' id='par_1_10' title="bbox 249 2970 1271 3050">
     <span class='ocr_line' id='line_1_29' title="bbox 249 2970 1271 3050; baseline 0 -19"><span class='ocrx_word' id='word_1_203' title='bbox 249 2970 334 3031; x_wconf 87' lang='lat' dir='ltr'><strong>Alius</strong></span> <span class='ocrx_word' id='word_1_204' title='bbox 355 2971 471 3048; x_wconf 89' lang='lat' dir='ltr'><strong>quidam</strong></span> <span class='ocrx_word' id='word_1_205' title='bbox 483 2972 689 3034; x_wconf 90' lang='lat' dir='ltr'><strong>monachorum</strong></span> <span class='ocrx_word' id='word_1_206' title='bbox 710 2980 880 3049; x_wconf 90' lang='lat' dir='ltr'><strong>nostrorum,</strong></span> <span class='ocrx_word' id='word_1_207' title='bbox 904 2971 1081 3033; x_wconf 82' lang='lat' dir='ltr'><strong>Christianus</strong></span> <span class='ocrx_word' id='word_1_208' title='bbox 1098 2975 1215 3046; x_wconf 91' lang='lat' dir='ltr'><strong>nomine,</strong></span> <span class='ocrx_word' id='word_1_209' title='bbox 1270 3007 1271 3050; x_wconf 55' lang='lat' dir='ltr'><strong>r</strong></span> 
     </span>
    </p>

    <p class='ocr_par' dir='ltr' id='par_1_11' title="bbox 156 3055 1271 3222">
     <span class='ocr_line' id='line_1_30' title="bbox 156 3055 1271 3135; baseline -0.002 -17"><span class='ocrx_word' id='word_1_210' title='bbox 156 3068 158 3073; x_wconf 80' lang='grc'>’</span> <span class='ocrx_word' id='word_1_211' title='bbox 185 3065 279 3119; x_wconf 85' lang='lat' dir='ltr'><strong>aetate</strong></span> <span class='ocrx_word' id='word_1_212' title='bbox 306 3059 422 3135; x_wconf 91' lang='lat' dir='ltr'><strong>quidem</strong></span> <span class='ocrx_word' id='word_1_213' title='bbox 448 3063 572 3135; x_wconf 89' lang='lat' dir='ltr'><strong>iuvenis,</strong></span> <span class='ocrx_word' id='word_1_214' title='bbox 601 3060 652 3119; x_wconf 91' lang='lat' dir='ltr'><strong>sed</strong></span> <span class='ocrx_word' id='word_1_215' title='bbox 681 3062 757 3119; x_wconf 87' lang='lat' dir='ltr'><strong>vitae</strong></span> <span class='ocrx_word' id='word_1_216' title='bbox 786 3066 847 3119; x_wconf 89' lang='lat' dir='ltr'><strong>tam</strong></span> <span class='ocrx_word' id='word_1_217' title='bbox 876 3063 1073 3120; x_wconf 86' lang='lat' dir='ltr'><strong>sanctissimae</strong></span> <span class='ocrx_word' id='word_1_218' title='bbox 1093 3061 1160 3135; x_wconf 80' lang='lat' dir='ltr'><strong>fuit,</strong></span> <span class='ocrx_word' id='word_1_219' title='bbox 1185 3065 1215 3116; x_wconf 91' lang='lat' dir='ltr'><strong>ut</strong></span> <span class='ocrx_word' id='word_1_220' title='bbox 1270 3055 1271 3101; x_wconf 69' lang='lat' dir='ltr'><strong>i</strong></span> 
     </span>
     <span class='ocr_line' id='line_1_31' title="bbox 184 3145 1214 3222; baseline -0.002 -16"><span class='ocrx_word' id='word_1_221' title='bbox 184 3164 259 3206; x_wconf 89' lang='lat' dir='ltr'><strong>unus</strong></span> <span class='ocrx_word' id='word_1_222' title='bbox 287 3145 450 3206; x_wconf 89' lang='lat' dir='ltr'><strong>crederetur</strong></span> <span class='ocrx_word' id='word_1_223' title='bbox 477 3146 513 3205; x_wconf 91' lang='lat' dir='ltr'><strong>de</strong></span> <span class='ocrx_word' id='word_1_224' title='bbox 542 3150 661 3222; x_wconf 88' lang='lat' dir='ltr'><strong>sanctis,</strong></span> <span class='ocrx_word' id='word_1_225' title='bbox 691 3149 739 3222; x_wconf 92' lang='lat' dir='ltr'><strong>qui</strong></span> <span class='ocrx_word' id='word_1_226' title='bbox 760 3149 877 3206; x_wconf 91' lang='lat' dir='ltr'><strong>suntin</strong></span> <span class='ocrx_word' id='word_1_227' title='bbox 897 3152 974 3206; x_wconf 89' lang='lat' dir='ltr'><strong>terra</strong></span> <span class='ocrx_word' id='word_1_228' title='bbox 994 3146 1120 3207; x_wconf 87' lang='lat' dir='ltr'><strong>Domini.</strong></span> <span class='ocrx_word' id='word_1_229' title='bbox 1161 3145 1214 3205; x_wconf 89' lang='lat' dir='ltr'><strong>Hic</strong></span> 
     </span>
    </p>

    <p class='ocr_par' dir='ltr' id='par_1_12' title="bbox 184 3223 1270 3396">
     <span class='ocr_line' id='line_1_32' title="bbox 187 3233 1214 3310; baseline -0.001 -18"><span class='ocrx_word' id='word_1_230' title='bbox 187 3249 303 3310; x_wconf 86' lang='lat' dir='ltr'><strong>corpore</strong></span> <span class='ocrx_word' id='word_1_231' title='bbox 338 3239 398 3293; x_wconf 87' lang='lat' dir='ltr'><strong>tam</strong></span> <span class='ocrx_word' id='word_1_232' title='bbox 430 3233 531 3293; x_wconf 92' lang='lat' dir='ltr'><strong>debilis</strong></span> <span class='ocrx_word' id='word_1_233' title='bbox 563 3241 635 3307; x_wconf 89' lang='lat' dir='ltr'><strong>erat,</strong></span> <span class='ocrx_word' id='word_1_234' title='bbox 662 3240 695 3292; x_wconf 94' lang='lat' dir='ltr'><strong>ut</strong></span> <span class='ocrx_word' id='word_1_235' title='bbox 722 3249 788 3292; x_wconf 91' lang='lat' dir='ltr'><strong>eum</strong></span> <span class='ocrx_word' id='word_1_236' title='bbox 817 3236 915 3294; x_wconf 86' lang='lat' dir='ltr'><strong>rivere</strong></span> <span class='ocrx_word' id='word_1_237' title='bbox 943 3234 1079 3293; x_wconf 86' lang='lat' dir='ltr'><strong>taederet</strong></span> <span class='ocrx_word' id='word_1_238' title='bbox 1105 3233 1214 3294; x_wconf 51' lang='lat' dir='ltr'><strong>,Nocte</strong></span> 
     </span>
     <span class='ocr_line' id='line_1_33' title="bbox 184 3319 1214 3396; baseline 0 -18"><span class='ocrx_word' id='word_1_239' title='bbox 184 3319 310 3396; x_wconf 92' lang='lat' dir='ltr'><strong>quadam</strong></span> <span class='ocrx_word' id='word_1_240' title='bbox 336 3319 418 3379; x_wconf 90' lang='lat' dir='ltr'><strong>dictis</strong></span> <span class='ocrx_word' id='word_1_241' title='bbox 439 3321 584 3378; x_wconf 89' lang='lat' dir='ltr'><strong>matutinis</strong></span> <span class='ocrx_word' id='word_1_242' title='bbox 605 3337 697 3396; x_wconf 91' lang='lat' dir='ltr'><strong>usquc</strong></span> <span class='ocrx_word' id='word_1_243' title='bbox 719 3321 756 3379; x_wconf 87' lang='lat' dir='ltr'><strong>ad</strong></span> <span class='ocrx_word' id='word_1_244' title='bbox 777 3320 893 3396; x_wconf 74' lang='lat' dir='ltr'><strong>laudm,</strong></span> <span class='ocrx_word' id='word_1_245' title='bbox 921 3322 1080 3396; x_wconf 86' lang='lat' dir='ltr'><strong>capitisue</strong></span> <span class='ocrx_word' id='word_1_246' title='bbox 1102 3334 1214 3396; x_wconf 87' lang='lat' dir='ltr'><strong>parcere</strong></span> 
     </span>
    </p>

    <p class='ocr_par' dir='ltr' id='par_1_13' title="bbox 186 3405 1269 3484">
     <span class='ocr_line' id='line_1_34' title="bbox 186 3405 1269 3484; baseline -0.004 -17"><span class='ocrx_word' id='word_1_247' title='bbox 186 3406 302 3482; x_wconf 87' lang='lat' dir='ltr'><strong>volens,</strong></span> <span class='ocrx_word' id='word_1_248' title='bbox 329 3424 416 3483; x_wconf 90' lang='lat' dir='ltr'><strong>super</strong></span> <span class='ocrx_word' id='word_1_249' title='bbox 434 3406 544 3484; x_wconf 79' lang='lat' dir='ltr'><strong>iignum</strong></span> <span class='ocrx_word' id='word_1_250' title='bbox 566 3413 633 3466; x_wconf 90' lang='lat' dir='ltr'><strong>ante</strong></span> <span class='ocrx_word' id='word_1_251' title='bbox 654 3405 800 3482; x_wconf 87' lang='lat' dir='ltr'><strong>quoddam</strong></span> <span class='ocrx_word' id='word_1_252' title='bbox 820 3407 910 3468; x_wconf 88' lang='lat' dir='ltr'><strong>altare</strong></span> <span class='ocrx_word' id='word_1_253' title='bbox 933 3424 964 3466; x_wconf 90' lang='lat' dir='ltr'><strong>se</strong></span> <span class='ocrx_word' id='word_1_254' title='bbox 984 3409 1144 3484; x_wconf 82' lang='lat' dir='ltr'><strong>prostravit,</strong></span> <span class='ocrx_word' id='word_1_255' title='bbox 1162 3405 1213 3464; x_wconf 92' lang='lat' dir='ltr'><strong>sub</strong></span> <span class='ocrx_word' id='word_1_256' title='bbox 1268 3435 1269 3456; x_wconf 68' lang='lat'>1</span> 
     </span>
    </p>
   </div>
   <div class='ocr_carea' id='block_1_9' title="bbox 201 3522 1268 3799">
    <p class='ocr_par' dir='ltr' id='par_1_14' title="bbox 201 3473 1269 3799">
     <span class='ocr_line' id='line_1_35' title="bbox 201 3522 1212 3594; baseline -0.003 -18"><span class='ocrx_word' id='word_1_257' title='bbox 201 3525 232 3594; x_wconf 86' lang='lat'><strong>1)</strong></span> <span class='ocrx_word' id='word_1_258' title='bbox 250 3523 368 3576; x_wconf 87' lang='lat' dir='ltr'><strong>Proverb.</strong></span> <span class='ocrx_word' id='word_1_259' title='bbox 387 3523 430 3588; x_wconf 82' lang='lat'><strong>26,</strong></span> <span class='ocrx_word' id='word_1_260' title='bbox 449 3524 490 3574; x_wconf 86' lang='grc'><strong>14.</strong></span> <span class='ocrx_word' id='word_1_261' title='bbox 510 3553 540 3562; x_wconf 96' lang='grc'>-</span> <span class='ocrx_word' id='word_1_262' title='bbox 552 3522 584 3590; x_wconf 84' lang='grc'><strong>2)</strong></span> <span class='ocrx_word' id='word_1_263' title='bbox 602 3522 645 3588; x_wconf 85' lang='lat' dir='ltr'><strong>ix,</strong></span> <span class='ocrx_word' id='word_1_264' title='bbox 663 3523 693 3574; x_wconf 86' lang='lat'><strong>9:</strong></span> <span class='ocrx_word' id='word_1_265' title='bbox 714 3523 829 3591; x_wconf 63' lang='lat' dir='ltr'><strong>„mando</strong></span> <span class='ocrx_word' id='word_1_266' title='bbox 842 3523 975 3576; x_wconf 83' lang='lat' dir='ltr'><strong>iuvencula</strong></span> <span class='ocrx_word' id='word_1_267' title='bbox 987 3540 1064 3590; x_wconf 88' lang='lat' dir='ltr'><strong>erarn,</strong></span> <span class='ocrx_word' id='word_1_268' title='bbox 1081 3523 1212 3576; x_wconf 82' lang='lat' dir='ltr'><strong>etherium</strong></span> 
     </span>
     <span class='ocr_line' id='line_1_36' title="bbox 253 3591 1268 3662; baseline 0.003 -17"><span class='ocrx_word' id='word_1_269' title='bbox 253 3591 417 3662; x_wconf 68' lang='lat' dir='ltr'><strong>excolendum</strong></span> <span class='ocrx_word' id='word_1_270' title='bbox 436 3593 681 3659; x_wconf 80' lang='lat' dir='ltr'><strong>suscepissem.“</strong></span> <span class='ocrx_word' id='word_1_271' title='bbox 701 3593 796 3645; x_wconf 84' lang='lat' dir='ltr'><strong>Mutato</strong></span> <span class='ocrx_word' id='word_1_272' title='bbox 814 3593 941 3662; x_wconf 88' lang='lat' dir='ltr'><strong>quando</strong></span> <span class='ocrx_word' id='word_1_273' title='bbox 954 3596 979 3646; x_wconf 92' lang='lat' dir='ltr'><strong>in</strong></span> <span class='ocrx_word' id='word_1_274' title='bbox 997 3603 1043 3659; x_wconf 89' lang='lat' dir='ltr'><strong>et,</strong></span> <span class='ocrx_word' id='word_1_275' title='bbox 1060 3593 1138 3646; x_wconf 83' lang='lat' dir='ltr'><strong>verba</strong></span> <span class='ocrx_word' id='word_1_276' title='bbox 1155 3595 1212 3644; x_wconf 89' lang='lat' dir='ltr'><strong>ite-</strong></span> <span class='ocrx_word' id='word_1_277' title='bbox 1267 3635 1268 3648; x_wconf 50' lang='lat'><strong>,</strong></span> 
     </span>
     <span class='ocr_line' id='line_1_37' title="bbox 251 3659 1211 3799; baseline 0 -85"><span class='ocrx_word' id='word_1_278' title='bbox 251 3678 318 3714; x_wconf 89' lang='lat' dir='ltr'><strong>rum</strong></span> <span class='ocrx_word' id='word_1_279' title='bbox 342 3691 373 3702; x_wconf 91' lang='lat'><em>-</em></span> <span class='ocrx_word' id='word_1_280' title='bbox 398 3661 585 3713; x_wconf 86' lang='lat' dir='ltr'><strong>reclinaret</strong></span> <span class='ocrx_word' id='word_1_281' title='bbox 609 3663 634 3714; x_wconf 90' lang='lat' dir='ltr'><strong>in</strong></span> <span class='ocrx_word' id='word_1_282' title='bbox 653 3662 695 3716; x_wconf 82' lang='lat' dir='ltr'><strong>Bc</strong></span> <span class='ocrx_word' id='word_1_283' title='bbox 712 3671 772 3714; x_wconf 86' lang='lat' dir='ltr'><strong>ante</strong></span> <span class='ocrx_word' id='word_1_284' title='bbox 794 3663 926 3716; x_wconf 86' lang='lat' dir='ltr'><strong>audivit</strong></span> <span class='ocrx_word' id='word_1_285' title='bbox 949 3667 1032 3732; x_wconf 86' lang='lat' dir='ltr'><strong>posita</strong></span> <span class='ocrx_word' id='word_1_286' title='bbox 1049 3672 1114 3716; x_wconf 86' lang='lat' dir='ltr'><strong>sunt.</strong></span> <span class='ocrx_word' id='word_1_287' title='bbox 1133 3691 1163 3703; x_wconf 93' lang='lat'>-</span> <span class='ocrx_word' id='word_1_288' title='bbox 1180 3659 1211 3799; x_wconf 46' lang='grc' dir='ltr'><strong>δὲ</strong></span> 
     </span>
    </p>
   </div>
   <div class='ocr_carea' id='block_1_10' title="bbox 191 3729 1215 3870">
    <p class='ocr_par' dir='ltr' id='par_1_15' title="bbox 191 3729 1215 3870">
     <span class='ocr_line' id='line_1_38' title="bbox 251 3729 1196 3803; baseline 0.002 -19"><span class='ocrx_word' id='word_1_289' title='bbox 251 3729 320 3784; x_wconf 77' lang='lat' dir='ltr'><strong>(iin</strong></span> <span class='ocrx_word' id='word_1_290' title='bbox 338 3731 639 3796; x_wconf 78' lang='lat' dir='ltr'><strong>erueeilii,A131)ei</strong></span> <span class='ocrx_word' id='word_1_291' title='bbox 660 3735 692 3784; x_wconf 89' lang='lat' dir='ltr'><strong>iu</strong></span> <span class='ocrx_word' id='word_1_292' title='bbox 710 3749 815 3786; x_wconf 90' lang='lat' dir='ltr'><strong>eruce.</strong></span> <span class='ocrx_word' id='word_1_293' title='bbox 829 3763 859 3775; x_wconf 94' lang='lat'>-</span> <span class='ocrx_word' id='word_1_294' title='bbox 872 3733 934 3803; x_wconf 74' lang='lat' dir='ltr'><strong>4)ss</strong></span> <span class='ocrx_word' id='word_1_295' title='bbox 952 3733 1124 3788; x_wconf 77' lang='lat' dir='ltr'><strong>accidisse:</strong></span> <span class='ocrx_word' id='word_1_296' title='bbox 1137 3733 1196 3774; x_wconf 56' lang='grc' dir='ltr'><strong>-Ψ</strong></span> 
     </span>
     <span class='ocr_line' id='line_1_39' title="bbox 191 3799 1215 3870; baseline 0.004 -15"><span class='ocrx_word' id='word_1_297' title='bbox 191 3827 195 3834; x_wconf 92' lang='lat'>·</span> <span class='ocrx_word' id='word_1_298' title='bbox 251 3799 341 3855; x_wconf 87' lang='lat' dir='ltr'><strong>Homil.</strong></span> <span class='ocrx_word' id='word_1_299' title='bbox 358 3801 377 3854; x_wconf 86' lang='lat'><strong>1.</strong></span> <span class='ocrx_word' id='word_1_300' title='bbox 395 3817 421 3869; x_wconf 90' lang='lat' dir='ltr'><strong>p.</strong></span> <span class='ocrx_word' id='word_1_301' title='bbox 441 3801 499 3855; x_wconf 82' lang='lat'><strong>135.</strong></span> <span class='ocrx_word' id='word_1_302' title='bbox 516 3801 557 3854; x_wconf 88' lang='lat'>111.</span> <span class='ocrx_word' id='word_1_303' title='bbox 575 3818 601 3870; x_wconf 89' lang='lat' dir='ltr'><strong>p.</strong></span> <span class='ocrx_word' id='word_1_304' title='bbox 623 3801 681 3855; x_wconf 86' lang='grc'>184.</span> <span class='ocrx_word' id='word_1_305' title='bbox 1212 3828 1215 3834; x_wconf 94' lang='grc'><em>·</em></span> 
     </span>
    </p>
   </div>
   <div class='ocr_carea' id='block_1_11' title="bbox 0 0 1316 4322">
    <p class='ocr_par' dir='ltr' id='par_1_16' title="bbox 0 0 1316 4322">
     <span class='ocr_line' id='line_1_40' title="bbox 0 0 1316 4322; baseline 0 0"><span class='ocrx_word' id='word_1_306' title='bbox 0 0 1316 4322; x_wconf 95' lang='lat' dir='ltr'><strong> </strong></span> 
     </span>
    </p>
   </div>
  </div>
 </body>
</html>
