2628 4310
195 239 256 298 aaa
507 239 735 302 permenso
758 241 916 303 nunnus
1284 205 1285 252 ¹

193 359 282 437 (ligna
308 361 362 420 tibi
392 361 512 423 recitare
543 380 672 440 possem,
703 366 728 423 si
756 380 815 424 non
845 363 885 424 ad
915 363 1029 424 utiliora
1060 364 1229 426 festinarem.

193 445 318 506 Maseuli
331 463 399 508 suas
415 447 535 508 seminas
558 450 642 510 valde
662 449 766 526 zelant,
787 451 927 512 adulteria
947 453 1116 527 gravissime
1137 451 1230 512 vindi

195 539 270 594 eant.
311 532 431 593 Habent
443 540 540 594 tannen
555 537 677 597 feminae
698 555 787 596 unum
809 538 965 598 remedium
987 540 1056 598 satis
1078 539 1232 599 miraculo·

195 637 268 678 sum
316 619 348 680 Si
370 627 437 681 aute
465 621 622 682 adventum
650 625 695 682 sui
722 626 863 728 comparis
892 627 975 700 aquis
1003 643 1036 684 se
1055 627 1285 711 immergere

194 707 331 781 potuerit,
352 706 467 783 eulpam
488 709 619 770 adulterii
639 709 688 770 illo
709 713 825 770 minime
847 713 1012 788 cognoscit,
1039 713 1141 788 sieque
1161 730 1232 788 poe-

194 809 261 852 nam
282 795 382 854 mortis
403 795 510 856 evadit.

553 985 786 1049 CAPITULUM
812 989 878 1049 LX.

388 1107 437 1167 De
458 1112 579 1186 cyconia
595 1117 721 1186 propter
743 1111 923 1170 adulterium
946 1114 1048 1171 oeeba.

258 1228 294 1288 In
315 1231 394 1290 euria
414 1229 564 1290 cuiusdam
585 1230 696 1304 militis,
723 1233 798 1290 sicut
825 1248 844 1290 a
866 1231 992 1306 quodam
1013 1231 1149 1308 religioso
1173 1235 1235 1292 viro

195 1316 335 1376 veraciter
355 1315 466 1391 audivi,
487 1316 570 1376 nidus
593 1323 654 1376 erat
675 1319 873 1394 eyeoniarum,
901 1321 988 1376 maris
1009 1319 1118 1378 soilioet
1140 1325 1173 1378 et
1193 1319 1236 1379 ie—

194 1403 298 1462 minee.
340 1401 396 1462 illa
408 1403 528 1463 absente
549 1403 677 1464 masculo
699 1403 870 1464 adulterium
891 1404 1051 1480 admittens,
1072 1405 1238 1481 frequenter

195 1487 294 1565 paludi
322 1506 396 1565 quae
427 1489 524 1548 domui
551 1493 682 1565 proxIma
710 1496 772 1550 erat
800 1507 831 1550 se
857 1493 1003 1551 immersit
1053 1491 1141 1567 Quod
1171 1510 1236 1552 eum

195 1575 277 1634 miles
298 1582 441 1650 notasset,
471 1593 588 1636 eausam
609 1579 682 1638 seire
707 1576 823 1652 volens,
851 1577 958 1637 fossam
987 1578 1104 1653 sepibus
1132 1581 1237 1654 operiri

195 1665 350 1738 praecepit
393 1661 470 1739 Quid
490 1661 595 1739 plura?
640 1663 713 1722 (ium
739 1663 789 1723 illa
817 1663 941 1724 admisso
970 1663 1092 1739 scelere,
1120 1665 1285 1754 solitam

197 1765 304 1824 aquam
332 1755 457 1826 peteret,
485 1766 539 1809 nee
561 1749 616 1808 ei
608 1767 751 1827 mgreseus
772 1757 898 1827 pateret,
926 1753 1037 1815 interim
1058 1769 1123 1811 mae
1143 1755 1237 1828 venit,

200 1837 306 1896 crimen
328 1839 459 1913 amovit,
487 1835 646 1896 adulteram
667 1844 759 1896 rostro
780 1839 929 1913 impetivit
971 1837 1021 1896 Ad
1042 1840 1124 1898 euius
1144 1841 1238 1900 inter-

196 1922 348 1982 sectionem
370 1940 436 1983 oum
457 1923 535 1984 solus
556 1941 614 1983 non
641 1923 798 1998 susteatet,
827 1941 893 1982 eum
919 1924 1013 1984 lurore
1041 1925 1183 2001 avolans,
1211 1933 1239 1986 et

196 2015 263 2086 post
282 2010 383 2070 horam
402 2009 523 2086 rediens,
545 2009 641 2069 multia
653 2006 670 2089 ¹)
693 2012 818 2087 opsoniis
839 2011 894 2070 sibi
915 2013 1072 2086 associatis,
1092 2013 1123 2070 in
1144 2013 1239 2073 oeulis

199 2099 325 2155 omnium
339 2098 430 2172 quiin
444 2099 522 2156 ouria
538 2095 666 2172 aderant,
687 2099 820 2157 miseram
840 2098 988 2158 interfecit.
1030 2095 1238 2160 NOVIOIUS:

197 2182 273 2243 Puto
302 2185 387 2243 istam
415 2182 587 2260 zelotypiam
615 2183 723 2258 aliquid
748 2185 777 2242 in
809 2201 841 2243 se
878 2186 1022 2244 continere
1055 2191 1239 2246 sacramenti.

197 2267 432 2330 MONACHUS:
459 2269 541 2330 Bene
568 2276 664 2346 putas.
712 2269 806 2346 Saepe
828 2273 904 2330 enim
931 2273 960 2329 in
986 2273 1134 2346 seripturis
1156 2274 1240 2333 Deus

199 2357 301 2417 avibus
320 2374 351 2417 se
374 2363 530 2432 comparet.
574 2356 662 2416 Cuius
679 2374 793 2434 sponsa,
814 2359 911 2418 anima
931 2357 1023 2417 fidelis
1045 2364 1097 2417 est.
1141 2359 1241 2420 Adul-

198 2445 301 2503 terinm
321 2461 399 2520 vero,
421 2459 504 2502 omne
526 2437 677 2519 peecatum
698 2443 827 2519 mortale,
849 2444 927 2520 quod
948 2445 986 2504 ab
1008 2441 1085 2524 illo²)
1108 2451 1239 2523 separat,
1284 2481 1285 2518 ι

201 2536 231 2590 et
259 2529 373 2590 diabolo
407 2532 561 2607 coniungit
602 2529 690 2606 Aqua
710 2531 870 2607 baptismus
901 2537 944 2591 est
972 2531 1019 2590 vel
1045 2534 1242 2608 poenitentia,
1284 2529 1285 2618 l

201 2633 276 2693 quae
297 2633 410 2693 semper
430 2619 586 2692 reiteratur,
608 2623 637 2677 et
652 2616 765 2693 eulpam
783 2617 882 2694 abluit,
902 2617 1032 2677 neDeus
1046 2617 1127 2678 illam
1141 2621 1243 2681 videat
1284 2635 1285 2698 ι

199 2704 248 2764 vel
270 2709 426 2780 cognoseat
446 2702 484 2762 ad
505 2704 669 2763 vindictam.
712 2703 767 2763 His
790 2704 871 2764 dietis
891 2721 944 2779 pro
974 2705 1122 2781 exemplo,
1153 2711 1242 2784 etiam

199 2789 235 2850 de
255 2792 382 2867 piscibus
404 2791 453 2866 qui
475 2789 511 2849 de
533 2785 635 2850 eodem
657 2791 812 2866 elemento,
833 2790 863 2849 id
886 2797 931 2850 est
953 2808 1030 2867 aqna
1058 2792 1129 2852 iacti
1158 2802 1242 2870 sunt,

198 2877 275 2937 unde
296 2871 374 2952 ares,
395 2877 503 2953 aliquid
523 2877 576 2937 tibi
597 2878 759 2938 miraculosi
780 2878 915 2938 recitabo.

549 3067 780 3130 CAPITULUM
800 3069 882 3129 LXI.
910 3109 914 3116 ·

314 3192 363 3251 De
385 3191 478 3250 anulo
501 3188 633 3250 Oonradi
653 3192 822 3267 Praepositi
843 3193 875 3250 in
896 3207 976 3250 mooe
996 3199 1125 3267 reperto.

264 3310 414 3373 Comedus
441 3311 626 3388 Praepositae
655 3315 746 3373 saneti
773 3312 903 3373 Severini
928 3313 957 3370 in
988 3311 1125 3389 Colonia,
1155 3318 1245 3376 etiarn

199 3399 384 3475 Praepositae
409 3406 470 3459 erat
490 3399 659 3459 Xantensis.
708 3399 765 3459 Hie
794 3417 859 3459 oum
888 3405 1017 3475 tempora
1045 3401 1179 3476 quodam
1208 3402 1246 3464 ad

198 3485 276 3546 idem
299 3484 416 3562 opidum
438 3488 594 3563 navigaret,
616 3492 645 3546 et
670 3503 772 3546 manus
802 3493 882 3546 extra
909 3489 1007 3546 navim
1015 3483 1036 3567 ³)
1064 3489 1094 3545 in
1123 3487 1245 3549 flumine

199 3571 318 3648 lavaret,
339 3572 442 3634 anulus
456 3590 559 3634 aureus
580 3572 674 3632 bonus
696 3572 781 3634 valde
803 3590 840 3632 ex
862 3575 922 3634 eius
944 3573 1034 3650 digito
1056 3573 1173 3650 labens,
1195 3593 1246 3637 oe-

219 3741 250 3808 t)
267 3739 289 3793 E
307 3756 372 3794 eum
388 3740 509 3793 multis.
529 3770 560 3780 -
579 3741 611 3808 2)
628 3740 651 3794 Ι)
668 3737 753 3809 quod
776 3739 888 3806 alise,
913 3740 935 3794 li
953 3740 1149 3810 quadrare
1168 3744 1244 3798 Dea.

271 3839 301 3850 -
320 3810 353 3878 3)
371 3809 391 3862 C
409 3825 530 3864 navem.
