2580 4316
176 267 216 328 46
497 267 724 329 DISTINOTIO
749 267 878 330 PRIMA

174 405 242 466 nere
264 388 449 464 saecularem,
470 391 522 450 ubi
542 409 688 451 assumere
705 388 721 472 ¹)
744 392 922 468 proponebat
938 390 1218 468 militiomspiritua-

174 475 240 543 lem.
283 476 389 536 Adhuc
402 479 482 553 vivit,
504 481 547 538 vir
568 480 662 538 bonus
684 497 718 537 ac
740 479 898 556 religiosae,
919 481 997 554 prius
1015 481 1087 552 ipter
1107 495 1217 539 mona·

175 563 245 624 ohos
266 566 404 640 novicius,
425 570 527 640 postea
550 567 587 625 ob
609 565 800 625 humilitatem
819 566 912 624 iactus
935 572 978 625 est
1000 583 1166 626 conversus.

479 727 711 816 ammarum
732 755 911 816 xirxmu.

352 879 401 936 Dc
422 878 527 935 humili
549 880 735 936 conversione
757 879 888 954 Philippi
908 876 1038 937 Attalo.
1151 929 1155 948 ,

241 1015 343 1075 Abbas
366 1015 514 1091 Philippus
537 1015 572 1074 de
596 1015 744 1092 Ottirhurg
767 1019 939 1075 sonnatium
960 1016 1033 1091 fecit,
1055 1018 1128 1076 sicut
1145 1014 1219 1074 mihi

176 1101 272 1162 retulit
295 1106 446 1162 canonicus
469 1102 586 1177 quidam
596 1103 793 1178 Traieoteusis,
817 1106 865 1178 qui
886 1110 954 1164 tuuc
976 1106 1111 1179 temporis
1126 1121 1218 1179 prae-

176 1208 242 1250 sens
268 1190 329 1249 hit.
372 1189 428 1248 Hic
458 1208 523 1248 oum
553 1196 629 1248 esset
658 1190 693 1249 de
722 1190 844 1249 honesta
875 1190 1021 1266 parentela
1053 1197 1155 1264 natus,
1190 1196 1219 1250 et

177 1279 291 1336 maioris
314 1277 451 1335 ecclesiae
472 1278 501 1334 in
524 1275 643 1334 Colonia
672 1280 840 1352 canonicus,
872 1275 1057 1352 Rudolphum
1087 1276 1219 1336 eiusdem

178 1364 315 1422 ecclesiae
337 1362 548 1422 Scholasticum
569 1363 684 1422 Parisiis
705 1363 848 1439 legentem
869 1363 987 1422 audivit.
1030 1363 1137 1422 Divina
1171 1366 1217 1421 in-

177 1453 303 1526 spirante
323 1452 434 1526 gratia,
456 1450 592 1525 magistro
614 1467 666 1508 suo
687 1453 852 1526 ignorante,
880 1450 993 1510 scholas
1016 1450 1155 1524 deseruit,
1190 1457 1218 1508 et

179 1554 244 1598 cum
268 1544 343 1596 esset
363 1536 530 1615 adolescens
543 1533 563 1615 ²)
586 1535 723 1596 delicatus
752 1539 891 1611 bonisque
919 1539 1047 1596 vestibus
1079 1537 1218 1610 indutus,

177 1626 297 1699 pauperi
319 1623 442 1682 scholari
464 1625 518 1682 sibi
540 1627 697 1682 occurrenti
719 1623 782 1682 illas
805 1622 899 1698 dedit,
912 1630 940 1681 et
954 1624 1021 1682 vilia
1034 1623 1108 1683 illius
1123 1625 1218 1684 vesti·

178 1708 308 1789 mentae)
332 1710 501 1785 reindueus,
523 1710 560 1768 ad
583 1710 699 1770 domum
722 1710 866 1784 quandam
888 1710 993 1768 ordinis
1014 1713 1117 1784 nostri,
1142 1727 1218 1785 quae
1257 1727 1262 1734 ·

77 1844 78 1852 ,
178 1797 343 1857 Bonavallis
366 1796 482 1872 dicitur,
515 1799 647 1871 veniens,
677 1814 708 1855 se
729 1800 758 1855 iu
780 1799 925 1856 novicium
947 1799 1052 1872 suscipi
1073 1797 1218 1881 humihter

179 1886 289 1960 petivit.
331 1883 469 1944 Videntes
506 1884 586 1942 illum
623 1883 723 1942 iratres
761 1902 854 1959 cappa
882 1887 949 1942 trita
978 1891 1064 1958 atque
1100 1889 1232 1948 vetusta¹

176 1972 321 2046 indutum,
348 1973 531 2031 aestimantes
559 1988 625 2030 eum
658 1970 818 2029 scholarem
846 1973 1003 2046 pauperem
1032 1977 1061 2029 et
1089 1989 1217 2047 vagum,

70 2087 75 2100 ι
176 2060 321 2134 suscipere
342 2063 503 2117 renuerunt.
548 2057 737 2117 Considerans
759 2075 869 2116 moram
891 2057 1024 2132 repulsae
1055 2074 1117 2115 esse
1140 2059 1218 2132 peri-

177 2144 322 2219 culosam,
354 2147 569 2220 ingressumque
598 2146 652 2203 sibi
672 2146 784 2220 negari,
812 2145 966 2202 novissime
989 2143 1073 2201 dixit:
1107 2142 1139 2202 si
1161 2159 1218 2201 nou

177 2232 358 2306 sdscepeu‘tis
380 2248 435 2305 me,
456 2231 528 2289 lorte
550 2249 603 2290 vos
625 2232 791 2306 poenitebit,
814 2237 843 2289 et
864 2248 931 2288 cum
952 2229 1045 2289 iacere
1060 2229 1217 2303 volueritis,

177 2335 319 2378 essenon
341 2319 453 2392 poterit.
497 2317 579 2376 Tunc
602 2317 717 2376 demum
738 2324 890 2392 susceptus
913 2324 964 2375 est.
1010 2316 1133 2393 Cognita
1158 2318 1218 2376 eius

178 2407 373 2478 conversione,
395 2406 530 2480 magister
539 2404 710 2480 Rudolphus
733 2402 842 2477 dolens,
864 2421 931 2462 cum
945 2405 1030 2462 sociis
1046 2402 1218 2478 quibusdam
1264 2469 1275 2486 οἳ

177 2491 216 2551 ad
238 2493 443 2549 monasterium
464 2493 556 2565 venit,
586 2491 637 2549 sed
658 2490 876 2550 fundamentum
898 2507 985 2565 supra
1005 2496 1117 2564 petram
1139 2491 1218 2566 posi-

177 2585 240 2637 tum
262 2595 379 2636 movere
400 2594 459 2636 uon
480 2574 616 2658 potuitl).
659 2577 697 2635 Et
720 2580 787 2654 quia
807 2577 885 2635 idern
895 2577 1044 2652 Philippus
1060 2593 1090 2634 se
1105 2578 1136 2634 in
1148 2593 1217 2635 con-

177 2666 309 2724 versione
323 2661 343 2743 ⁵)
366 2664 541 2739 humiliavit,
563 2666 591 2721 iu
613 2669 725 2722 tantum
746 2663 827 2721 illum
847 2663 990 2722 Dominus
1013 2663 1165 2739 exaltavit,
1186 2667 1217 2720 ut

178 2767 236 2811 non
257 2750 347 2810 multo
369 2757 436 2827 post
457 2750 550 2810 eidem
572 2749 670 2808 domui
691 2751 793 2810 Abhas
807 2745 828 2829 ⁶)
852 2749 1062 2826 praeficeretur.

350 2951 360 2980 ³
490 2939 722 3010 CAPITULUM
752 2941 905 3000 XXXIX.

188 3049 237 3106 De
260 3064 293 3106 co
316 3047 397 3123 quod
418 3047 541 3123 quidam
563 3050 595 3104 in
617 3049 805 3106 conversione
828 3046 943 3103 ordines
965 3062 1065 3102 sacros
1087 3033 1211 3104 celonica

395 3142 520 3209 propter
541 3134 737 3193 humilitatem
759 3134 891 3192 conversi
910 3133 994 3207 fiant.

243 3274 339 3332 Tanta
361 3279 404 3332 est
424 3274 515 3331 virtus
537 3271 721 3347 humilitatis,
742 3278 775 3330 ut
798 3273 857 3330 cius
880 3289 977 3330 amore
1001 3287 1088 3346 saepe
1110 3269 1148 3330 ad
1170 3285 1216 3327 or-

181 3359 276 3420 dinem
297 3363 444 3420 venientes
467 3360 568 3434 clerici,
589 3359 677 3418 laicos
696 3376 726 3417 se
740 3359 943 3432 simulaverint,
965 3358 1104 3417 malentes
1114 3371 1217 3432 peoora

179 3464 306 3526 pascere,
329 3464 416 3523 quam
436 3446 523 3506 libros
544 3446 656 3522 legere,
677 3448 767 3505 satius
781 3441 800 3526 ⁷)
825 3446 961 3506 ducentes
983 3445 1048 3505 Deo
1070 3447 1100 3504 in
1121 3443 1216 3504 humi-

199 3631 421 3700 1)Grumere.
441 3661 472 3671 -
501 3630 727 3699 2)Giuvanis.
747 3661 778 3671 -
807 3631 988 3700 3)Billiur
1015 3631 1216 3686 indumenta,

249 3702 510 3756 DP·vestimenta
536 3701 637 3753 illius.
658 3731 688 3740 —
707 3701 740 3769 t)
757 3702 814 3754 Luc.
835 3703 869 3765 6,
887 3703 928 3753 48.
951 3731 980 3740 -
1000 3702 1031 3769 5)
1049 3700 1070 3753 G
1087 3704 1119 3752 in
1145 3711 1216 3749 con-

251 3772 407 3824 versione
434 3785 475 3824 so.
495 3799 525 3809 —
549 3771 744 3838 opositis
771 3771 872 3824 eidem
899 3769 1012 3822 domui.
1034 3799 1064 3810 -
1084 3767 1214 3838 7)0st·

251 3842 338 3905 nius‚
355 3840 376 3891 D
395 3841 549 3892 sanctius.
