2538 4314
386 253 440 314 DE
461 249 740 316 CONFESSIONE.
985 268 987 276 ’
1023 253 1083 314 169

66 373 181 521 ‘couupt
189 375 397 453 poenitentibus
415 376 582 439 confessoris
603 373 764 452 affabilitas,
785 387 908 452 aequem
930 369 1088 436 declarabit

83 477 220 540 exenpmn

394 584 725 696 ‘mmmm

81 757 116 817 lle
126 757 251 834 plebem,
273 763 327 837 qui
348 763 523 818 morardum
546 763 574 817 ct
596 757 773 816 homicidam
794 756 927 817 dulcibus
940 757 1034 818 uerbis
1055 761 1086 817 ia

241 845 425 922 cmrfccsioac
447 845 488 903 acl
506 844 737 920 eabbfoctioaem
752 847 900 920 provexit.
962 890 965 898 ,

126 965 301 1043 Supradiotus
323 967 463 1026 Decanus
483 965 659 1040 Bonnensis,
688 982 754 1025 cum
781 971 909 1041 tempore
931 965 1057 1042 quodam
1069 961 1085 1046 ¹)

80 1051 293 1130 Quadragcsimae
308 1053 414 1113 sedens
434 1053 463 1112 in
475 1051 595 1112 ccclesia
608 1055 699 1111 sancti
720 1051 836 1112 Martini
845 1049 874 1133 ²),
895 1055 925 1112 in
946 1070 1005 1128 qua
1027 1060 1089 1112 erat

78 1137 198 1216 plebanus,
217 1141 334 1201 audiret
348 1140 554 1200 confessionem
571 1137 720 1199 cuiusdam
741 1139 864 1215 vetulae,
885 1139 957 1198 vidit
978 1140 1087 1199 eminus

79 1233 154 1286 conta
172 1245 202 1287 sc
223 1228 297 1287 duos
321 1244 358 1286 ex
379 1225 558 1303 parochianis
579 1228 639 1284 suis
659 1227 700 1294 in,
709 1226 833 1286 fenestra
854 1226 968 1300 sedere,
993 1232 1022 1285 ct
1042 1225 1087 1284 f-

78 1311 133 1372 bulis
151 1331 258 1374 vacare.
302 1314 351 1372 Ex
371 1313 473 1389 quibus
494 1331 570 1372 unus
593 1319 653 1371 crat
672 1314 827 1386 usurarius,
848 1313 920 1373 alter
940 1329 1009 1372 vero
1031 1312 1087 1372 ho-

78 1399 158 1459 micida
173 1401 351 1461 manifestus.
393 1398 500 1458 Vetula
512 1397 673 1473 recedente,
695 1416 761 1458 cum
772 1401 940 1460 accessisset
961 1398 999 1460 ad
1021 1417 1087 1458 eum

78 1486 233 1547 consessionis
254 1489 352 1564 gratia
379 1485 454 1546 idem
474 1488 636 1560 usurarius,
664 1487 704 1545 ait
724 1484 764 1545 illi
785 1485 941 1562 plebanus:
969 1485 1088 1560 Amice,

77 1589 117 1648 ego
147 1580 173 1634 et
203 1582 235 1634 tu
264 1573 355 1632 hodie
389 1573 462 1632 benc
498 1572 672 1648 decipiemus
707 1570 861 1634 diabolum.
911 1573 956 1632 Tu
977 1579 1089 1632 tantum

77 1661 244 1720 verbotenus
266 1659 405 1720 confitere
425 1665 546 1734 peccata
563 1665 621 1733 tua,
642 1658 791 1718 voluntate
808 1659 946 1735 peccandi
953 1656 974 1741 ³)
997 1659 1088 1736 depo-

77 1746 127 1820 sita,
150 1752 176 1807 et
195 1749 351 1823 acquiesce
381 1744 498 1805 consilio
520 1762 601 1820 meo,
631 1751 660 1804 ct
681 1762 734 1822 ego
760 1747 812 1805 tibi
833 1748 923 1807 vitam
944 1754 1089 1806 aeternam

28 1877 29 1886 ι
77 1835 193 1903 promitto.
235 1834 286 1894 Sic
316 1833 370 1900 tibi
395 1833 561 1908 temperabo
588 1833 808 1907 poenitentiam,
835 1839 946 1893 utnon
967 1833 1017 1893 fiat
1037 1834 1089 1892 tibi

28 1935 29 1998 3
76 1933 181 1979 onerosa
215 1920 433 1979 Benenoverat
451 1921 560 1992 vitium,
581 1921 611 1976 in
625 1914 712 2000 quo⁴)
730 1918 888 1980 laborabat.
930 1920 1090 1996 Respondit

75 2003 121 2062 ille:
149 2005 177 2065 Si
203 2007 261 2066 boc
296 2005 376 2081 quod
401 2008 564 2081 promittitis
591 2005 660 2064 mihi
688 2011 846 2081 constaret,
873 2005 964 2066 libens
996 2013 1090 2066 uterer

77 2091 171 2151 comilio
190 2100 290 2153 vestro
300 2089 331 2172 ⁵).
374 2092 412 2150 Et
431 2095 560 2168 promisit
582 2093 616 2151 ei.
659 2092 795 2168 Quicum
816 2093 962 2154 confessus
983 2093 1090 2168 frissel,
1129 2123 1131 2126 ·

77 2183 97 2234 et
118 2180 241 2240 abiurata
270 2196 363 2238 usura
392 2180 595 2254 poenitentiam
622 2180 809 2256 suscepisset,
845 2181 923 2239 socio
952 2197 1004 2240 suo
1032 2182 1090 2238 iam

77 2261 134 2323 dicto
158 2265 322 2327 homicidae
351 2281 515 2341 occurrens,
544 2267 598 2324 ait:
624 2265 702 2325 Vere
732 2265 926 2325 dulcissimum
950 2267 1091 2326 habemus
1124 2259 1127 2263 ’

28 2367 29 2372 ’
76 2352 248 2430 scetiotem,
278 2369 349 2411 nam
376 2354 482 2426 pictate
510 2350 664 2418 verborum
691 2368 808 2411 suorum
830 2352 868 2411 ad
888 2355 1091 2427 poenitentiam

28 2485 29 2492 ,
76 2453 111 2495 nc
128 2439 250 2500 adduxit
297 2438 386 2497 Cuius
403 2437 533 2513 exemplo
554 2437 602 2497 ille
622 2445 805 2514 provocatus,
826 2438 865 2498 ad
887 2439 1092 2499 confessionem

76 2527 144 2600 reuil,
157 2531 184 2586 et
197 2525 302 2585 similia
323 2526 399 2584 circa
418 2541 449 2584 se
461 2527 575 2601 pietatis
590 2527 713 2584 sentiens
722 2519 743 2606 ⁶)
757 2523 870 2600 indicia,
890 2529 1092 2601 poenitentiam

76 2615 181 2688 suscepit
202 2619 231 2672 et
252 2611 388 2688 explevit
429 2609 632 2670 NOVICIUS:
653 2611 699 2669 Ex
720 2611 826 2686 multis,
847 2617 921 2687 quac
942 2615 1000 2672 iam
1017 2611 1094 2674 dicta

76 2703 136 2773 arnt,
155 2696 313 2774 considero,
338 2696 416 2773 quod
437 2697 577 2757 confessio
599 2697 719 2758 multam
740 2700 865 2774 requirat
885 2699 1095 2774 perfectionem,

77 2789 124 2842 um
145 2787 174 2844 in
201 2786 358 2846 confitente
392 2801 478 2859 quam
506 2785 536 2842 in
569 2785 737 2846 confessore.
779 2783 1015 2846 MONACHUS:
1046 2785 1094 2846 De

77 2885 123 2930 mo
147 2871 241 2931 adbuc
268 2877 401 2948 superest
430 2869 596 2946 dicendum,
624 2889 676 2948 per
702 2871 780 2948 quod
807 2888 905 2931 omnes
928 2873 1095 2932 confessoris

78 2959 179 3018 virtutes
200 2964 443 3032 consummantur,
464 2957 573 3016 scilicet
597 2963 630 3016 ut
649 2964 795 3035 promtum
817 2964 845 3018 ct
864 2959 983 3020 hilarem
1004 2960 1095 3020 confi·

78 3045 121 3100 teri
146 3044 308 3104 volentibus
342 3061 373 3104 sc
405 3044 547 3104 exiribcat.
596 3043 643 3104 De
669 3045 725 3105 hoc
753 3045 843 3105 habes
876 3045 1038 3122 exemplum
1053 3049 1096 3117 ,in
1149 3092 1153 3099 .

79 3127 241 3192 distinctione
269 3133 363 3206 prima
387 3128 510 3208 capitulo
533 3137 629 3207 sexto,
657 3132 708 3191 vbi
729 3132 848 3209 angelus
869 3133 987 3192 Domini
1006 3134 1097 3194 Priori

80 3214 108 3273 de
130 3216 203 3278 Aina
234 3220 263 3276 in
298 3219 393 3293 specie
429 3212 591 3297 monachi⁷)
618 3221 835 3295 improperavit,
865 3219 943 3295 quod
975 3220 1098 3280 cundem

80 3305 236 3363 monachum
251 3303 381 3363 confiteri
393 3304 546 3378 volentem,
568 3309 648 3380 signo
664 3306 858 3381 suspenderat.
900 3305 932 3365 Si
953 3307 1098 3367 consessor

81 3389 186 3450 adhoc
212 3391 297 3450 fuerit
324 3397 456 3466 paratus,
486 3397 625 3467 quantum
652 3392 765 3468 placcat
792 3391 873 3467 Deo,
902 3399 931 3451 et
954 3399 1098 3470 ¹quantum

82 3480 263 3548 peccatoribus
285 3475 426 3553 expediat,
446 3495 569 3552 sequens
591 3495 683 3538 senno
707 3477 869 3538 declarabit.
919 3513 921 3520 ·

97 3610 123 3677 1)
138 3611 271 3694 quodam
289 3627 331 3662 om
348 3609 383 3672 133
400 3627 459 3663 mox
476 3611 494 3661 Ρ
513 3609 801 3691 quadragesimali.
820 3641 853 3652 -
871 3612 904 3682 2)
919 3612 961 3666 BG
978 3613 1027 3697 add
1045 3615 1102 3670 Co.

140 3681 304 3819 mageb&
320 3680 356 3816 {pr
362 3679 385 3800 c?
383 3680 545 3802 ιοιιὶιιὶῑθίοεῦῗι
552 3679 674 3801 {bald-u
679 3689 735 3819 11638
741 3689 836 3804 t(imae-n
842 3682 916 3816 l⁴iJcrlr3
919 3700 974 3820 sqp
976 3700 996 3804 p
990 3700 1072 3804 etlaptsi
1078 3701 1101 3805 ἓ

144 3848 175 3856 -
192 3821 225 3889 7)
239 3818 284 3890 pc
301 3819 449 3872 monachi
470 3833 638 3886 apparens.

822 3891 848 3964 8
