2580 4316
180 307 220 364 ts
508 301 736 365 nisumcrro
757 304 887 365 PRIMA

180 425 258 502 apud
278 426 388 504 Tyrum
409 425 485 485 diem
507 427 609 487 11111111
636 433 804 486 extremum
845 426 973 486 Moriens
1001 433 1101 485 autem
1129 425 1215 485 filiam

181 520 211 572 et
232 516 328 572 omnia
349 531 424 588 qaae
446 513 548 573 habuit
574 516 698 572 ministri
727 519 771 573 sui
793 513 862 573 tidei
893 513 1116 574 commendabit.
1158 511 1215 572 Sed

180 599 267 660 tidem
288 618 346 660 non
368 617 486 660 servans
508 619 607 660 servus
630 601 754 676 domino,
774 618 868 677 neque
890 601 1114 660 misericordiam
1135 600 1216 658 exhi-

181 688 253 747 bens
275 688 425 763 defuncto,
453 705 520 747 cum
548 695 624 747 esset
644 690 747 763 impius
769 696 799 748 et
819 706 937 763 avarus,
963 687 1060 764 puella
1081 693 1168 746 noete
1187 689 1216 744 in

182 774 268 834 domo
289 775 401 850 relicta,
435 775 509 834 clam
529 778 684 851 navigavit,
705 775 802 833 multis
821 775 900 834 illam
924 778 1044 834 miseriis
1061 791 1216 850 exponens.

182 860 264 937 Quae
284 879 369 944 mane
391 879 511 938 surgens
533 879 599 921 cum
616 860 632 942 ¹)
643 862 836 938 intellexisset,
857 869 981 922 tutorem
988 860 1009 942 ²)
1020 862 1142 920 infidum
1152 878 1216 920 cum

181 951 335 1025 patrissui
357 949 517 1008 substantia
544 951 713 1025 navigasse,
741 949 926 1009 vehementer
953 950 1057 1024 doluit,
1091 955 1122 1008 11
1150 947 1215 1024 quid

181 1043 280 1112 agera
299 1035 347 1096 vel
369 1053 426 1111 quo
448 1054 480 1095 se
501 1041 631 1110 11111111,
651 1039 765 1111 penitus
785 1039 935 1113 ignoravit
969 1037 1035 1095 Non
1055 1035 1216 1112 intelligens

181 1122 287 1182 idioma
308 1129 408 1198 terrae,
429 1124 504 1182 fame
527 1125 621 1199 coepit
634 1125 798 1198 tabescere3
819 1123 1007 1183 mendicando
1017 1129 1118 1184 tamen
1130 1122 1215 1182 sobo·

181 1207 225 1269 las
246 1212 275 1268 in
305 1210 406 1269 eadem
435 1213 549 1272 civitate
581 1227 656 1269 anno
687 1227 745 1269 uuo
758 1207 779 1290 ³)
800 1212 998 1287 frequentavit
1040 1211 1114 1269 Post
1145 1210 1215 1268 baec

182 1299 337 1373 peregrinis
358 1297 394 1356 de
409 1297 582 1356 Alamannia
603 1296 825 1357 adventantibus
847 1298 1038 1357 calamitatem
1059 1315 1144 1356 suam
1165 1314 1216 1356 ex-

183 1386 293 1460 posuit,
322 1390 351 1442 et
379 1390 412 1442 ut
440 1387 484 1443 sui
512 1387 726 1460 misererentur,
746 1385 956 1444 lacrimabiliter
985 1387 1124 1443 exoravit
1172 1383 1215 1441 Ex

183 1471 286 1545 quibus
313 1488 387 1529 uuus
420 1469 520 1530 ceteris
550 1470 645 1546 ditior,
672 1474 716 1530 vir
742 1473 835 1531 bonus
863 1479 892 1531 et
918 1472 1037 1546 nobilis,
1066 1470 1216 1530 consolans

183 1556 357 1632 desolatam,
389 1575 595 1633 assumensque
615 1561 646 1615 in
666 1561 762 1617 navim
792 1557 907 1638 suam⁴)
930 1558 1111 1633 derelictam,
1145 1557 1215 1617 datis

182 1647 364 1718 necessariis,
386 1645 423 1703 ad
444 1648 567 1720 patriam
587 1644 700 1703 reduxit
721 1648 907 1721 peregrinam
949 1645 1062 1704 Eodem
1089 1651 1215 1721 tempore

184 1745 249 1790 eum
271 1739 334 1790 orta
354 1732 455 1790 suisset
476 1734 668 1790 controversia
688 1733 1037 1792 inEcclesiaTreverensi
1057 1735 1132 1791 inter
1145 1731 1214 1789 duos

184 1817 298 1892 electos,
319 1818 500 1877 Wolmarum
521 1820 629 1879 scilicet
650 1819 778 1878 eiusdem
798 1819 945 1878 Ecclesiae
966 1819 1215 1890 Archidiaconum,

184 1911 213 1964 et
234 1904 420 1981 Rudolpbum
440 1909 578 1964 maiorem
599 1906 815 1982 Praepositum,
847 1906 978 1965 dominns
1006 1907 1091 1983 Papa
1111 1906 1214 1963 Lucius

183 1993 268 2067 priori
288 1992 420 2067 favebat3
446 2000 557 2068 partem
579 1992 694 2051 alterius
714 1993 882 2051 Fredericns
904 1994 1063 2069 Imperator
1085 1993 1215 2052 detensa·

182 2081 243 2139 bat.
285 2079 323 2136 Et
345 2082 412 2154 quia
433 2079 503 2138 nulli
525 2086 586 2138 erat
607 2085 715 2153 tutum,
745 2083 841 2154 apices
862 2080 900 2138 ad
921 2080 1138 2155 Apostolicum,
1170 2079 1215 2153 qui

183 2173 251 2225 tunc
272 2169 408 2242 temporis
430 2166 508 2241 apud
529 2167 676 2225 Veronam
697 2168 870 2242 morabatur,
892 2167 1014 2241 deferre,
1035 2174 1153 2243 propter
1171 2167 1214 2222 in-

182 2252 269 2311 sidias
290 2253 481 2328 Imperatoris,
501 2253 632 2311 Ecclesia
654 2252 831 2312 coloniensis
853 2271 919 2312 cum
940 2257 989 2312 uni
1001 2254 1215 2330 partiumiavc-

183 2345 234 2413 ret,
257 2345 285 2396 et
307 2340 344 2398 ob
367 2338 425 2398 hoc
447 2339 542 2398 literas
564 2339 603 2398 ad
623 2343 681 2398 iam
703 2339 810 2398 dictum
820 2340 932 2416 Papam
950 2340 1112 2415 destinaret,
1134 2341 1214 2399 baiu-

182 2426 228 2484 lus
250 2425 404 2484 saruudem
425 2429 502 2485 vitae
524 2443 594 2486 suae
615 2429 737 2501 timens,
765 2428 922 2502 praefatam
950 2427 1077 2503 puellam
1103 2431 1214 2502 propter

182 2519 329 2572 tonsuram
351 2519 380 2571 et
400 2512 530 2572 habitum
551 2513 763 2572 adolescentem
785 2517 958 2588 aestimans,
978 2531 1063 2589 prece
1085 2512 1169 2573 simul
1189 2517 1215 2568 et

181 2601 282 2674 pretio,
304 2617 338 2658 eo
361 2599 438 2674 quod
459 2603 551 2658 minor
572 2603 741 2676 suspicionis
761 2607 830 2664 nota
851 2602 924 2662 11111
936 2598 955 2681 ⁵)
966 2603 996 2658 in
1017 2600 1113 2677 pedite
1132 2615 1214 2674 quam

183 2689 212 2744 in
234 2689 337 2762 equite,
359 2687 470 2746 clausas
493 2690 523 2745 in
544 2687 648 2746 baculo
669 2687 773 2762 literas,
795 2695 827 2746 ut
836 2694 964 2764 portaret
975 2688 1105 2746 obtinuit.
1137 2685 1214 2760 Quae
1270 2753 1271 2756 Ἴ

183 2790 249 2833 cum
270 2776 350 2832 iuxta
370 2773 533 2850 Augustam
555 2774 716 2833 devenisset
724 2769 754 2854 ⁶),
775 2775 866 2834 iurem
888 2774 1013 2834 offendit.
1055 2773 1169 2851 Rogata
1179 2769 1213 2828 ab

183 2876 234 2934 eo,
256 2867 288 2919 ut
310 2864 404 2919 socius
426 2863 487 2920 eius
509 2865 584 2919 esset
606 2863 726 2935 itineris,
754 2862 824 2919 nihil
845 2861 912 2920 mali
934 2864 1098 2937 suspicans,
1126 2859 1214 2918 libens

181 2949 289 3006 annuit
334 2945 463 3023 Cumque
485 2947 634 3023 paululum
655 2951 875 3023 processissent,
898 2955 927 3007 et
946 2949 992 3006 sur
1013 2951 1096 3023 quasi
1116 2960 1214 3006 sonum

182 3036 415 3111 persequentium
436 3037 612 3110 excepisset,
635 3051 707 3094 onus
730 3052 796 3094 cum
816 3036 890 3094 furto
913 3051 1002 3110 penes
1024 3035 1213 3111 1111111111-

182 3123 296 3198 posuit,
317 3123 379 3196 ipse
401 3138 469 3181 vero
493 3121 530 3180 ad
552 3139 697 3181 secessum
718 3139 750 3181 se
770 3124 811 3181 ire
832 3122 984 3196 simulans,
1006 3124 1079 3180 inter
1098 3121 1214 3178 frutecta

182 3224 214 3266 se
237 3208 395 3267 abscondit.
440 3207 515 3284 Quid
536 3207 656 3267 morari
699 3209 754 3268 Illa
781 3227 800 3267 a
827 3209 1063 3284 persequentibus
1086 3217 1214 3279 compre-

181 3293 328 3368 henditur,
352 3312 417 3354 oum
439 3313 523 3354 sacco
545 3295 584 3354 ad
604 3294 741 3354 iudicium
762 3295 897 3369 trahitur,
927 3302 956 3355 et
976 3313 1029 3372 per
1050 3292 1214 3354 seutentiam

135 3449 140 3458 ¹
182 3380 286 3456 laqueo
309 3381 494 3440 adiudicatur.
539 3381 619 3457 Quae
642 3399 708 3441 oum
730 3384 767 3442 ob
800 3383 866 3441 furti
893 3385 1084 3458 praesentiam
1111 3375 1213 3439 nullam
1268 3405 1269 3411 1

182 3468 238 3527 sibi
258 3467 394 3544 prodesse
417 3475 544 3528 cemoret
565 3468 773 3544 allegationem,
793 3469 902 3529 nullam
924 3471 1143 3540 excusationem,
1167 3479 1213 3521 sa-

183 3553 328 3614 cerdotem
348 3557 464 3631 petivit,
494 3561 523 3614 et
550 3556 679 3615 obtinuit.
723 3555 777 3614 Cui
806 3574 941 3616 excessus
970 3573 1038 3616 suos
1067 3551 1213 3616 confitens,

201 3739 356 3810 1)(1111111
383 3726 474 3794 mane
501 3756 701 3809 11111111-
728 3740 864 3810 1)(1111
883 3757 982 3794 suum.
1002 3771 1032 3782 -
1052 3735 1212 3810 ³)B0uu0

252 3825 341 3861 1111111.
361 3838 392 3848 -
420 3808 536 3878 num
564 3812 636 3862 navi
663 3826 727 3862 sua.
748 3841 779 3850 —
807 3812 838 3880 5)
856 3811 943 3864 11111
965 3827 1006 3862 om
1023 3810 1051 3864 0.
1070 3839 1102 3850 ·-
1128 3797 1213 3874 6)Βῦ

190 3927 193 3931 .
252 3881 418 3942 venisset,
445 3895 504 3931 mox
530 3878 570 3932 PG
596 3880 703 3932 iurem
729 3880 856 3937 obviarn
882 3879 1005 3932 babuit.
1052 3929 1055 3938 ,
