2538 4314
146 221 149 230 ¹
187 266 247 326 118
495 261 724 326 orsnmonro
743 263 892 326 nurum

183 389 254 446 dam
275 387 446 446 sacramenti
467 403 536 447 suae
555 387 768 447 incarnationis.
802 387 933 462 Quantae
944 385 1054 446 virtutis
1064 387 1101 446 sit
1122 385 1217 446 eadem

184 469 337 547 salutatio,
358 489 410 548 per
431 490 518 548 quam
539 476 651 533 initiata
673 480 716 533 est
737 473 854 532 humani
875 475 987 550 generis
1007 473 1157 549 redemtio,
1184 491 1217 532 er

183 559 369 636 sequentibus
389 559 501 635 plenius
523 578 670 637 agnosces.
711 560 909 637 Interrogatus
930 559 1006 618 idem
1021 559 1217 634 daemonem

183 649 225 708 ita
245 657 362 705 raucam
391 647 511 707 haberet
538 664 657 721 rocem,
684 646 846 722 respondit:
885 647 959 722 Quia
986 663 1100 722 semper
1127 646 1216 706 ardeo.

183 733 309 793 Dicebat
330 733 431 793 eadem
451 733 563 810 puella,
593 736 661 809 quia
684 737 814 808 quotiens
835 734 970 793 veniebat
991 733 1029 792 ad
1051 749 1114 809 me,
1147 735 1218 793 eavit

183 837 221 880 ne
243 838 309 880 eum
330 819 427 880 videre
457 837 573 896 possem
601 839 620 880 a
649 819 742 879 dorso.
785 818 989 882 NOVICIUS:
1016 819 1106 879 Miror
1134 837 1216 896 quare

183 907 240 966 hoc
260 905 379 976 lecerit?
423 906 656 967 MONAOHUS:
678 907 853 982 Daemones,
874 910 948 968 sicut
968 906 1095 968 intellexi
1116 924 1152 967 ex
1165 906 1217 966 alia

184 993 310 1069 quadam
331 995 455 1069 visione,
487 997 645 1069 posteriora
665 1011 723 1053 non
745 993 861 1053 habent.
905 993 988 1054 Unde
1011 995 1129 1070 quidam
1151 993 1216 1054 dae·

158 1081 160 1086 '
183 1098 252 1140 mon
272 1080 386 1157 puellae
409 1080 523 1141 cuidam
543 1098 684 1156 apparens
705 1081 898 1156 frequentius,
921 1098 986 1140 cum
1008 1081 1046 1140 ab
1069 1097 1105 1140 ea
1127 1081 1217 1140 diver·

183 1174 247 1228 teus
269 1184 382 1243 semper
402 1167 601 1242 retrocederet,
622 1170 813 1243 interrogatus
836 1184 886 1227 cur
899 1167 1081 1243 hoclaoeret,
1103 1185 1216 1244 respon-

184 1254 241 1315 dit:
272 1254 355 1314 Licet
385 1271 503 1331 corpora
535 1254 661 1314 humana
686 1256 773 1315 nobis
792 1270 987 1329 assumamus,
1020 1255 1107 1314 dorsa
1127 1261 1217 1314 tamon

182 1359 241 1402 non
262 1341 411 1400 habemus.
454 1339 656 1401 NOVICIUS:
683 1341 828 1416 Exspecto
858 1342 1036 1416 exemplum,
1064 1360 1118 1418 per
1145 1339 1216 1416 qnod

182 1427 268 1488 lictae
289 1443 434 1504 veraeque
456 1428 639 1488 consessionis
660 1427 848 1488 differentiam
866 1445 1048 1505 cognoscam.
1090 1427 1216 1488 MONA-

184 1515 303 1574 CHUS:
330 1515 396 1574 Hoc
417 1517 447 1574 in
468 1521 584 1592 promtu
605 1520 656 1574 cst.
699 1515 767 1573 Fuit
788 1517 816 1574 in
838 1517 932 1574 vicino
952 1517 997 1573 vir
1019 1515 1152 1590 qnidam,
1174 1517 1217 1590 qui

183 1601 378 1678 supradictum
401 1602 571 1662 daemonem
591 1601 690 1660 audire
712 1604 794 1661 nimis
808 1601 980 1676 desiderans,
1000 1591 1217 1678 propterturpia

184 1688 325 1765 quaedam
348 1707 423 1765 quac
445 1691 627 1749 commiserat
646 1695 776 1764 peccata,
797 1691 1026 1764 appropinquare
1047 1705 1106 1748 non
1132 1688 1216 1748 aude-

183 1777 243 1850 bat,
264 1779 367 1834 timens
389 1777 443 1836 sibl
463 1778 512 1835 illa
534 1793 632 1835 eoram
654 1777 786 1835 omnibus
808 1778 1002 1852 improperari.
1032 1775 1084 1845 ,Et
1105 1777 1215 1836 veniens

184 1863 223 1922 ad
245 1863 438 1938 sacerdotem,
459 1863 605 1925 confessus
628 1868 672 1921 est
693 1864 841 1936 universa,
862 1863 1012 1921 voluntate
1032 1869 1131 1922 tamen
1150 1878 1214 1938 pee-

74 1987 79 1994 -
185 1949 268 2010 candi
290 1957 408 2010 retenta.
450 1950 619 2024 Fractusque
637 1965 672 2007 ex
695 1948 796 2008 eadem
818 1950 994 2010 confessione
1016 1952 1156 2023 securior,
1181 1946 1214 2008 ad

185 2038 305 2096 domum
323 2039 411 2097 venit.
454 2035 529 2094 Mira
550 2053 603 2094 res.
646 2035 718 2094 Mox
739 2042 772 2094 ut
792 2036 879 2096 limen
900 2038 1009 2112 attigit,
1031 2043 1061 2096 et
1081 2039 1215 2111 introspe-

184 2126 240 2198 xit,
262 2123 385 2184 daemon
403 2125 436 2182 'in
457 2140 523 2182 aere
546 2124 693 2182 clamavit:
715 2121 833 2198 Amice,
854 2126 920 2183 veni
941 2123 1014 2198 hue,
1041 2127 1124 2199 veni,
1146 2128 1215 2182 certe

184 2211 258 2270 bene
287 2216 315 2270 te
344 2210 492 2271 dealbasti.
551 2209 590 2267 Et
616 2212 712 2268 statim
749 2227 846 2269 eoram
876 2211 1007 2269 omnibns
1036 2213 1134 2277 omnia
1159 2211 1215 2268 eius

184 2303 306 2373 peecata
327 2300 435 2373 turpia,
451 2297 518 2356 licet
540 2296 685 2370 confessa,
707 2296 846 2372 prodidit,
866 2299 897 2355 in
917 2303 1029 2356 tantum
1050 2297 1131 2356 illum
1150 2313 1214 2356 con·

183 2383 314 2457 lundens,
335 2390 367 2441 ut
389 2383 490 2443 eadem
511 2383 583 2442 hora
604 2401 667 2442 esse
684 2381 699 2463 ¹)
722 2383 861 2442 voluisset
881 2386 911 2442 in
932 2389 997 2442 ortu
1010 2383 1092 2443 solis.
1111 2383 1212 2442 Triste

184 2471 311 2544 effectus,
334 2477 363 2529 et
383 2472 558 2552 conscientia
580 2476 734 2529 accusante
755 2473 785 2529 in
806 2488 837 2528 se
859 2487 1003 2544 reversus,
1025 2470 1064 2529 ad
1086 2468 1215 2530 sacerdo·

183 2564 243 2617 tem
263 2557 360 2632 rediit,
393 2574 467 2632 quae
489 2563 572 2632 gesta
594 2564 660 2615 sunt
680 2557 790 2632 retulit,
813 2557 1019 2624 confessionem
1038 2559 1171 2630 iteravit,
1191 2559 1216 2613 et

183 2645 254 2719 'quia
275 2643 311 2702 de
332 2644 440 2720 reliquo
463 2643 640 2702 emendatius
661 2646 758 2704 mucre
779 2643 882 2718 vellet,
915 2643 951 2703 de
973 2643 1057 2703 eorde
1078 2644 1215 2720 pollicitus

185 2737 229 2791 est
249 2730 314 2790 Deo
337 2737 366 2790 et
387 2729 536 2790 sacerdoti.
572 2730 654 2790 Tunc
668 2730 816 2790 sacerdosr
837 2729 936 2806 Modo,
957 2729 1058 2806 inquit,
1078 2736 1214 2791 revertere

184 2835 309 2892 securus,
330 2835 387 2877 non
409 2824 438 2876 te
453 2817 607 2876 confundet
627 2818 757 2892 amplius.
800 2817 839 2876 Et
859 2818 926 2877 lecit
946 2819 995 2876 sic.
1038 2817 1166 2878 Intrante
1184 2831 1214 2873 eo

184 2904 310 2980 domum,
332 2904 448 2980 quidam
471 2922 506 2963 ex
529 2904 799 2966 circumsedentibus
822 2903 955 2964 daemoni
977 2905 1123 2964 dixerunt:
1144 2903 1214 2962 Ecce

183 2994 293 3052 amicus
314 2998 381 3050 tuus
401 2993 504 3051 iterum
525 2994 611 3051 venit.
656 2991 766 3068 Quibus
794 2992 840 3051 ille
868 2975 1029 3067 respdndit:
1063 2991 1133 3067 Quis
1155 2987 1214 3049 ast?

183 3079 249 3153 Ille,
278 3081 425 3153 inquiunt,
451 3080 497 3138 cui
527 3079 614 3154 paulo
643 3086 709 3138 ante
738 3086 798 3138 tam
818 3081 913 3154 turpia
934 3084 1054 3154 peccata
1074 3081 1213 3154 imprope-

183 3167 261 3226 rasti.
303 3165 463 3242 Respondit
485 3165 622 3224 daemon:
650 3165 713 3242 Ego
741 3166 811 3224 nihil
831 3165 872 3223 illi
892 3168 1098 3242 improperari,
1126 3177 1213 3237 neque

183 3252 291 3329 aliquid
313 3252 348 3312 de
371 3270 405 3312 eo
427 3255 496 3312 novi
517 3253 585 3311 mali
593 3249 623 3330 ²).
666 3253 705 3310 Et
725 3255 820 3312 mirati
842 3250 937 3332 sunt³)
954 3253 1123 3312 daemonem
1135 3267 1213 3309 men-

183 3342 267 3399 titum
286 3340 387 3414 luisse,
408 3340 439 3398 hi
461 3342 508 3415 qui
529 3340 651 3398 hominis
667 3341 875 3416 ,ignoraverunt
897 3341 1111 3398 confessionem.
1153 3336 1213 3396 Sic-

183 3443 240 3502 que
261 3444 313 3502 per
333 3430 468 3486 virtutem
490 3428 674 3486 consessionis
693 3427 740 3485 ille
762 3429 856 3486 evasit
876 3433 975 3486 notam
988 3429 1129 3486 maximae
1148 3440 1212 3482 con-

183 3513 309 3574 fusionis.
351 3513 387 3572 ln
408 3513 510 3573 eadem
531 3514 617 3574 domo
639 3519 770 3573 matrona
792 3513 934 3589 quaedam
956 3531 1021 3573 eum
1050 3513 1149 3574 ceteris
1169 3525 1212 3567 se-

203 3700 234 3769 1)
252 3699 272 3752 B
291 3699 403 3750 luisse.
422 3729 454 3738 —
474 3700 506 3766 2]
524 3699 544 3752 B
561 3700 599 3764 de
622 3716 658 3752 eo
676 3700 750 3752 mali
769 3702 860 3763 novi,
878 3699 897 3754 G
914 3700 990 3751 mali
1013 3698 1052 3751 de
1074 3713 1109 3750 eo
1133 3696 1211 3747 nori.

194 3786 197 3796 ·
254 3769 285 3836 3)
303 3767 429 3821 necuit(
455 3771 623 3823 aestimati
650 3779 738 3834 sunt,
765 3770 786 3822 ll
813 3772 1038 3822 aestimarunt.
1082 3762 1212 3820 Scribendo

254 3839 360 3890 mirati
379 3847 467 3900 sunt,
485 3842 617 3908 genuinam
635 3840 768 3893 lectionem
786 3855 825 3892 rue
843 3841 984 3892 restituisse
1002 3838 1115 3891 arbitror.
