2664 4308
170 275 211 334 so
475 269 702 332 orssmomo
723 244 897 364 sensnm

167 394 309 472 gustavit,
331 398 361 454 et
391 391 502 452 obtulit
548 393 596 453 De
625 409 682 468 quo
711 410 777 454 cum
794 389 811 473 Ι)
840 399 1000 470 gustasset,
1021 395 1096 454 siout
1127 393 1205 471 prius

168 482 267 540 vinum
294 481 416 553 invenit,
449 486 478 538 et
505 497 573 540 mox
601 497 685 540 servo
713 482 804 540 iratus
832 483 873 542 sic
894 483 950 540 ait:
982 480 1023 541 Ut
1044 480 1114 556 quid
1135 481 1204 540 mihi

167 566 261 627 illudis
291 583 327 627 en
354 565 481 626 secundo
493 563 528 646 ²),
555 568 655 626 vinum
682 583 734 642 pro
756 584 834 642 aque
854 567 923 626 mihi
945 566 1112 627 offerendo?
1154 566 1205 627 Ad

168 653 247 730 quod
268 653 388 714 verbum
410 659 529 728 stupens
550 670 665 732 sersus,
686 671 753 713 oum
773 657 938 714 iuramentis
959 656 1090 714 maximis
1111 671 1205 730 nega-
1278 657 1280 661 ’

167 742 217 800 vit.
270 740 352 800 'luna
386 739 510 817 primum
540 740 700 818 intelligens
733 757 769 800 ex
801 741 892 800 multa
923 741 1117 801 misericordia
1146 741 1204 801 Dei

168 825 320 888 Genitricis
347 826 403 888 hoc
431 826 599 888 miraculum
627 831 703 887 eirea
730 845 762 887 se
783 834 911 904 gestum,
944 827 1067 888 eundem
1088 845 1204 888 servum

167 912 323 988 adinravit,
351 931 388 974 ne
413 913 485 974 illud
513 931 640 989 unquam
669 914 755 974 alicui
776 914 924 974 hominum
953 915 1049 991 quoad
1078 917 1204 990 viveret,

166 1001 367 1062 manifestaret.
409 1000 453 1060 Ex
475 1018 532 1076 quo
548 1000 688 1077 colligitur
709 1001 788 1076 quod
808 1019 866 1060 non
888 1001 1009 1077 cupidus
1030 1007 1091 1060 erat
1111 1003 1204 1060 inanis

165 1088 282 1165 gloriae.
324 1087 431 1148 Servus
452 1104 521 1146 vero
548 1090 620 1146 tsnti
640 1089 783 1163 particeps
804 1088 950 1163 miraculi,
971 1089 1056 1148 frater
1077 1093 1122 1148 est
1141 1087 1205 1146 Ar·

45 1201 50 1214 ¹
165 1175 277 1250 noldus,
298 1176 348 1250 qui
369 1192 435 1234 cum
456 1192 491 1234 eo
514 1177 592 1234 venit
613 1174 650 1234 sd
670 1175 806 1249 ordinem,
829 1177 871 1234 vir
893 1181 1009 1236 sanctus
1031 1181 1061 1234 et
1080 1174 1204 1236 multum

165 1262 320 1335 ordinatus,
342 1267 372 1320 et
392 1263 422 1320 ln
443 1268 539 1321 monte
553 1261 720 1337 Stromberg
737 1261 874 1336 sepultus.
918 1261 1084 1337 Antequam
1104 1277 1205 1321 more-

165 1355 255 1424 retur,
275 1348 353 1408 idem
374 1348 542 1408 miraculum
564 1347 601 1408 ad
623 1348 679 1408 Dei
700 1347 820 1425 gloriam
841 1348 1012 1423 publicavit,
1041 1350 1143 1408 timens
1165 1347 1204 1408 de

164 1435 299 1496 thesauro
314 1435 456 1494 occultato
477 1441 677 1510 postmortem
698 1434 817 1495 reddere
838 1437 986 1494 rationem.
1008 1468 1050 1478 -
1071 1434 1205 1507 Audiens

165 1521 346 1598 saepedictus
376 1521 523 1582 Walterus
554 1522 682 1582 ordinem
711 1521 927 1582 cisterciensem
960 1511 1063 1582 beatae
1090 1521 1204 1599 Virgini

165 1609 343 1682 dedicatum,
372 1611 468 1667 omnia
489 1625 563 1683 quae
584 1615 650 1668 eunt
670 1607 754 1668 huius
776 1609 890 1683 mundi,
920 1608 1033 1668 divitias
1053 1608 1205 1684 videlicet,

164 1697 288 1757 honores
309 1702 338 1754 ot
359 1698 481 1770 amieos,
504 1695 541 1754 ob
563 1695 637 1754 illius
661 1713 789 1755 amorem
810 1694 937 1770 reliquit,
967 1701 996 1754 et
1016 1698 1045 1753 in
1068 1694 1204 1758 Claustro

165 1781 243 1859 quod
264 1782 320 1845 alio
341 1784 456 1843 nomine
470 1781 681 1842 Hemmenrode
704 1783 812 1856 dicitur,
835 1785 915 1842 ouius
935 1781 1013 1842 fama
1034 1788 1102 1842 tuno
1123 1788 1204 1842 tem-

164 1871 250 1946 poris,
270 1871 344 1928 sicut
365 1875 394 1929 et
414 1868 513 1944 hodie,
535 1869 691 1930 clarissima
710 1869 778 1943 fuit,
801 1869 930 1928 habitum
952 1869 1112 1945 regularem
1133 1887 1205 1930 sus·

165 1957 249 2031 cepit
291 1955 326 2013 In
348 1973 404 2031 quo
427 1956 567 2016 coenobio
582 1973 669 2032 quam
682 1955 825 2015 humiliter
846 1958 883 2014 sit
896 1963 1091 2030 conversatus,
1112 1973 1204 2031 quam

163 2044 276 2104 fervens
296 2042 380 2102 luerit
400 2048 429 2101 et
450 2042 595 2118 obediens,
618 2048 646 2102 et
666 2045 696 2101 in
718 2042 856 2117 obsequio
878 2043 982 2102 beatae
999 2042 1124 2118 Virginis
1146 2042 1205 2102 de-

164 2135 258 2204 votus,
279 2135 367 2189 testes
387 2135 455 2188 sunt
476 2146 575 2189 omnes
595 2129 728 2189 monachi
749 2129 877 2188 eiusdem
898 2132 1071 2188 monasterii.
1112 2129 1205 2189 Psal-

163 2219 267 2278 terirun
287 2233 366 2291 vero,
386 2215 516 2292 hymnos,
538 2219 649 2276 cantica
670 2221 699 2276 et
719 2215 791 2274 elias
813 2215 849 2276 de
866 2215 993 2276 Domina
1013 2221 1110 2276 nostre
1132 2233 1205 2276 ora-

164 2305 256 2363 tiones
276 2303 412 2379 plurimss
440 2303 658 2378 inprobatione
680 2302 831 2376 didicerat,
860 2320 934 2379 quae
963 2305 1060 2362 omnia
1087 2301 1206 2364 studio-
1313 2299 1314 2306 '

162 2393 273 2450 sissimo
286 2389 483 2465 frequentavit
503 2389 610 2450 Missae
618 2388 799 2464 quotidianae
808 2389 951 2464 Dominae
961 2395 1077 2449 nostrae
1086 2407 1207 2467 semper

162 2479 298 2538 interesse
310 2475 416 2552 voluit;
428 2477 563 2551 quioquid
573 2493 646 2552 pene
659 2475 839 2551 loquebatur,
851 2475 1076 2536 aedificatorium
1088 2476 1205 2536 fuit-

163 2563 239 2640 Quia
257 2577 317 2624 uon
338 2564 432 2624 solum
452 2565 548 2622 verbis
576 2570 605 2622 et
631 2569 765 2638 aspectu,
795 2565 853 2622 imo
883 2566 969 2622 etiam
990 2563 1078 2624 odore
1105 2564 1206 2626 famem

163 2653 224 2710 eius
258 2651 340 2710 multi
375 2649 613 2724 aedificabantur,
653 2652 788 2725 magister
824 2650 970 2726 hospitum
1002 2656 1115 2710 oreatus
1148 2659 1206 2712 est.
1312 2715 1313 2722 ,

161 2737 304 2812 Tempora
326 2737 451 2812 quodam
479 2734 581 2794 ductus
609 2742 652 2796 est
672 2737 710 2795 ad
732 2740 936 2798 monasterium
964 2754 1016 2813 spe
1045 2739 1206 2800 curationis

162 2823 279 2900 quidam
300 2825 444 2897 obsessus,
466 2829 495 2882 et
515 2825 544 2881 in
561 2822 684 2900 hospitio
706 2829 846 2898 receptus.
889 2823 960 2882 Erat
982 2827 1056 2882 enim
1077 2827 1204 2886 rusticus

161 2909 243 2971 dives
264 2913 333 2970 satis
353 2928 388 2970 ao
420 2915 513 2969 notus.
558 2908 615 2986 Qui
637 2928 702 2970 cum
723 2910 801 2970 nullo
823 2909 949 2970 remedio
971 2916 1068 2986 posset
1089 2915 1205 2988 sanari,

161 3015 219 3058 non
239 2997 364 3073 reliquiis
385 3002 558 3071 sanctorum,
581 3014 639 3056 non
662 2997 839 3056 orationibus
859 2997 1072 3072 monachorum,
1093 3015 1205 3074 saepe-

162 3084 253 3145 dictus
278 3083 427 3144 Waltarus
460 3086 632 3161 auctoritate,
661 3083 745 3144 officii
775 3084 937 3158 frequenter
970 3101 1036 3144 eum
1063 3087 1204 3162 visitans,
1311 3148 1312 3173 ¹

161 3173 304 3232 orationes
326 3176 355 3230 et
376 3170 494 3230 rithmus
507 3166 528 3250 ³)
558 3187 630 3247 quos
652 3170 787 3244 habebat,
810 3171 845 3229 de
858 3170 985 3230 Domina
1005 3177 1104 3230 nostra
1126 3188 1204 3232 con-

160 3259 282 3334 scriptos
292 3253 324 3337 ⁸),
344 3275 431 3333 super
452 3264 540 3333 caput
559 3258 681 3317 hominis
702 3257 779 3334 legit,
800 3274 896 3316 sacras
918 3259 1043 3333 pictruss
1064 3259 1205 3337 ostendit,

160 3361 212 3422 per
240 3362 314 3421 quae
341 3347 437 3404 omnia
465 3346 635 3420 daemonem
664 3350 696 3403 ut
724 3347 813 3405 exiret
845 3344 995 3404 adiurcvit
1037 3345 1094 3404 Die
1123 3363 1204 3421 qua·

162 3431 229 3492 dam
250 3450 317 3492 oum
336 3431 501 3507 psalterium
522 3450 608 3508 super
630 3432 739 3491 obsessi
768 3437 855 3506 caput
876 3434 1034 3506 posuisset,
1062 3431 1204 3493 obsidens
1310 3499 1311 3521 ,

161 3519 288 3580 clamans
310 3524 339 3578 et
359 3519 467 3592 furens,
489 3521 518 3576 in
539 3525 650 3577 tantum
671 3517 815 3576 hominem
842 3534 860 3575 s
882 3535 939 3593 quo
972 3519 1048 3576 exire
1070 3519 1203 3595 cogeba-

160 3614 215 3681 tur,
236 3607 363 3666 turbavit
383 3612 413 3666 et
433 3605 526 3680 allisit,
547 3612 581 3663 ut
603 3605 708 3665 cadens
729 3606 758 3663 in
780 3611 885 3664 terram
906 3613 1035 3664 mortuus
1049 3604 1202 3666 diceretur.

180 3706 211 3773 1)
228 3702 292 3756 Ao?
310 3702 388 3760 dum.
400 3731 430 3744 ·-
444 3705 476 3770 2)
489 3705 520 3766 ll,
537 3705 583 3758 ³6:
604 3705 706 3770 „nescio
723 3704 779 3772 quis
792 3703 894 3755 domum
911 3703 976 3756 hanc
994 3720 1026 3756 en
1044 3703 1124 3756 altera
1141 3707 1203 3757 vice

231 3773 383 3825 succendit.“
404 3804 433 3814 -
452 3774 484 3842 3)
508 3773 547 3828 GP
570 3774 727 3838 richmos,
754 3772 797 3826 BD
820 3775 950 3842 rigmos.
970 3773 1090 3842 -013
1114 3789 1204 3828 com·
1309 3819 1310 3826 ,

230 3845 367 3910 positos.
