2622 4322
426 259 481 321 DE
508 255 773 322 murisiano.
995 309 998 316 .
1061 263 1121 324 too

107 398 192 458 aaa,
217 381 365 442 homicida
396 390 438 444 cst
453 381 481 462 ¹).
533 353 599 446 Hoc
627 385 729 444 udum
758 388 866 461 quanto
896 387 941 446 est
969 382 1124 460 occultius,

108 475 170 530 anto
189 470 387 546 periculosius.

327 627 331 636 ’
402 658 635 722 clamatum
655 655 813 742 xxiva)

136 801 179 860 Dc
196 801 359 874 monacho,
382 803 435 876 qai
456 798 494 858 ab
516 799 611 858 altero
634 798 671 859 ob
692 799 836 860 invidiam
857 769 1032 862 criminatus
1054 809 1081 863 ot

294 892 503 947 iotcacceratce
519 893 569 960 cst,
592 892 621 946 ct
641 887 767 962 glorioso
788 887 917 946 adactos.

154 1024 214 1085 Non
242 1031 287 1085 cst
316 1024 383 1099 diu,
413 1023 491 1100 quod
518 1023 678 1084 monachus
708 1024 825 1100 quidem
853 1024 973 1084 stimulis
1001 1026 1124 1088 invidiae

101 1113 210 1188 agitatus
232 1119 261 1173 et
282 1117 453 1187 superatus,
486 1111 630 1186 quendam
653 1128 688 1170 ex
713 1112 847 1171 iratribus
875 1114 934 1171 suis
955 1112 1125 1173 adolescen-

100 1204 149 1256 tem
168 1201 315 1258 accusevit
336 1196 417 1274 apud
438 1195 600 1272 Abbatem,
628 1199 777 1274 imponens
806 1199 833 1258 ei
854 1201 973 1259 crimina
992 1203 1125 1276 pessima.

101 1283 146 1343 Cui
166 1305 227 1345 curn
248 1289 345 1344 minus
368 1283 470 1344 Abbas
492 1284 634 1359 crederet,
665 1284 713 1343 illc
743 1285 781 1343 ad
813 1287 950 1345 maiorem
970 1287 1125 1348 vindictam

100 1387 178 1448 nsque
199 1372 236 1432 ad
255 1373 423 1442 Visitatorls
444 1374 635 1447 praesentiam
657 1388 739 1430 suam
760 1374 973 1431 accusationem
993 1391 1125 1434 reserva-

100 1459 141 1516 rit
181 1459 254 1535 Quid
282 1456 390 1535 plnra‘l
435 1458 559 1517 Tantum
570 1453 592 1537 ²)
621 1458 700 1533 apud
735 1457 815 1517 illum
842 1457 930 1517 invidi
950 1461 1124 1522 machinatio

99 1545 221 1621 profecit,
249 1549 367 1626 etipse
389 1544 526 1604 Visitetor
547 1547 644 1604 iuveni
664 1547 734 1604 vitia
756 1545 846 1604 relata
866 1548 896 1603 in
919 1545 1049 1623 Capitulo
1072 1566 1124 1610 co-

100 1650 153 1692 ram
179 1634 320 1692 omnibus·
338 1633 488 1706 obiiceret,
519 1633 637 1708 neganti
667 1637 696 1691 ct
723 1631 819 1691 Deum
848 1634 1026 1694 innocentiae
1054 1653 1124 1696 suae

100 1724 192 1779 testem
209 1722 357 1780 invocanti
388 1735 447 1777 non
478 1718 619 1793 crederet,
649 1717 701 1778 scd
729 1717 830 1778 habitu
858 1725 989 1780 truncato
1019 1724 1125 1782 carceri

100 1809 269 1884 manciparet.
312 1807 387 1865 Post
408 1807 487 1864 cuius
509 1806 681 1880 discessum,
712 1804 794 1864 Deus
823 1804 909 1864 iudex
934 1809 1027 1868 iustus
1047 1811 1125 1869 invi·

102 1891 162 1952 dnm
186 1893 359 1968 infirmitate,
378 1895 547 1967 peremtoria
574 1891 740 1968 flagellavit
792 1891 908 1951 'limem
940 1911 1009 1954 vero
1037 1898 1124 1971 mori,

32 2045 34 2066 ἱ
103 1981 236 2039 confessus
259 1986 303 2040 est
323 1982 459 2038 iuvenem
473 1996 508 2038 cx
528 1977 636 2038 invidia
656 1996 688 2038 se
700 1973 721 2058 ³)
750 1995 910 2038 accusasse.
953 1980 1038 2057 Quod
1058 1999 1124 2042 cum

32 2089 33 2102 ¹
103 2083 133 2124 er
153 2066 458 2127 consilioconiessoris
478 2065 637 2125 senioribus
657 2064 843 2142 propalasset,
863 2069 960 2125 statim
980 2085 1032 2143 pro
1044 2068 1124 2128 Visi-

102 2158 185 2213 latore
203 2157 321 2214 missum
344 2157 396 2212 est
440 2151 496 2228 Qui
517 2153 630 2212 territus
652 2152 690 2210 ad
709 2155 911 2212 monasterium
933 2156 1013 2214 ocius
1034 2155 1125 2232 rediit,

103 2243 309 2317 perseipsum
332 2255 476 2299 carcerem
495 2241 621 2314 intravit,
642 2238 681 2298 ad
696 2238 785 2314 pedes
796 2240 930 2299 monachi
951 2258 982 2300 se
995 2249 1124 2317 prostra-

104 2329 149 2402 vit,
168 2333 194 2386 et
213 2333 245 2387 ut
266 2329 324 2387 sibi
342 2329 511 2402 ignosceret,
533 2325 611 2400 quod
631 2328 795 2403 ignoranter
812 2329 842 2384 in
864 2343 931 2385 eum
952 2327 1125 2408 deliquerat,
1147 2329 1150 2336 '

104 2414 268 2490 supplicans,
290 2415 379 2472 etiam
399 2412 586 2472 reluctantem
607 2430 673 2471 cum
693 2411 784 2488 gloria
805 2411 911 2471 eduxit
953 2414 1035 2476 Haec
1056 2418 1126 2478 mihi

108 2499 184 2560 relata
203 2508 268 2560 sunt
289 2518 309 2559 a
331 2498 457 2575 quodam
477 2498 609 2574 Abbate,
632 2501 680 2575 qui
701 2501 856 2558 visitationi
877 2500 970 2560 eidem
990 2505 1124 2565 interluit

109 2583 293 2648 NOVIOIUS:
323 2587 400 2645 Puto
427 2586 601 2645 monachum
626 2588 714 2645 istum
741 2585 863 2644 multum
888 2590 917 2646 in
944 2595 1003 2648 tam
1024 2593 1127 2668 grandi

105 2677 246 2735 .tentatione
268 2675 415 2732 meruisse.
457 2670 690 2732 MONACHUS:
714 2671 798 2748 Quod
818 2673 918 2733 fornax
939 2693 1024 2753 ausc,
1047 2679 1125 2754 quod

109 2757 165 2820 lium
182 2761 261 2836 lerro,
295 2759 375 2835 quod
387 2760 534 2836 flagellum
554 2777 653 2836 grana
675 2757 752 2835 quod
772 2777 848 2819 uvae
869 2763 1001 2840 torcular,
1021 2765 1085 2825 hoc‘
1098 2769 1141 2826 ei,

109 2847 195 2907 cadem
226 2849 279 2908 luit
306 2848 435 2906 tentatio.
483 2845 615 2906 Servavit
643 2849 718 2905 enim
744 2848 775 2903 in
802 2847 984 2909 tribulatione
1011 2855 1126 2927 patien-

110 2933 175 2992 tiam.
223 2931 327 2995 Invido
360 2941 465 2994 eutem
501 2949 555 2992 sua
588 2929 679 3013 erat⁴l
711 2931 833 3008 invidia,
874 2936 951 3010 quod
982 2956 1126 3000 venenum

109 3021 259 3097 romacho,
303 3019 383 3097 quod
421 3023 499 3080 tinea
527 3022 717 3094 vestimento,
757 3021 835 3095 quod
870 3040 977 3100 aemgo
1012 3026 1074 3085 flori
1089 3023 1126 3105 ⁵),

110 3109 175 3182 qnod
193 3110 274 3169 tabes
298 3109 419 3183 corpori.
460 3105 663 3167 NOVIOIUS:
694 3105 724 3165 Si
752 3109 828 3166 nosti
855 3109 949 3170 adhuc
971 3111 1067 3189 aliqua
1090 3113 1126 3174 de

109 3197 296 3256 tentadonibus
324 3192 449 3253 invidiae
478 3193 624 3269 exempla,
658 3210 759 3269 precor
785 3200 819 3252 ut
846 3195 915 3254 mihi
940 3201 1041 3259 recites
1070 3199 1127 3261 illa.

109 3277 331 3342 MONACHUS:
366 3281 440 3357 Quia
468 3280 561 3339 latens
590 3281 707 3339 morbus
734 3286 780 3339 est
803 3282 923 3358 invidia,
951 3286 1062 3345 nullum
1089 3289 1128 3347 ad

109 3382 227 3441 praesens
249 3370 374 3428 occurrit
395 3367 571 3442 exemplum,
601 3367 679 3442 qnod
706 3366 755 3426 vel
780 3372 917 3429 memorie
939 3373 975 3430 sit
995 3373 1128 3450 dignum,

111 3456 161 3513 sive
180 3456 369 3516 aedificationi
389 3457 589 3514 necessarium.
632 3454 766 3514 Referam
793 3455 846 3515 tibi
866 3463 963 3517 tamen
985 3460 1129 3536 quandam

111 3548 224 3602 sanctam
243 3541 392 3615 invidiam,
413 3558 499 3616 quam
521 3547 550 3601 tc
571 3539 670 3600 audue
689 3539 820 3601 delectet.
929 3568 931 3572 ¹

129 3691 154 3760 l)
167 3692 252 3745 lohan.
271 3693 292 3757 l,
310 3693 337 3756 3,
356 3691 397 3746 15.
415 3722 447 3732 -
470 3691 611 3762 1111111111.
635 3692 665 3744 ll.
684 3708 708 3759 p.
727 3692 769 3745 22.
789 3723 820 3733 —
844 3694 876 3762 2)
893 3694 958 3747 ADP
980 3704 1079 3748 tanta.
1094 3729 1129 3770 '-

170 3762 199 3831 3)
215 3763 256 3816 BG
274 3778 307 3814 sc
325 3764 474 3815 invenem
502 3779 540 3814 er
562 3761 691 3814 invidie
709 3762 744 3831 (B
767 3778 823 3830 per
845 3764 1029 3833 inuidiam).
1049 3795 1079 3804 —
1099 3768 1132 3834 4)

170 3832 209 3884 lto
227 3841 300 3885 erat
318 3847 383 3884 sua.
403 3863 432 3873 -
452 3834 483 3902 5)
502 3831 566 3884 Psal.
585 3834 629 3897 77,
646 3833 687 3885 46.
