2628 4310
413 273 503 336 ”DE
526 273 754 338 MIRAOULIS.
1055 277 1117 339 iil
1145 265 1152 280 ’

85 413 169 474 quam
183 394 312 455 homines
331 396 484 456 subvenire
505 402 630 472 possent,
651 396 778 473 puellam
800 395 966 472 extinxerat,
986 398 1120 458 intestina

85 487 143 544 eius
172 482 323 544 devorans.
367 483 415 543 Sic
444 483 531 544 homo
561 483 608 542 ille
636 483 748 543 duobus
770 482 866 542 liberis
887 485 1031 559 privatus,
1054 501 1120 545 cum
1193 495 1201 515 ‘

85 576 209 646 tempore
224 568 350 644 quodum
364 586 485 646 guerrae
502 587 622 629 uxorem
644 588 709 630 cum
731 568 901 644 supellectili
922 587 976 630 sua
995 573 1025 628 in
1047 573 1120 630 civi·

46 657 51 666 '
84 655 385 731 tatem'transtulissct,
407 659 520 715 tertium
542 673 663 732 puerum
684 656 722 715 ad
744 655 904 717 custodiam
927 656 1028 716 domus
1049 674 1120 718 suae

84 743 270 822 quoadusque
291 749 480 802 reverteretur
508 743 623 802 dimisit.
667 742 761 818 Quem
789 759 922 802 reversus
950 759 1008 802 non
1036 745 1120 804 inve·

83 833 131 904 nit,
156 847 211 888 nee
240 836 342 904 postea
370 831 456 906 vid1t3
490 836 519 889 et
548 832 608 889 veri
638 830 729 889 simile
752 835 796 890 est
817 829 896 905 quod
917 847 935 888 a
956 829 1025 906 lupo
1046 833 1121 890 sicut

85 919 169 977 ceteri
195 916 280 974 fuerit
307 923 407 992 raptus
435 923 523 993 atque
549 917 715 976 suffocatus.
763 916 808 976 Ex
837 932 895 991 quo
919 915 1062 992 loquimur
1084 917 1120 977 de

83 1003 169 1079 lupis,
198 1003 320 1064 referam
348 1005 400 1064 tibi
429 1003 466 1064 de
494 1003 563 1080 lupo
593 1002 671 1081 quod
697 1020 788 1080 nuper
809 1002 924 1080 audivi,
952 1002 1029 1064 unde
1050 1005 1122 1064 ratis
1212 1051 1215 1060 .

83 1091 215 1152 mirabar.

417 1278 651 1340 carrocium
677 1247 812 1340 nxvrs

181 1404 228 1464 De
249 1403 321 1479 lupo
343 1406 395 1478 qui
411 1404 546 1478 puellam
569 1405 662 1462 traxit
683 1405 716 1460 in
737 1421 856 1478 nemus,
878 1411 913 1463 ut
936 1420 967 1462 oc
990 1404 1025 1462 dc

425 1495 547 1564 pultare
567 1493 638 1548 socii
660 1497 782 1548 moeret

146 1609 238 1672 Juxta
257 1610 356 1670 villam
377 1612 458 1670 cuius
480 1627 584 1669 nomen
607 1610 719 1685 excidit,
740 1610 825 1687 lupus
846 1610 972 1686 puellam
993 1609 1122 1674 adultam
1204 1687 1209 1694 ³

83 1700 200 1772 invasit,
230 1697 362 1758 dentibus
390 1696 540 1757 brachium
568 1696 643 1756 illins
665 1703 775 1757 tenens.
818 1697 913 1773 Quam
936 1715 1001 1758 cum
1022 1715 1122 1759 secum

82 1785 216 1860 traheret,
238 1787 368 1861 quotiens
381 1785 431 1844 illa
446 1782 569 1843 clamare
584 1787 686 1859 coepit,
708 1783 880 1843 clamantem
893 1784 990 1844 durius
1011 1787 1123 1862 pressit,

83 1878 113 1930 et
133 1873 239 1932 mccnti
258 1874 417 1947 pepercit,
438 1871 514 1947 Quid
535 1869 639 1946 plura?
667 1871 766 1930 Ducta
787 1877 831 1930 est
851 1872 888 1932 ab
911 1877 947 1932 cb
967 1873 998 1930 in
1018 1872 1121 1932 silvam

82 1957 121 2017 ed
148 1957 236 2016 allum
257 1957 373 2034 lupum,
407 1959 487 2016 cuius
508 1959 616 2034 gutturi
637 1973 670 2017 cs
691 1958 784 2018 luerat
804 1957 939 2018 infixum.-
975 1958 1032 2035 Qui
1044 1976 1120 2032 ,cum

81 2045 165 2103 nimis
187 2051 372 2119 torqueretur,
395 2061 447 2120 per
469 2061 501 2104 os
522 2044 638 2104 alterius
659 2043 719 2120 lupi
740 2061 844 2103 manus
866 2043 979 2120 puellae
1001 2048 1031 2104 in
1052 2052 1120 2121 gut-

82 2138 129 2189 tur
156 2130 259 2190 lriantis
290 2134 410 2190 mittitur
421 2129 454 2210 ¹),
481 2149 500 2190 a
529 2148 586 2207 qua
614 2148 647 2190 os
675 2131 753 2207 quod
773 2131 935 2192 inhaeserat
956 2132 1120 2191 extrahitur.
1139 2201 1153 2217 .

81 2217 208 2276 Senatus
236 2235 305 2277 vero
333 2235 401 2277 mox
428 2233 494 2278 cum
515 2236 568 2277 suo
591 2217 702 2295 collega
723 2217 849 2294 puellam
870 2217 909 2278 ad
930 2218 1030 2279 villam
1050 2236 1119 2295 pro-

81 2306 174 2380 priam
196 2303 317 2362 reduxit.
351 2303 555 2364 NOVICIUS:
576 2305 640 2382 Ego
663 2305 807 2380 quendam
827 2307 961 2365 iuvenem
982 2304 1050 2379 vidi,
1071 2307 1120 2381 qui

80 2394 111 2449 in
132 2389 251 2450 infantia
272 2409 290 2450 a
310 2391 385 2467 lupis
406 2391 500 2450 iuerat
524 2400 637 2467 raptus,
667 2397 809 2468 eiusque
837 2391 876 2452 ad
897 2392 1120 2453 adolescentiam

80 2477 239 2551 educatus,
259 2479 300 2536 ita
321 2484 354 2536 ut
374 2496 455 2538 more
475 2479 608 2554 luporum
630 2475 746 2557 supru²)
769 2496 871 2538 manure
893 2485 922 2538 et
942 2478 1031 2554 pedes
1053 2495 1121 2538 cur-

78 2581 144 2624 rere
159 2566 252 2638 sciret,
271 2572 359 2640 atque
372 2564 491 2624 ululare.
526 2565 763 2626 MONACHUS:
784 2566 868 2628 Haeo
882 2566 918 2625 de
932 2565 1031 2626 bestiis
1045 2564 1122 2626 dicta

77 2654 147 2710 sint
191 2650 275 2710 Nunc
296 2668 365 2710 vero
386 2651 422 2710 de
444 2654 589 2712 vermibus
611 2653 709 2729 aliqua
736 2653 924 2730 subiungam‚
954 2654 1054 2729 sicque
1075 2651 1121 2712 di—

77 2739 265 2798 stlnctionem
287 2737 466 2798 concludam.

409 2926 642 2990 carmenum
668 2928 794 3011 nxpn.

232 3047 281 3106 Da
304 3046 415 3124 bufone
436 3053 488 3124 qui
504 3058 677 3126 persecutus
699 3058 741 3110 cet
764 3050 976 3111 Theodericum

373 3224 375 3228 Ι
415 3145 607 3211 eopuomcuto
631 3134 788 3198 Cancrum.

149 3255 184 3312 ln
214 3253 357 3330 Carpania
385 3255 455 3316 villa
481 3257 630 3318 Dioecesis
660 3257 836 3319 Coloniensis
861 3260 941 3318 ouius
962 3254 1122 3338 superium)

77 3342 209 3416 memini,
230 3341 317 3401 homo
337 3343 454 3418 quidam
474 3344 567 3405 fuerat
588 3344 624 3404 de
647 3362 703 3421 quo
725 3345 794 3404 mihi
815 3362 874 3405 non
896 3351 1008 3405 constat
1027 3350 1122 3406 uuum

76 3429 180 3489 adhuc
208 3431 304 3504 vivat,
334 3429 500 3506 religiosus,
532 3431 585 3491 sed
617 3448 737 3506 caecus,
769 3431 963 3491 Theodericus
995 3433 1122 3505 nomine,

76 3522 276 3593 cognomento
305 3516 442 3578 Cancer.
472 3518 530 3579 Ille
557 3525 686 3594 tempore
715 3518 841 3594 quodam
868 3519 1023 3578 iuventutis
1051 3534 1122 3577 suae

76 3602 153 3662 dum
174 3605 204 3661 in
226 3619 296 3680 agro
318 3604 438 3664 tribulos
460 3606 555 3665 aridos
576 3606 716 3682 levasset,
749 3606 884 3666 bufonem
905 3605 960 3665 sub
989 3607 1030 3664 eis
1057 3621 1121 3663 ma·

75 3708 173 3768 guum
191 3689 316 3750 offendit.
361 3691 498 3768 Quicum
519 3710 551 3753 se
574 3699 673 3752 contre
695 3709 761 3752 eum
773 3693 802 3752 in
824 3691 913 3769 pedes
925 3708 1002 3769 ,suos
1021 3697 1121 3766 poste-

99 3842 133 3910 t)
152 3839 174 3893 D
193 3842 388 3895 immittitur.
407 3873 439 3883 -
458 3844 490 3912 2)
507 3805 652 3913 triopae.
671 3873 704 3886 «-
722 3843 756 3911 3)
771 3841 814 3896 01?
830 3858 935 3910 supra.
