2564 4306
151 245 214 308 350
421 243 649 307 oleumcum
672 241 913 307 noonnclrbt

150 369 243 428 visum
257 384 408 444 apperens,
429 369 482 427 ait:
503 367 726 444 Eccepraesens
741 386 805 428 sum
823 371 897 442 sicut
917 365 1077 444 postulestb
1109 367 1182 428 Por-

149 456 232 515 tabat
251 457 327 514 enim
355 473 408 514 vas
436 471 558 531 parvum
587 461 617 514 et
644 454 730 515 fictile
760 453 838 531 quod
866 454 954 532 vulgo
982 453 1154 514 crnselinum
1167 451 1183 534 ¹)

149 547 270 602 vocatur
297 543 327 600 in
356 559 445 601 manu
473 557 539 616 soa,
566 544 596 600 ln
622 542 701 618 quali
727 544 757 602 in
785 543 910 604 tabernis
937 549 1037 618 potare
1065 540 1185 601 solebat

149 627 274 689 Dicente
294 628 368 704 iilia,
395 634 478 704 pater
499 627 568 704 quid
590 635 633 688 est
654 631 682 696 iu
711 645 781 689 vase
806 628 877 688 illo?
905 627 1067 704 rospondit:
1096 629 1186 688 Potus

150 731 232 775 meus
254 733 290 776 ex
310 717 374 792 pice
396 722 425 775 ct
446 713 581 791 sulphure
610 716 765 775 conlectus.
812 715 932 792 Semper
962 732 998 775 ex
1024 713 1073 794 illo
1102 713 1187 790 bibo,

149 819 203 863 nec
226 820 292 862 eum
313 809 430 879 epotare
452 802 544 861 valeo.
587 801 692 876 Sicque
715 802 861 878 disparuit
911 801 950 860 llt
977 803 1073 861 statim
1101 801 1188 861 intel-

148 886 218 949 lexit
237 889 341 966 puella,
363 896 423 948 turn
444 906 480 948 ex
501 889 683 966 praecedenti
705 893 765 948 vita
786 907 874 967 quam
896 905 931 948 cx
951 905 1063 964 poena,
1091 887 1188 948 modi-

150 991 214 1034 cum
236 974 284 1035 vel
306 975 413 1034 nullam
435 992 498 1035 esse
520 993 601 1052 spem
623 974 788 1035 salvationis
818 977 887 1035 eius.
935 975 1043 1035 Vinum
1072 975 1189 1050 quidem

147 1061 195 1121 hic
217 1061 321 1122 blande
343 1063 512 1138 ingreditur,
534 1062 585 1120 sed
615 1064 770 1123 novissime
799 1061 941 1122 mordebit
968 1069 1000 1121 ut
1032 1059 1190 1142 coluber2).

149 1147 354 1209 NOVICIUS:
382 1147 448 1208 Hoc
470 1156 529 1207 tam
551 1151 579 1206 in
601 1149 748 1224 praedicto
771 1149 888 1208 Abbatc
911 1166 997 1224 qoam
1023 1149 1053 1206 in
1074 1147 1191 1208 Rudm-

147 1253 217 1314 gero
238 1235 387 1311 impletum
409 1234 567 1294 considero.
610 1233 844 1296 MONACHUS:
874 1235 1019 1295 Sclavinia
1047 1238 1191 1313 peregrini

148 1325 198 1399 qui
223 1321 345 1382 eundem
367 1321 513 1382 Abbatern
536 1324 564 1379 in
586 1324 686 1397 poeuis
709 1322 793 1400 vidit,
818 1323 958 1391 visionem
980 1323 1049 1382 satis
1070 1324 1192 1383 mirabi-

148 1408 206 1469 lem
228 1409 265 1470 ad
287 1411 453 1469 memoriam
475 1407 545 1468 mihi
566 1407 686 1469 reducit

420 1585 422 1590 Ι
493 1597 726 1662 CAPITULUM
747 1594 844 1660 XLH.

234 1722 284 1782 Dc
298 1737 400 1798 poena
421 1722 581 1782 sacerdotis
600 1729 724 1798 propter
749 1705 924 1781 sdaoouam
940 1723 1102 1797 per-cyriaci.

213 1841 291 1902 Ante
319 1839 390 1902 illud
416 1847 530 1919 tempus
560 1861 617 1920 quo
647 1845 759 1903 occisus
788 1849 831 1903 est
852 1841 1002 1902 Comedus
1022 1841 1187 1918 Episcopus

146 1925 413 2005 Hildinshemensis,
434 1931 599 2008 peregrinus
622 1930 738 2006 quidam
759 1931 788 1987 in
809 1927 879 1988 ville
901 1929 1026 2004 quadarn
1051 1931 1187 2004 moriens,

146 2015 313 2075 sclaviniam
328 2033 410 2076 suam
422 2015 563 2077 sacerdoti
584 2016 700 2094 legavit,
722 2019 847 2076 animem
869 2033 951 2075 suam
972 2015 1012 2074 illi
1034 2006 1187 2074 commen-

146 2099 228 2183 dans.
259 2103 354 2180 Quam
376 2111 485 2162 vestem
501 2103 635 2164 sacerdos
658 2103 772 2179 quidem
795 2106 935 2179 suscepit,
957 2101 1008 2162 sed
1030 2101 1066 2161 de
1089 2106 1186 2162 anima

146 2188 291 2250 modicum
305 2193 424 2251 curavit.
458 2190 539 2250 Servi
553 2206 622 2249 vero
637 2193 699 2249 sive
720 2192 801 2266 pueri
822 2185 955 2250 noctibus
977 2206 1008 2248 sc
1029 2189 1080 2249 illa
1101 2197 1187 2266 tege-

146 2269 226 2336 bant
268 2276 334 2336 Nou
355 2276 445 2336 multo
462 2283 528 2353 post
549 2278 625 2336 idem
647 2277 781 2336 sacerdos
802 2279 832 2335 in
853 2277 950 2336 ordine
972 2281 1069 2336 nostro
1092 2276 1187 2336 lactus

147 2367 191 2424 est
211 2365 350 2423 novicius.
392 2363 484 2424 Nocte
515 2363 640 2439 quedam
661 2365 691 2422 in
714 2361 877 2422 dormitorio
906 2365 1003 2422 iacens
1025 2369 1054 2422 et
1076 2361 1187 2422 dormi-

147 2467 207 2525 ens,
227 2466 279 2526 per
300 2452 438 2532 visionem
448 2448 469 2536 ²)
491 2458 590 2526 raptus
613 2455 657 2510 est
677 2449 716 2510 ad
735 2449 801 2510 loca
821 2467 988 2526 poenarum.
1022 2449 1058 2508 In
1080 2450 1187 2526 quibus

147 2539 289 2596 maximus
308 2545 369 2598 erat
391 2537 563 2597 daemonum
586 2546 742 2596 concursus
757 2544 785 2596 et
806 2553 951 2596 occursus.
993 2533 1051 2596 Alii
1074 2538 1187 2600 animas

147 2624 345 2700 adducebant,
367 2622 415 2682 elii
429 2623 568 2684 adductas
587 2622 795 2700 suscipiebant;
817 2623 864 2682 elii
886 2630 1034 2700 susceptas
1055 2630 1188 2683 tormen·

77 2777 79 2782 ,
147 2713 184 2771 tis
202 2709 310 2771 'debitis
330 2711 530 2770 immittebant.
572 2711 697 2787 Magnus
719 2708 776 2770 illic
798 2717 860 2770 erat
882 2709 988 2770 clamor
1017 2717 1046 2769 et
1075 2707 1187 2770 tumul-

147 2803 203 2874 tus,
224 2799 347 2874 gemitus
369 2803 398 2857 ct
417 2796 559 2874 planctus.
600 2798 718 2857 Interim
739 2797 902 2873 praedictus
915 2797 1078 2873 Episcopus
1104 2795 1188 2856 clau-

147 2886 213 2945 stris
233 2885 417 2945 infernalibus
437 2889 650 2961 praesentatum
675 2883 727 2943 sed
748 2887 880 2960 princeps
902 2884 1085 2944 tenebrarum
1113 2899 1188 2944 voce

147 2971 261 3050 lugubri
274 2977 489 3047 praesentantes
503 2973 544 3031 sic
561 2971 678 3032 ellatur:
700 2971 840 3033 Reducite
860 2971 988 3034 reducite
1009 2970 1106 3047 illum,
1127 2987 1188 3030 non

148 3061 224 3120 enim
251 3065 348 3118 noster
376 3064 435 3133 est,
463 3060 628 3118 innocenter
650 3059 762 3117 occisus
785 3064 836 3118 est.
878 3057 1019 3118 Sacerdos
1041 3057 1110 3118 talia
1139 3059 1189 3117 vi·

148 3140 219 3204 dens
242 3152 271 3204 et
291 3162 409 3221 pavens,
431 3148 497 3220 post
519 3146 623 3203 ostium
645 3161 676 3204 sc
702 3143 865 3206 occultavit.
914 3143 1025 3204 Videris
1055 3143 1189 3206 diabolus

147 3229 324 3308 praedictam
352 3234 382 3289 in
411 3229 517 3308 angulo
547 3231 672 3308 quodam
701 3232 881 3306 sclaviniam,
911 3231 995 3290 dixit:
1025 3230 1113 3291 Cuius
1144 3237 1189 3291 est

148 3321 237 3377 vestis
259 3317 329 3377 ille?
361 3317 597 3394 Responderunt:
619 3317 781 3378 Sacerdotis
794 3317 869 3376 illius
882 3320 930 3393 qui
948 3323 1006 3378 stat
1026 3324 1092 3394 post
1114 3319 1188 3378 osti-

147 3421 206 3464 um.
251 3404 344 3482 Quam
367 3423 432 3464 cum
453 3422 471 3463 a
493 3404 619 3480 quodam
640 3405 789 3482 peregrino
803 3406 839 3462 ‘in
862 3401 1073 3486 elecmosynar‘)
1103 3421 1188 3464 rece·

148 3493 251 3570 pisset,
279 3490 349 3551 nihil
370 3491 500 3558 beneficii
521 3493 633 3550 animae
654 3489 728 3550 illius
749 3489 895 3568 impendit.
937 3491 986 3551 Ad
1015 3491 1093 3568 quod
1121 3491 1189 3551 dia-

147 3577 247 3638 bolus:
269 3575 364 3639 Valde
375 3580 507 3654 occupati
520 3592 627 3654 sumus,
649 3577 833 3654 erpediemus
850 3595 904 3638 nos
918 3574 1105 3660 statim,eb⁸)
1127 3577 1190 3639 illo.
1216 3603 1220 3611 ·

167 3745 198 3816 1)
215 3705 237 3799 li
255 3745 454 3804 crusilirrum.
474 3775 504 3787 -
525 3747 557 3814 2)
574 3709 698 3800 movero.
726 3749 768 3812 23,
786 3748 897 3802 st-—320
916 3777 946 3790 -
967 3750 1001 3820 ³)
1016 3748 1059 3802 GE
1076 3749 1190 3803 visum.

220 3844 250 3856 ·-
270 3816 302 3885 4)
321 3815 363 3870 CF
381 3816 633 3885 eleemosynam.
652 3847 685 3858 -
704 3819 736 3888 5)
755 3818 776 3872 E
792 3817 838 3870 de.
935 3821 938 3828 ‘
