2622 4322
470 253 524 314 nn
546 251 811 334 mnnnmonn.
1093 257 1154 316 asa

120 375 306 452 desiderasse,
329 382 358 436 et
378 391 500 452 poenam
522 375 650 436 dusdem
670 379 783 452 peccati
801 375 963 437 illusionem
983 376 1070 436 irrisse
1091 377 1156 437 dia·

65 519 75 533 ,
119 463 189 524 boli.
230 461 463 523 MONAOHUS:
486 463 552 524 Hoc
574 465 643 523 satis
656 463 804 540 probabile
820 470 871 524 est.
914 465 972 524 Per
992 464 1051 524 hoo·
1071 465 1157 524 etiam

119 549 199 626 quod
220 549 270 609 filii
287 548 380 610 Israel
402 567 467 610 cum
482 552 616 610 carnibus
638 557 667 610 et
683 551 812 628 piscibus
826 550 1059 612 desideravenmt
1071 567 1158 628 cepas

118 643 150 697 et
177 635 266 712 allea,
294 637 429 696 recordor
457 637 606 697 cuiusdam
632 638 811 713 periculosae
838 639 1020 714 tentationis,
1040 639 1071 697 in
1100 653 1159 714 qua

117 723 239 800 quidam
258 726 408 800 poenitens
428 741 481 801 per
501 724 576 786 allea
598 725 708 798 cecidit.
975 714 979 724 ’

411 947 645 1010 CAPITULUM
665 950 871 1012 LXXXVIII.

234 1073 283 1131 De
304 1072 482 1132 Steinbordo
498 1055 663 1148 proditore,
685 1075 738 1148 qai
753 1091 812 1148 per
832 1074 911 1135 olleo
932 1073 1040 1133 occidit.

181 1211 268 1270 Duae
291 1213 477 1288 cognationes
490 1210 612 1270 militum
633 1212 662 1270 in
680 1211 856 1288 Episcopatu
877 1218 944 1274 sunt
958 1209 1159 1294 Coloniensi1),

114 1305 178 1359 tam
200 1297 380 1358 multitudine
402 1316 490 1374 quam
512 1297 616 1358 divitiis
645 1305 674 1358 et
701 1299 843 1374 probitate
869 1298 957 1359 fortes
979 1301 1158 1375 sarisaeque

115 1387 327 1484 magnanimes.
370 1384 415 1443 Ex
445 1387 548 1460 quibus
570 1402 629 1444 una
655 1381 801 1466 illarum²)
824 1385 860 1445 de
887 1385 956 1446 villa
982 1382 1159 1467 Bacheim⁸)

116 1473 258 1549 originem
275 1471 366 1548 ducit;
384 1471 474 1531 altera
489 1471 525 1531 de
538 1471 616 1546 ville,
638 1490 713 1548 quae
726 1471 889 1532 Gurzenioh
910 1478 1039 1536 vocatur.
1071 1472 1167 1538 Erant

115 1556 251 1640 auteml)
282 1561 355 1618 inter
384 1575 434 1618 eas
462 1557 634 1634 quandoque
656 1565 717 1618 tam
745 1559 858 1618 validae
872 1565 917 1628 ,et
945 1566 1005 1619 tam
1026 1559 1162 1620 mortales

115 1647 292 1719 inimicitiae,
312 1651 346 1704 ut
367 1650 436 1705 tunc
457 1647 593 1721 temporis
614 1663 633 1705 a
653 1646 733 1706 nullo
753 1645 910 1721 hominum,
933 1649 995 1706 sivo
1016 1646 1161 1725 Episcopo

114 1735 248 1809 ipsorum
270 1731 385 1791 domino
407 1739 526 1808 possent
547 1734 641 1808 sopiri,
666 1733 717 1792 sed
740 1733 867 1808 quotidie
888 1735 1003 1809 rapinis,
1024 1732 1161 1794 incendiis

117 1826 147 1879 et
168 1817 331 1879 homicidiis
353 1824 567 1879 renovarentur.
609 1818 652 1878 At
679 1819 720 1878 illi
733 1819 778 1882 de
801 1819 962 1900 Gurnenich
983 1822 1013 1878 in
1034 1821 1161 1880 terminis

116 1908 178 1966 suis
199 1907 330 1966 iecerunt
357 1907 411 1965 sibi
433 1905 550 1965 domum
579 1909 717 1966 munitam
743 1909 927 1986 innemore,
955 1923 1014 1965 non
1043 1906 1159 1981 quidem

116 1995 220 2053 timore
242 1994 429 2075 inimicorum,
451 1993 503 2052 sed
524 1997 557 2050 ut
577 1993 616 2051 ibi
635 1983 755 2069 possent
777 1993 933 2068 confluere,
955 1994 1109 2068 quiescere,
1130 1999 1160 2052 et

116 2079 204 2138 simul
233 2079 415 2158 procedendo
444 2079 508 2138 illos
537 2081 630 2139 acrius
658 2082 835 2156 impugnare.
883 2077 1032 2160 Habentes
1060 2086 1159 2138 autem

115 2183 235 2226 servum
257 2166 402 2242 quendam
424 2168 614 2243 originarium,
636 2165 839 2226 Steinhardum
859 2168 987 2241 nomine,
1009 2165 1076 2226 fidei
1098 2167 1159 2226 eius

117 2253 216 2314 claves
244 2255 410 2312 munitionis
436 2255 648 2314 commiserunt.
691 2253 745 2314 Ille
766 2271 852 2330 vero,
880 2254 1017 2312 instinctu
1039 2252 1158 2328 diaboli,

117 2338 250 2400 clanculo
268 2342 405 2399 nuncium
418 2341 588 2400 adversariis
602 2340 710 2416 direxit,
732 2342 900 2415 promittens
922 2339 1000 2416 quod
1021 2347 1081 2400 tam
1103 2339 1158 2400 do·

116 2429 211 2486 minos
233 2443 302 2486 suos
325 2444 412 2502 quam
423 2429 611 2486 munitionem
631 2430 767 2502 potestati
788 2444 887 2486 eorum
907 2426 1039 2502 traderet,
1060 2429 1158 2488 nescio
1186 2471 1189 2475 -

116 2513 187 2590 quid
210 2530 317 2574 causae
339 2520 438 2574 contra
446 2512 523 2572 -illos
544 2515 743 2590 praetendens.
784 2512 827 2573 At
846 2514 949 2574 milites
971 2512 1157 2574 deBacheim

115 2599 301 2660 traditionem
322 2603 470 2676 timentes,
498 2603 594 2660 verbis
616 2603 677 2660 eius
698 2603 792 2659 minus
813 2601 1003 2660 attenderunt.
1046 2601 1158 2678 Quibus

116 2704 184 2748 cum
205 2687 334 2748 secundo
361 2704 398 2759 ,ac
426 2689 511 2762 tertio
534 2687 657 2747 cundem
677 2689 814 2747 nuncium
836 2687 1020 2763 destinasset,
1048 2687 1089 2746 illi
1111 2687 1157 2747 die
1268 2689 1270 2702 '

113 2773 245 2851 praefixo
274 2791 306 2834 se
328 2779 488 2849 armantes,
517 2780 546 2833 ct
574 2791 640 2833 cum
666 2773 847 2835 multitudine
869 2776 969 2834 timore
989 2774 1156 2834 insidiarum

114 2863 274 2936 venientes,
295 2863 325 2920 in
346 2861 410 2920 loco
433 2861 530 2920 domni
551 2863 621 2920 satis
642 2863 737 2920 vicino
759 2878 874 2920 serrum
895 2860 1060 2937 praestolati
1081 2868 1156 2920 sunt.

114 2945 164 3007 Ad
186 2965 260 3024 quos
281 2948 410 3024 proditor
431 2951 536 3023 exiens,
558 2964 624 3006 cum
645 2948 740 3006 adhuc
754 2946 936 3023 haesitarent,
958 2947 1156 3008 allatisomni·

114 3053 166 3095 um
194 3035 374 3094 dominorum
395 3051 520 3108 suorum,
541 3036 570 3093 in
593 3034 740 3094 castellulo
761 3034 919 3094 meridiano
936 3040 1064 3111 tempore
1087 3035 1155 3095 dor-

43 3176 50 3186 .
113 3123 279 3196 mientium,
306 3121 423 3199 gladiis,
453 3127 546 3181 certos
573 3121 637 3181 illos
667 3123 767 3181 effecit.
816 3120 865 3180 Ad
893 3137 965 3197 quos
986 3123 1088 3181 amati
1109 3123 1155 3180 in-

112 3215 231 3284 trantes,
253 3225 354 3272 omnes
375 3209 549 3283 occiderimt,
569 3225 684 3268 servum
701 3207 859 3278 secundum
881 3207 958 3284 quod
979 3209 1019 3268 illi
1039 3211 1155 3270 iurave-

112 3292 227 3376 rant⁵),
261 3297 289 3355 in
311 3313 365 3356 sua
385 3298 565 3374 recipientes.
606 3295 714 3356 Postea
734 3297 820 3355 miser
839 3295 902 3371 ille,
930 3295 1048 3356 cletum
1071 3312 1155 3357 exse·

132 3481 166 3550 1)
183 3481 204 3533 B
223 3489 297 3534 sunt
323 3482 356 3534 in
382 3481 585 3550 Episcopatu
611 3480 820 3546 Coloniensi,
842 3481 863 3535 (l
887 3482 918 3533 in
944 3480 1154 3548 Episcopatu

185 3550 377 3603 Coloniensi
395 3560 476 3603 sunt.
493 3581 523 3591 -
541 3552 573 3618 2)
590 3567 640 3604 vor
657 3550 789 3603 illarum
808 3549 967 3603 salverenau
984 3550 1074 3604 abesse
1091 3567 1154 3617 pos·

136 3657 141 3665 .
185 3628 237 3684 set;
255 3621 300 3672 sed
311 3621 384 3673 simili
397 3621 474 3674 rnodo
488 3620 548 3672 dicit
558 3623 585 3672 in
602 3620 691 3673 llomil.
705 3621 745 3672 lV.
757 3637 782 3688 p.
796 3617 842 3672 cc:
863 3637 910 3686 „cx
921 3619 1011 3689 qulbus
1026 3621 1154 3690 quaelibet

183 3689 278 3742 illarum
290 3691 345 3743 dies
363 3695 427 3744 cst.“
442 3722 472 3731 -
486 3692 517 3759 3)
536 3690 662 3754 Bacheirn,
680 3706 759 3758 prope
775 3689 901 3754 Frechen3
919 3691 1066 3756 (lumenich,
1083 3693 1153 3742 iuxta
1188 3729 1198 3751 .

185 3759 366 3814 ldcrcodurum.
381 3791 411 3802 -
432 3760 494 3831 4)ss
514 3762 606 3824 enim3
624 3761 714 3814 mcxl>
731 3763 818 3812 inter
835 3775 897 3813 eos.
909 3789 942 3799 —
962 3761 993 3828 5)
1009 3760 1050 3812 Dl'
1067 3761 1153 3811 iura·

185 3840 310 3884 verunt.
