2538 4314
391 289 446 350 DE
470 287 742 353 CONFESSIONE.
1026 293 1085 353 161

78 412 165 470 cuniam
183 411 360 488 postulatam
373 408 390 492 ¹)
413 412 531 473 deferre.
573 412 621 472 Ad
642 415 720 490 quod
742 413 815 474 alter
828 411 989 490 respondit:
1011 413 1088 491 Quid

75 499 190 574 estquod
209 497 322 559 audiui
355 499 419 575 Ego
441 501 480 558 ilii
495 503 673 573 ,contrarium
694 519 758 560 sum
770 500 925 576 confessus,
947 506 1106 568 ettamen.

75 581 140 642 simili
154 603 253 662 poena·
273 585 441 646 mulctatus.
484 586 565 646 Scias
592 605 641 646 me
671 588 709 648 ob
739 587 861 647 eandem
887 589 1088 648 necessitatem

74 671 140 730 nodo
149 669 167 752 ²)
188 673 224 732 ad
245 673 344 733 iorum
372 676 478 732 venire.
522 673 605 732 Certe
632 673 708 734 male
740 673 913 748 sacerdotati
944 671 1087 756 sumus³).

72 756 244 836 lucanusque
270 761 436 834 civitatem,
458 767 665 820 accusaverunt
685 759 764 819 illum
786 761 864 836 apud
885 761 1037 821 Decanum
1058 767 1088 822 et

72 847 198 906 anonicos
218 849 314 906 sancti
335 845 476 920 Patrocli,
507 864 642 923 magnam
670 849 696 906 ei
721 848 859 906 facientes
881 847 1085 908 confusionem.

71 929 129 990 Ecce
147 935 170 990 si
189 933 299 1008 aliquid
321 935 431 992 timoris
440 932 497 993 Dei
518 941 594 992 esset
613 935 642 992 in
654 933 710 993 hoc
725 933 882 1009 sacerdote,
903 951 1087 1010 nequaquam

70 1020 182 1078 ceaddae
203 1037 276 1078 snae
299 1019 453 1080 consulens
473 1026 533 1079 tam
553 1019 696 1080 horrenda
716 1023 942 1096 praesumsisset,
963 1023 1086 1082 maxime

70 1104 284 1166 nconfessione.
327 1107 395 1166 Non
417 1108 471 1166 iste
491 1107 572 1182 tecit,
593 1109 667 1166 sicut
695 1107 838 1182 sacerdos,
861 1106 897 1166 de
919 1124 977 1183 quo
1000 1124 1086 1184 supra

70 1188 155 1250 dictum
175 1200 218 1252 est
240 1194 371 1269 capitulo
393 1195 534 1253 tricesimo
558 1197 664 1269 quinto,
686 1197 735 1269 qui
755 1195 908 1269 pecuniam
928 1196 958 1252 in
976 1191 1086 1273 tergat)

68 1277 168 1358 notantis
187 1282 337 1356 poenitere
359 1276 514 1360 proiecit⁵).
556 1278 758 1340 NOVICIUS:
779 1281 855 1340 Puto
878 1279 1087 1357 quodmuitum

69 1362 201 1425 deusutur
221 1369 254 1425 in
276 1365 476 1426 sacerdotibus
497 1368 647 1426 avaritiam
668 1367 819 1426 Dominus.
879 1376 881 1384 ’

400 1554 633 1617 eremmon
654 1518 743 1616 ‘xus
772 1607 775 1618 ,

258 1679 309 1738 De
331 1681 466 1738 ouantia
488 1685 516 1738 et
537 1680 661 1738 lutuno
680 1681 874 1758 eooodotum,

116 1831 352 1894 MONAOHUS:
373 1833 422 1892 De
437 1832 495 1894 hoc
507 1851 565 1894 non
586 1851 688 1910 meam,
710 1834 762 1894 sed
782 1837 871 1912 ipsius
881 1835 999 1895 Domini
1018 1851 1087 1894 sen·
1110 1841 1116 1848 '

68 1921 165 1980 tentiam
185 1921 289 1981 audias
310 1939 365 1997 per
385 1938 419 1980 os
435 1920 580 1981 Jeremiae
590 1921 768 1998 Prophetae:
789 1923 967 1996 Eatcodom,
987 1924 1087 1996 inquit,

67 2021 155 2066 monus
175 2027 258 2068 meos
280 2026 372 2084 super
393 2007 572 2067 habitatores
595 2015 707 2084 terrum
736 2027 756 2067 o
781 2013 903 2068 minimo
931 2027 1025 2084 usquc
1047 2007 1090 2066 od

67 2097 229 2168 maumam,
260 2113 362 2155 omncs
384 2095 502 2154 studott
524 2098 686 2170 evomam,-
716 2103 745 2154 et
773 2113 794 2154 o
817 2097 965 2171 propbeta
993 2111 1087 2169 usquo

68 2178 101 2236 ud
116 2181 307 2255 sacerdotem,
331 2198 431 2240 munes
449 2179 570 2256 faciunt
591 2179 737 2254 oolcmv.
778 2181 854 2241 Item
872 2199 926 2258 per
945 2181 1087 2240 Ezechie-

67 2261 124 2324 lem:
148 2269 279 2344 Propter
296 2268 448 2343 pupillum
469 2267 585 2341 hordei,
615 2275 643 2327 et
666 2267 808 2345 fruprnen
823 2272 913 2344 pauiu
933 2267 1088 2327 violabunt

67 2367 103 2408 uro
122 2353 160 2411 od
173 2356 326 2430 populum
347 2350 447 2412 rucupi
452 2397 461 2427 ,
490 2361 526 2413 ut
552 2355 729 2430 interficiant
758 2359 890 2427 animos,
922 2373 999 2430 quae
1024 2370 1087 2414 oon

68 2443 237 2514 moneatur,
261 2447 290 2500 et
311 2441 469 2517 vivificent,
489 2437 576 2516 'quoe
603 2459 665 2500 noo
692 2445 799 2501 vivunt
810 2439 842 2514 ⁷).
884 2439 1086 2501 NOVICIUS:

67 2520 134 2583 Sicut
153 2527 260 2602 audiri,
283 2527 399 2601 qnidam
421 2527 597 2588 confessores
618 2545 671 2604 pro
692 2545 749 2587 uno
771 2524 956 2608 gallinacio⁰)
980 2529 1088 2588 etvini

67 2615 173 2673 sextario
208 2613 365 2673 multorum
396 2631 522 2689 poenam
555 2621 739 2690 peccatorum
757 2612 778 2696 ⁹)
807 2614 856 2674 vel
882 2614 1013 2674 relaxent
1040 2612 1088 2673 vel

69 2694 239 2760 dissimulant.
288 2697 528 2760 MONAOHUS:
562 2701 672 2762 Idcirco
701 2703 743 2761 eis
778 2719 830 2778 per
859 2700 936 2761 Ozee
972 2702 1088 2760 dicitun:

68 2781 182 2845 Peccata
198 2788 305 2862 popuii
326 2791 383 2846 mci
405 2788 593 2847 comederunt
609 2785 649 2866 ¹⁰).
690 2789 731 2847 Et
750 2789 806 2848 hoc
827 2791 910 2863 scias,
932 2787 1009 2864 quod
1029 2804 1088 2846 non
1136 2823 1139 2830 ,

68 2868 147 2930 solum
166 2875 267 2957 vitium
288 2875 442 2948 avaritiae,
469 2874 521 2933 sed
550 2875 636 2934 etiam
661 2877 763 2934 vitium
789 2875 917 2934 luxuriae
939 2877 968 2933 in
990 2891 1088 2934 sacer-

69 2953 170 3017 dotibus
192 2961 381 3035 reprehendat
391 2960 543 3036 Dominus,
569 2960 667 3020 dicens
687 2979 739 3038 per
757 2962 947 3037 Prophetam:
976 2963 1088 3020 Vaccae

69 3041 209 3104 Bedeouere
228 3049 383 3107 coluerant
403 3047 583 3107 habitatores
605 3047 762 3107 Samariae
778 3046 819 3120 ¹¹).
847 3049 978 3108 Samaria
998 3050 1087 3106 inter-

69 3135 181 3200 pretatur
213 3133 356 3210 custodia,
376 3130 553 3194 habitatores
573 3133 719 3212 Samariae
741 3134 904 3195 sacerdotes
926 3139 1006 3210 sunt,
1039 3137 1088 3210 qui

70 3230 168 3291 semper
188 3221 218 3277 in
238 3223 280 3280 sui
302 3226 332 3279 et
353 3221 474 3280 aliorum
505 3222 560 3281 sibi
584 3224 799 3281 commissorum
821 3221 952 3283 custodia
971 3239 1105 3282 maneret

72 3297 171 3362 debent
213 3305 250 3364 Hi
277 3324 383 3367 ruccas
403 3307 554 3368 Bethaven
581 3307 691 3384 colunt,
725 3308 793 3367 dum
813 3308 957 3368 luxuriose
978 3310 1087 3367 vivunt.

72 3383 170 3448 Homm
197 3390 294 3453 domus
327 3393 433 3453 inutilis
461 3401 519 3470 est,
552 3397 620 3470 quia
655 3395 711 3455 hoc
731 3396 890 3472 ,Bethaven
917 3398 1087 3471 interpreta-

89 3571 357 3642 iJBpostulutum
383 3581 554 3647 pecuniam.
575 3610 605 3620 -
633 3582 665 3649 2)
683 3580 773 3633 modo
800 3596 841 3632 orn
863 3580 892 3632 B.
912 3611 942 3620 -
971 3581 1002 3649 3)
1020 3581 1088 3648 prG

133 3647 293 3699 secerdoti
318 3649 464 3716 confessi
490 3665 604 3702 sumus.
623 3680 656 3688 —
682 3651 715 3718 4)
733 3651 753 3703 O
770 3659 820 3702 ter
845 3665 870 3701 o.
890 3679 920 3689 —-
949 3651 980 3718 5)
998 3651 1018 3702 B
1036 3667 1095 3720 pre-¹

132 3717 253 3766 cuniam
269 3719 411 3783 proiecit
432 3721 464 3770 in
481 3728 574 3787 terga
591 3719 737 3772 nolentis
755 3667 923 3772 cribrari.
944 3747 974 3758 -
994 3721 1025 3788 6)
1042 3721 1088 3772 Je-

133 3785 351 3849 rem.6,12.13.
370 3815 400 3825 -
419 3789 451 3856 7)
467 3788 559 3840 Erech.
580 3789 621 3853 13,
640 3789 681 3839 19.
700 3819 731 3828 -
750 3791 782 3855 8)
801 3791 837 3840 sic
853 3788 918 3850 libri.
938 3818 968 3828 -
997 3790 1029 3855 9)
1047 3788 1088 3841 BG

134 3862 334 3918 peccatorum
357 3871 497 3924 poenam.
517 3889 548 3900 -
569 3859 618 3926 10)
636 3857 694 3912 0sc.
712 3861 744 3924 4,
762 3861 787 3912 8.
807 3886 838 3897 -
858 3858 907 3926 11)
924 3857 983 3912 Ose.
1002 3859 1044 3921 10,
1062 3862 1087 3910 5.
