2594 4302
137 347 141 358 Ι
173 179 245 316 174,
280 301 285 312 .
514 245 749 316 Diuumuuio'
763 251 875 316 NONA

170 375 253 438 barto
282 389 368 452 quem
397 375 434 436 de
458 378 656 451 sacramento,
684 391 750 438 cum
778 379 808 437 in
829 371 945 438 Pascha
967 389 1072 454 corpus
1090 375 1200 437 Domni
1268 393 1269 404 ¹

82 483 84 490 ’
166 466 369 540 ‘suscepissem
391 469 421 523 et
434 469 592 524 extructum
608 462 643 524 de
657 479 692 524 eo
703 461 722 544 ¹)
742 463 873 524 fecissem
887 466 962 524 sicut
975 463 1078 525 edoctu
1090 464 1202 538 meram,

172 549 252 628 quod
272 549 396 610 oleribus
417 551 447 610 in
467 550 638 625 remedium,
662 551 733 610 mihi
754 556 829 612 toste
843 550 965 610 diabolo
985 551 1094 612 iscium
1116 551 1202 612 estin

171 643 353 698 tormentum.
395 635 597 698 NOVIGIUS:
620 636 768 698 Crudelior
789 643 851 698 erat
870 629 973 698 m'ulier
989 637 1063 699 baec
1075 638 1204 697 ministris
1250 636 1254 650 '

172 723 276 802 Pylcti,
296 726 346 800 qui
366 723 440 786 Jesu
458 729 570 784 mortuo
592 729 788 803 pepercerrmt,
807 739 845 785 ne
860 741 927 785 ossa
948 727 1205 786 eiuscomminue·

112 869 117 886 ,
172 817 243 872 rent.
285 809 520 872 MONACHUS:
542 811 654 872 Idcirco
675 827 767 888 usque
788 809 875 872 bodie
895 810 948 871 luit
968 818 1119 888 peccatum
1138 808 1206 872 iilud

172 900 344 975 maximum,
372 906 402 959 et
429 905 496 958 suut
523 901 666 958 curciacus
694 901 755 958 eius
784 898 912 958 inauditi.
954 898 1115 959 Attendaut
1135 898 1207 958 benc

173 1001 312 1063 poenum,
340 992 369 1046 et
397 987 500 1046 sinon
521 985 649 1063 culpam,
678 986 727 1061 qui
749 983 851 1046 deifice
871 992 1051 1047 sacramenta
1072 986 1110 1047 sd
1130 983 1209 1045 lucra
1270 995 1271 1048 t

172 1072 417 1149 temperauere
439 1071 517 1150 quod
538 1071 725 1132 execrabilius
748 1078 799 1147 est,
819 1071 858 1132 ad
878 1073 1021 1134 maleficia
1034 1077 1210 1134 conseruent

172 1159 267 1220 Euam
279 1176 392 1220 rennes
413 1162 438 1219 si
451 1162 640 1240 reverentiam
659 1161 738 1224 circa
758 1159 814 1220 hoc
829 1166 1040 1222 sacramentum
1056 1159 1211 1239 negligant,
1271 1220 1272 1246 χ

172 1245 327 1324 siquando
348 1260 443 1326 poena
463 1245 644 1307 mulctantur.

538 1407 771 1498 ommonem
805 1437 847 1498 x.

195 1559 244 1620 Dc
263 1575 367 1618 maaca
388 1576 467 1636 qaue
487 1562 569 1618 circo
592 1576 700 1636 corpus
720 1561 846 1620 Domini
866 1561 901 1628 ire
920 1559 997 1618 bora
1017 1561 1195 1636 sumptionis

431 1647 567 1721 volitum,
589 1649 692 1706 mortis
705 1663 838 1722 pomam
858 1646 954 1707 soluit.

237 1764 324 1828 Anno
345 1769 497 1843 praeterito
527 1783 593 1826 cum
620 1765 737 1843 quidem
758 1785 794 1827 ex
816 1764 1015 1828 sacerdotibus
1033 1761 1144 1826 nostris
1164 1779 1213 1826 co-

173 1871 235 1914 ram
263 1853 407 1931 Episcopo
435 1853 613 1914 Theoderico
646 1856 762 1914 missam
795 1852 992 1930 quotidianam
1023 1851 1059 1912 de
1086 1851 1215 1912 Domina

175 1951 272 2001 nostra
293 1941 465 2016 celebraret,
486 1943 515 2000 iu
536 1943 600 2017 ipsa
620 1940 693 2000 hora
712 1941 856 2001 fractionis
877 1956 978 2000 musca
998 1937 1116 2017 grandis
1140 1940 1215 2000 circa

175 2034 204 2089 et
231 2045 318 2104 supra
346 2028 464 2088 calicem
493 2027 613 2088 volitare
642 2029 737 2103 coepit
757 2029 797 2087 ite
818 2030 994 2103 importtme,
1025 2031 1059 2086 ut
1080 2027 1215 2102 quesivi

175 2113 250 2176 velle
281 2117 385 2174 intrare
416 2114 570 2174 videretur.
619 2105 760 2175 Sacerdos
791 2120 916 2174 tremens
948 2129 984 2173 ac
1016 2114 1121 2174 timens
1152 2129 1215 2174 cum

174 2219 277 2264 munus
297 2199 419 2262 haberet
439 2207 605 2278 occupatas,
625 2207 655 2262 et
675 2218 806 2262 mirscam
830 2200 996 2262 exsufflaret
1014 2216 1069 2260 nec
1089 2200 1217 2277 profice·

174 2296 234 2366 ret,
265 2288 422 2350 chrioum
443 2289 606 2349 Diaconum
634 2290 684 2364 qui
710 2287 783 2364 hora
811 2287 914 2350 eadem
938 2287 1084 2363 Episcopo
1111 2304 1216 2364 pacem

174 2377 351 2454 porrigebat,
384 2375 532 2438 tuscieudo
540 2373 562 2456 ²)
591 2375 718 2436 crebrius
738 2374 904 2436 advocavit.
944 2373 1027 2434 Tunc
1048 2373 1099 2434 illa
1129 2374 1217 2436 alacri

176 2463 276 2524 volatu
303 2461 388 2524 altius
416 2462 531 2537 lebeus,
562 2463 801 2540 praesumptionis
820 2461 949 2538 sculpam
977 2461 1018 2524 ibi
1045 2460 1115 2536 luit;
1150 2463 1217 2539 quia

175 2549 417 2627 perimendam,
446 2549 589 2627 compieta
609 2551 771 2626 sumptione
792 2554 879 2626 atque
899 2547 1061 2626 ablutione,
1086 2549 1216 2608 intuente

175 2637 325 2700 sacerdote
354 2654 440 2716 quem
468 2638 648 2712 turbaverat,
663 2637 758 2713 ¹quiesi
783 2635 897 2713 lapillus
923 2637 997 2694 inter
1018 2634 1168 2712 corporale
1190 2641 1218 2696 ei

175 2725 295 2788 calicem
328 2727 454 2784 extincta
483 2726 548 2785 ruit.
598 2723 694 2799 Quam
725 2722 873 2784 Diacouus
906 2720 941 2781 de
974 2720 1057 2784 altari
1087 2724 1216 2798 proiecit.

176 2809 379 2873 NOVICIUS:
402 2811 479 2871 Sau's
493 2827 540 2870 me
555 2809 679 2874 delectat
692 2809 795 2870 horum
810 2805 939 2890 oratio⁸).
977 2806 1216 2870 MONACHUS:

175 2897 271 2959 Etiam
291 2899 434 2960 Dominus
461 2898 492 2956 in
518 2897 640 2974 simplici
666 2913 742 2976 pauc
763 2901 843 2957 tauto
865 2901 1047 2960 sacramento
1067 2898 1215 2976 assignato

176 2985 349 3063 quandoque
370 2983 509 3046 miracula
528 2990 671 3061 operatur.

539 3173 773 3236 CAPITULUM
794 3171 855 3234 XL'

278 3297 327 3357 De
347 3293 482 3356 muribus
503 3295 685 3372 quibostios
705 3311 768 3354 noa
790 3255 954 3355 benedicto}
973 3294 1110 3355 roderice

500 3385 613 3444 litteras
634 3400 697 3442 nom
719 3384 885 3458 deciperant.

240 3503 376 3568 Nondum
403 3521 495 3565 annus
523 3511 556 3565 ut
583 3509 654 3581 puto
683 3505 808 3578 transiit,
840 3501 918 3580 quod
945 3501 1057 3564 hostiae
1077 3500 1216 3580 piuresa

176 3593 311 3654 minbtris
339 3598 455 3670 propter
475 3587 621 3672 fissuras⁴)
643 3593 705 3652 sive
726 3591 857 3670 pustulas
878 3590 1048 3667 reprobatae
1068 3592 1098 3650 in
1117 3587 1215 3650 Eber-

193 3763 225 3833 1)
241 3759 329 3816 AGDP
345 3775 409 3816 ore.
429 3791 459 3804 -
478 3763 511 3830 2)
528 3760 569 3814 ΒΡ
587 3759 767 3814 tussiendo.
786 3789 817 3801 -
837 3759 869 3828 3)
887 3759 1014 3824 oratio,
1029 3768 1059 3812 ut
1071 3757 1104 3823 ll,
1118 3756 1164 3812 ²8.
1181 3756 1215 3824 Χ,

243 3831 285 3886 51.
319 3830 381 3885 Eius
398 3832 454 3886 loco
471 3832 563 3902 legitur
580 3829 706 3884 relatio
723 3829 767 3896 lx,
784 3830 828 3886 ³8.
846 3855 879 3874 ο-
897 3830 930 3900 4)
948 3828 969 3884 G
988 3831 1165 3884 suiacum.
