2642 4330
186 325 247 384 364
508 322 739 385 DISTINCTIO
768 323 902 384 SEXTA

185 452 214 505 ct
241 448 311 504 situs
341 444 467 504 eiusdem
475 445 654 505 ‘solitudinis
675 446 812 506 lustravit
840 453 869 506 et
898 427 1099 523 consideravit,
1126 451 1167 508 ita
1193 455 1224 508 ut
1299 497 1300 518 ,

183 539 285 608 postea
313 549 348 591 eo
376 535 512 592 recitante
534 533 615 591 multi
636 536 812 593 mirarentur.
853 535 999 611 Regressa
1019 538 1130 610 anima,
1162 535 1224 594 dia·

184 619 267 678 bolus
289 622 392 679 erranti
421 623 543 679 occurrii
565 621 676 679 dicens:
707 621 817 696 Corpus
844 627 927 680 tunm
954 639 1051 682 meum
1078 629 1129 682 est.
1171 623 1223 682 Illo

184 723 214 766 se
242 708 386 782 signante,
420 713 448 766 et
480 714 609 766 sanctam
636 707 694 766 Dei
721 710 887 784 genitricem
907 711 1074 783 invocante,
1107 709 1224 769 adiecit:
1299 727 1300 782 g

183 792 282 852 Media
302 811 368 868 pars
383 795 484 868 eapitis
505 796 547 852 tui
568 811 634 853 mea
656 801 708 869 est,
730 811 764 854 eo
787 795 865 870 quod
878 795 993 871 pulsata
1012 813 1135 872 vespera
1156 798 1224 856 sab-

183 881 243 939 bati
263 880 346 940 luerit
366 881 434 940 lota.
465 879 503 939 Et
524 883 620 940 statim
636 899 763 940 massam
784 885 855 956 picis
876 885 953 941 misit
973 885 1003 940 in
1022 883 1109 942 illam.
1143 884 1224 960 Quae
1299 893 1300 968 J

140 991 143 1000 ·
182 973 284 1042 postea
315 985 381 1026 cum
412 965 537 1026 maximo
569 967 668 1028 labore
700 969 854 1040 multorum
887 969 1017 1045 deposita
1049 978 1101 1029 est.
1153 971 1224 1029 Onm

182 1071 251 1114 vero
273 1057 426 1112 moriturus
448 1061 538 1129 esset,
567 1061 659 1115 mater
687 1058 747 1114 eius
776 1056 847 1115 flens
869 1059 910 1116 sic
926 1053 943 1135 ¹)
965 1059 1017 1115 ait:
1048 1055 1137 1115 Ofili
1160 1057 1224 1116 dul-
1299 1077 1300 1090 ¹

182 1143 303 1216 cissime‚
325 1141 410 1200 modo
424 1142 560 1201 recedens
571 1161 590 1201 e
601 1161 646 1201 me
663 1141 779 1201 dimittis
801 1160 847 1202 me
868 1146 898 1201 in
910 1146 1036 1202 maxima
1052 1142 1224 1204 infirmitate.

181 1228 342 1304 Respondit
361 1228 421 1286 ille:
454 1227 561 1288 Sancta¹
581 1229 676 1288 Maria
702 1221 834 1288 liberabit
855 1237 883 1290 te
904 1237 1004 1289 mater.
1047 1229 1151 1304 quue
1174 1249 1224 1291 ex·
1299 1239 1300 1280 l

181 1317 314 1390 spirante,
337 1316 438 1374 eadem
458 1315 529 1374 hora
546 1323 648 1376 senata
662 1321 705 1374 est
725 1317 774 1375 illa
796 1318 833 1376 ab
846 1314 866 1396 ²)
888 1315 1050 1375 infirmitate
1065 1317 1225 1392 durissima,
1299 1335 1300 1340 ¹

182 1399 272 1481 (μιν)
304 1419 409 1460 novem
441 1405 523 1460 annis
554 1403 744 1462 laboraverat
802 1403 875 1479 Legi
906 1406 937 1462 in
968 1403 1039 1462 libro
1072 1404 1224 1475 Visionum

181 1488 456 1561 beataeAcnclinae,
478 1489 556 1564 quod
576 1493 605 1547 in
620 1490 736 1560 coelesti
757 1493 904 1550 mansione
926 1491 1024 1550 sedem
1045 1489 1150 1550 viderit
1169 1511 1223 1551 va-

182 1593 265 1635 cuam
286 1578 375 1634 mnae
396 1575 611 1650 pulchritudinis
634 1584 662 1635 et
684 1578 807 1653 gloriae,
831 1583 860 1636 ei
880 1578 988 1636 dictum
1009 1583 1053 1635 est
1074 1579 1114 1651 ei,
1147 1580 1223 1653 quod

181 1658 288 1742 ceseii)
311 1663 459 1722 cuiusdam
482 1666 559 1722 caeci
582 1663 617 1722 de
635 1663 814 1723 Alamannia.
865 1665 903 1722 Et
924 1665 1020 1723 stetim
1038 1663 1167 1723 intellexi
1188 1667 1223 1725 de

179 1751 264 1808 fratre
285 1752 340 1808 isto
361 1749 536 1826 Engilberto.
579 1749 784 1810 NOVICIUS:
815 1750 854 1810 Ut
883 1752 984 1825 audio,
1013 1751 1137 1809 multum
1158 1751 1221 1812 Deo

139 1871 152 1880 ·
181 1854 248 1896 cara
270 1834 341 1917 est⁵)
356 1837 530 1912 simplicitas.
573 1835 808 1897 MONACHUS:
829 1838 895 1897 Non
909 1837 1002 1896 solum
1017 1838 1090 1913 Deo,
1112 1841 1172 1897 imo
1195 1848 1222 1899 et

181 1924 344 1983 hominibus
362 1923 466 2000 placet.
498 1922 577 2005 Est⁶)
601 1924 773 1999 quandoque
794 1928 910 1985 maioris
931 1927 960 1983 in
983 1926 1099 1984 auribus
1122 1942 1222 1985 eorum

161 2011 335 2086 efficaciae,
357 2029 443 2085 quam
465 2012 616 2086 prudentia
639 2012 800 2071 saecularis.

538 2184 773 2245 CAPITULUM
792 2185 849 2244 XI.

175 2303 226 2366 'De
248 2309 368 2367 donnino
390 2309 482 2377 Petro
504 2307 619 2367 Abboie
642 2289 851 2381 ¹C‘lcnaevallie,
873 2312 906 2368 in
927 2313 1011 2368 enine
1038 2309 1221 2386 simplicitate

266 2395 431 2454 adversarii
452 2398 513 2454 ana
535 2399 709 2470 compuncti,
733 2395 824 2468 bonis,
851 2413 912 2470 pro
934 2395 1040 2471 quibas
1062 2413 1134 2455 eon·

469 2483 632 2554 tenderent,
654 2486 914 2570 renunciaverunt.

243 2602 385 2662 Dominus
406 2603 509 2662 Petrus
533 2590 637 2662 Abbas
661 2602 861 2677 claraevallis,
889 2603 1058 2662 monoculus
1084 2621 1119 2662 ex
1139 2603 1220 2662 infir-

178 2692 291 2764 mitate,
320 2691 364 2748 vir
394 2696 526 2765 sanctus,
561 2693 675 2750 nomine
706 2696 735 2749 et
756 2707 786 2748 re
815 2690 894 2749 Petri
923 2688 1056 2765 Apostoli
1083 2693 1223 2764 imitator,

178 2773 280 2855 filiuni)
303 2777 454 2838 columbae
474 2777 565 2837 dictus
582 2773 664 2856 esti),
686 2794 721 2836 eo
744 2776 822 2851 quod
844 2794 966 2853 magnae
983 2783 1012 2836 et
1025 2794 1117 2852 purae
1136 2777 1221 2836 inerit

179 2862 374 2938 simplicitatis.
419 2863 491 2922 Cum
519 2867 580 2938 ipso
611 2871 639 2922 et
666 2864 800 2922 iratribus
830 2866 891 2921 eius
919 2863 1000 2923 miles
1029 2863 1146 2938 quidam
1167 2880 1219 2938 pro

179 2951 351 3026 quibusdam
369 2951 452 3010 bonis
476 2950 676 3010 contendebat.
720 2950 870 3009 Praeiixus
884 2956 928 3010 est
949 2951 1019 3024 dies,
1039 2953 1068 3008 in
1091 2967 1148 3026 quo
1171 2949 1220 3009 vel

177 3037 259 3096 miles
273 3055 338 3097 eum
353 3036 470 3096 Abbaie
487 3044 678 3112 componeret,
699 3038 747 3096 vel
760 3055 856 3096 coram
877 3037 970 3096 iudice
991 3037 1071 3096 litem
1090 3040 1219 3096 intraret.

177 3124 265 3183 Venit
293 3124 331 3182 ad
361 3125 435 3184 diem
464 3125 546 3183 miles
569 3142 634 3182 enm
656 3127 755 3183 amieis
777 3126 851 3199 suis,
880 3127 959 3184 venit
981 3130 1010 3182 et
1030 3123 1132 3183 Abbas
1155 3125 1218 3184 solo

177 3211 320 3270 monacho
350 3210 475 3286 quodam
505 3212 633 3287 simplice
664 3229 762 3271 secum
789 3217 927 3270 assumto.
970 3211 1036 3270 Non
1063 3218 1160 3270 tamen
1189 3214 1219 3270 in

177 3299 267 3372 equis,
289 3298 341 3356 sed
353 3297 464 3373 pedites
486 3305 643 3357 venerunt..
676 3298 714 3356 Et
736 3316 802 3357 oum
824 3304 902 3357 esset
921 3297 1023 3357 Abbas
1045 3298 1219 3357 venerabilis

176 3386 256 3460 pacis
291 3391 320 3444 et
352 3387 529 3460 paupertatis
562 3392 689 3460 amator,
722 3376 873 3460 rerumque
900 3387 1109 3444 transeuntium
1144 3401 1218 3444 con-

176 3477 294 3545 temtor,
331 3488 426 3530 coram
460 3473 592 3532 omnibus
630 3472 744 3532 dicebat
770 3472 865 3530 militi:
901 3470 999 3530 Homo
1038 3471 1218 3530 Christianus

176 3576 216 3618 es.
270 3557 301 3617 Si
339 3558 442 3618 dixeris
477 3561 506 3617 in
542 3560 631 3620 verbo
664 3561 807 3634 veritatis,
839 3558 917 3635 quod
949 3559 1027 3618 bona
1059 3561 1129 3632 ista,
1163 3575 1217 3632 pro

176 3645 281 3721 quibus
315 3649 457 3706 contentio
487 3653 546 3722 est,
578 3652 629 3706 tue
650 3648 708 3706 sint
739 3654 769 3706 et
792 3653 850 3706 'tua
879 3662 942 3706 esse
973 3645 1109 3720 debeant,
1139 3644 1217 3704 bene

194 3763 225 3832 1)
242 3761 287 3814 Al)
306 3764 354 3813 sic
376 3762 521 3816 ilens.-
545 3761 615 3830 2)B
640 3762 677 3814 ab
700 3762 870 3832 illa-3)
888 3761 1015 3816 Allclll'll
1038 3764 1071 3814 in
1092 3775 1160 3829 qua.
1182 3789 1214 3800 -—

244 3832 277 3900 4)
301 3832 321 3884 Β
344 3842 423 3886 erat.
449 3863 480 3873 —
508 3833 540 3901 5)
563 3832 606 3888 Bu
626 3832 757 3884 multum
781 3848 855 3884 carn
879 3842 929 3884 est
952 3831 1074 3884 lieo.·-
1102 3831 1133 3898 6)
1156 3828 1216 3881 libri

244 3901 370 3970 placet,
388 3913 427 3956 et.
446 3927 478 3944 e-
498 3903 530 3972 7)
548 3901 605 3954 libri
623 3910 654 3954 et
671 3902 775 3954 iilius.
795 3933 826 3943 -
845 3903 877 3970 8)
896 3902 1005 3955 dictus
1023 3910 1073 3954 esi
1091 3897 1178 3953 addc.
