2664 4308
372 802 639 966 utsllltlto
683 803 891 903 SEPTIMA

199 994 315 1076 DE
359 993 703 1078 saluom
745 993 1060 1078 MARIA.

407 1165 849 1216 &mmm-2⁴*-

472 1340 789 1405 Pachom.

175 1463 348 1557 praemissis
362 1514 413 1557 sex
431 1496 667 1574 distinctionibus,
688 1497 821 1559 videlicet
843 1498 878 1560 de
896 1501 1089 1576 conversione,
1111 1501 1146 1560 de

22 1652 24 1680 ,
109 1603 293 1676 contritione,
322 1600 357 1661 de
385 1595 575 1678 confessione,
608 1602 643 1662 de
665 1606 829 1678 tentatione,
852 1602 887 1662 de
910 1602 1097 1662 daemonibus
1119 1610 1148 1664 et

108 1708 213 1765 virtute
235 1688 431 1781 simplicitatis,
449 1709 524 1765 iuter
546 1723 596 1766 sex
606 1705 882 1797 adhuc'superstites
903 1709 1024 1782 primam
1046 1707 1147 1768 dietin-

24 1787 25 1810 ἶ
109 1813 233 1871 ctionem
247 1811 301 1877 eibi
321 1810 456 1870 vendicat
477 1811 564 1870 beata
584 1810 641 1869 Dei
656 1809 783 1869 Genitrix
794 1811 883 1886 Virgo
897 1809 999 1886 Maria,
1021 1813 1146 1887 eoquod

107 1919 171 1991 ipsa
184 1917 222 1974 sit
236 1914 432 1991 dignissimum
443 1913 590 1973 Ecclesiae
599 1915 773 1998 membrum.
795 1915 833 1972 Et
847 1914 902 1974 hoc
920 1933 978 1974 nou
992 1917 1146 1992 incongrue

84 2018 170 2080 ·fieri
200 2017 314 2078 videtur
344 2021 375 2076 in
403 2020 523 2094 septimo
559 2018 639 2092 loco,
673 2021 740 2098 quia
772 2002 929 2078 secuudum
959 2018 1146 2095 philosophos

108 2124 286 2198 septenarius
312 2139 446 2180 uumerus
479 2128 523 2181 est
543 2124 726 2198 virginitatis,
759 2122 894 2198 eoquod
921 2122 993 2180 infra
1023 2123 1146 2204 primurn

29 2226 31 2268 ἒ
107 2225 226 2286 limitem
245 2226 400 2301 denarium,
420 2226 530 2287 nullum
550 2215 701 2286 numerum
712 2244 747 2286 ex
758 2244 789 2286 se
800 2233 924 2304 generet.
957 2226 1043 2303 Quod
1063 2230 1144 2305 virgo

108 2333 221 2408 genuit,
253 2348 341 2406 supra
368 2337 500 2391 naturam
527 2325 596 2392 fuit.⁴
632 2331 702 2406 ipsa
723 2339 766 2392 est
789 2334 864 2390 enim
885 2335 968 2408 virga
989 2332 1025 2391 de
1047 2333 1143 2393 radice

108 2433 201 2494 Yedse
223 2441 329 2510 exorta,
351 2450 424 2510 quae
445 2436 545 2494 florem
566 2437 649 2496 nobis
667 2435 791 2512 protulit,
814 2452 900 2512 super
922 2453 1008 2512 quem
1030 2439 1144 2513 spiritus

109 2539 279 2612 septiformis
300 2542 408 2614 gratiae
429 2541 578 2615 requievit.
601 2539 710 2599 'Cuius
732 2543 880 2615 virtutem,
910 2546 942 2598 ut
964 2540 1052 2617 digna
1071 2545 1143 2602 scri-

109 2641 178 2701 bere
201 2648 230 2700 et
250 2643 400 2703 scribenda
419 2647 527 2720 possim
547 2644 692 2720 perficere,
712 2645 875 2721 suppliciter
895 2645 1025 2722 imploro.
1129 2669 1133 2675 ¹

485 2835 717 2896 CAPITULUM
746 2835 770 2896 I.

108 2957 156 3016 De
184 2956 228 3014 tis
256 2953 334 3031 quoe
366 2957 484 3016 beatam
511 2959 659 3034 Vir-pinam
681 2957 814 3016 Mortem
834 2962 952 3036 myattoc
973 2960 1142 3036 deciperant,

213 3050 240 3102 ot
267 3043 303 3100 dc
324 3043 463 3119 beneficiis
485 3045 616 3103 humano
638 3049 737 3120 pecori
753 3064 811 3120 pcc
832 3064 899 3104 com
920 3048 1040 3105 collutis.

172 3178 381 3241 JOHANNES
403 3183 432 3239 in
449 3180 625 3258 Apocalypsi
648 3179 720 3243 vidit
740 3185 891 3242 mulierem
914 3189 1054 3244 amictam
1075 3189 1143 3260 cole,

109 3277 136 3328 ct
158 3269 264 3327 lunam
285 3267 340 3325 aab
359 3268 576 3342 pedibus-ciue,
599 3277 627 3328 et
649 3288 790 3328 coronam
817 3271 969 3330 duodecino
990 3275 1143 3333 stellarum

108 3360 141 3413 in
163 3358 258 3429 capite
280 3357 341 3412 ciue
357 3351 385 3431 ).
428 3354 531 3414 Mulier
551 3356 624 3416 haec
645 3358 735 3433 Virgo
759 3353 833 3436 est²)
855 3357 963 3434 Maria,
987 3359 1048 3418 sole
1069 3361 1143 3420 luci-

34 3455 35 3458 ’
109 3440 171 3500 dior
199 3440 309 3517 fulgore
343 3443 482 3517 caritatis;
514 3443 597 3518 luna,
625 3443 655 3502 id
685 3450 728 3503 est
759 3443 882 3519 mundo,
915 3449 1043 3520 superior
1073 3465 1143 3508 oon-

34 3560 37 3603 ιΙ
108 3534 220 3603 tempto
247 3527 354 3604 gloriae
382 3529 550 3606 saecularis;
581 3533 708 3590 omnium
734 3532 870 3589 virtutum
898 3533 986 3592 stellis
1007 3539 1169 3610 tauquam-

35 3608 36 3612 ’
109 3614 281 3692 dyademate
302 3625 446 3691 gemmato
469 3624 620 3693 coronata,
649 3625 678 3676 et
700 3615 777 3692 quod
798 3617 842 3676 his
871 3619 983 3695 dignius
1006 3627 1062 3696 est,
1099 3622 1144 3680 di-

109 3705 176 3760 vino
198 3707 282 3776 partu
308 3703 468 3762 fecundata.
511 3703 596 3763 Hanc
619 3704 768 3780 designaut
789 3722 841 3780 per
862 3706 1023 3781 exemplum
1046 3726 1141 3782 mons,

128 3854 158 3920 l)
177 3853 256 3920 llpoc.
276 3853 317 3916 12,
336 3855 359 3904 l.
381 3884 410 3893 -
429 3855 461 3922 2)
480 3855 541 3908 Boo
560 3865 609 3906 est
628 3855 736 3924 Virgo.
865 3931 883 4001 1
