2628 4310
433 257 489 320 DE
507 254 790 322 MOROENTIBUS.
1066 257 1129 320 286

435 403 669 512 clemonem
689 447 790 510 xvn.

130 571 178 630 Dc
199 577 296 630 morte
316 569 455 630 Konono'o
477 571 513 630 de
533 569 684 629 Matcbecb
696 565 715 643 ¹)
733 569 874 629 ¹ruoaucbi
894 572 927 629 io
949 567 1095 629 Olouomo.

156 691 245 751 Kono
267 709 389 768 magnus
407 689 538 752 dominus
560 693 645 751 castri
667 691 703 751 de
724 685 896 770 Malberg¹),
917 691 960 749 vir
979 694 1082 774 potens
1102 695 1132 750 ot

90 777 176 838 dives
196 780 226 838 in
248 777 380 853 saeculo,
406 784 467 838 tam
486 778 587 838 valens
608 780 637 836 in
658 777 758 837 militia
777 793 815 837 ne
837 776 930 836 dicam
950 777 980 834 in
1007 774 1131 852 malitia,

94 883 182 942 quam
208 861 339 946 vigens³)
368 866 399 922 in
427 863 580 942 prudentia
606 863 762 939 saeculari,
790 869 857 923 aute
885 863 971 922 finem
998 864 1075 922 vitae
1101 863 1131 920 in

93 951 241 1029 saepefato
257 949 387 1011 Claustm
398 951 532 1011 habitum
551 953 678 1027 suscepit
697 949 865 1027 regularem.
907 949 945 1008 Et
966 949 1035 1025 quia
1055 954 1131 1008 tem-

93 1041 171 1115 poris
198 1036 406 1116 longinquitate
434 1054 492 1097 non
519 1044 647 1114 poterat,
673 1055 786 1097 morum
812 1035 953 1113 probitate
982 1034 1043 1095 dies
1064 1051 1131 1094 suos

94 1123 242 1184 dimidiare
263 1126 424 1202 satagebat.
466 1123 525 1184 Ubi
545 1125 618 1184 adeo
630 1124 757 1200 proiecit,
779 1123 856 1200 quod
870 1128 1083 1183 consummatus
1102 1123 1132 1178 in

93 1211 177 1272 brevi
197 1210 322 1286 explevit
343 1217 473 1288 tempora
493 1205 628 1292 multa⁴);
648 1209 757 1288 placita
780 1213 855 1270 enim
877 1215 937 1275 erat
950 1209 1015 1268 Deo
1037 1209 1133 1268 anima

94 1298 179 1357 illius.
221 1297 305 1358 Unde
328 1303 356 1357 et
378 1301 426 1374 qui
447 1305 604 1357 vocaverat
625 1314 691 1357 eum
719 1297 756 1356 ad
779 1315 863 1357 suum
884 1298 1050 1372 servitium,
1073 1311 1132 1353 non

93 1384 189 1445 solum
211 1387 236 1445 ei
258 1387 398 1462 praestitit
418 1387 533 1444 veniam
550 1383 725 1460 delictomm,
747 1384 799 1443 sed
821 1391 849 1443 et
861 1383 913 1442 tali
928 1381 1024 1442 ordine
1044 1397 1132 1458 prae·

95 1473 242 1548 cognitum
260 1473 284 1530 ei
306 1471 373 1532 iecit
393 1472 479 1531 linem
501 1489 594 1531 suum.
637 1471 775 1530 Habebat
797 1477 954 1530 conventus
982 1467 1131 1545 prothola·

94 1562 169 1617 rium
190 1556 421 1633 pulcherrimum,
443 1575 529 1636 quem
552 1561 675 1633 equitiae
691 1575 760 1617 suae
775 1565 892 1634 propter
903 1557 992 1616 tetum
1006 1555 1133 1614 nobilem

95 1643 292 1720 deputaverat.
336 1642 430 1720 Quem
453 1662 518 1704 cum
539 1647 583 1703 vir
603 1645 706 1703 nobilis
727 1645 869 1704 Henricus
892 1642 927 1702 de
949 1637 1131 1720 Ysenburg⁶)

95 1732 319 1805 concupisceret,
340 1727 463 1811 nequet)
492 1733 582 1806 pretio
610 1730 717 1790 babere
739 1739 849 1807 posset,
877 1730 933 1790 hoc
947 1723 948 1730 '
962 1737 1059 1789 actum
1089 1734 1133 1787 est

95 1825 129 1877 ut
150 1818 290 1876 absconse
304 1818 466 1876 subtractus
491 1819 516 1876 ei
536 1821 781 1876 transmitteretur.
814 1816 909 1893 Quem
931 1834 997 1876 cum
1017 1816 1132 1874 minime

95 1903 236 1978 redderet,
257 1905 362 1962 missus
383 1909 427 1962 est
446 1902 610 1979 praedictus
629 1905 716 1963 Kono
738 1905 786 1979 qui
809 1903 902 1964 eidem
918 1902 1044 1962 Henrioo
1067 1901 1133 1960 fue·

96 1997 142 2050 rat
155 1992 186 2048 in
199 1988 314 2049 saeculo
330 1992 528 2049 amicissimus.
559 1991 598 2050 Et
620 2007 685 2050 cum
699 1990 769 2063 nibil
781 1989 941 2068 proficeret,
963 1988 1063 2048 videns
1076 1986 1133 2045 bo-

97 2078 204 2136 minem
226 2076 415 2150 obstinatum,
441 2078 564 2136 irruente
585 2078 615 2135 in
636 2095 668 2137 se
689 2083 722 2136 ut
742 2083 809 2153 post
829 2079 921 2153 patuit
942 2077 1041 2151 spiritu
1061 2073 1131 2148 Dei,

97 2162 137 2223 ad
159 2161 287 2220 divinum
309 2180 374 2221 eum
395 2161 532 2221 iudicium
546 2161 708 2240 appellavit,
731 2164 805 2224 diem
827 2165 853 2223 ei
866 2162 1035 2238 praefigens.
1057 2159 1134 2240 Quid

97 2246 203 2326 plural
246 2247 388 2308 Henricus
410 2247 630 2325 appellationem
652 2252 837 2328 contempsit,
859 2255 888 2308 et
908 2249 994 2308 Kono
1017 2247 1134 2308 domum
1183 2249 1188 2262 ’

98 2334 227 2408 rediens,
256 2336 387 2395 omnibus
407 2334 500 2395 modis
522 2338 626 2412 quibus
647 2339 755 2414 potuit,
783 2336 821 2396 ad
850 2335 973 2396 eundem
1001 2334 1077 2394 diem
1102 2350 1135 2393 se

97 2423 290 2499 praeparavit.
333 2422 458 2482 Dicebat
478 2423 564 2499 igitur
583 2423 707 2500 Abbati:
729 2424 853 2483 Domine
875 2430 957 2483 sexta
976 2421 1046 2481 feria
1068 2438 1135 2480 cru·

99 2525 163 2570 oem
191 2510 307 2584 accepi,
335 2517 417 2569 sexta
444 2510 515 2570 feria
536 2511 729 2586 transfretavi,
761 2516 844 2570 sexta
871 2510 940 2570 teria
968 2511 998 2566 in
1025 2505 1148 2584 capella'

98 2612 166 2656 mea
186 2611 233 2654 me
255 2596 338 2655 vobis
359 2596 476 2671 tradidi,
506 2603 588 2657 sexta
607 2597 678 2657 seria
698 2598 831 2657 habitum
854 2597 933 2655 indui
960 2593 1135 2672 regularem

98 2683 182 2741 Deus
203 2689 285 2742 senta
304 2682 374 2743 seria
402 2683 534 2743 laborum
562 2701 691 2744 meorum
719 2684 789 2751 mibi
809 2687 938 2743 restituet
965 2681 1135 2742 mercedem.

98 2769 229 2846 Expletis
249 2785 318 2828 vero
339 2771 397 2829 iam
418 2771 510 2830 tribus
531 2774 613 2831 annis
634 2773 663 2829 in
684 2777 784 2831 sancta
806 2771 1038 2845 conversatione,
1057 2768 1136 2828 febre

100 2861 248 2931 correptus
270 2861 322 2915 est
363 2856 504 2917 visitatus
519 2859 556 2917 ab
575 2860 681 2932 amicis,
703 2876 734 2918 se
756 2857 826 2916 dixit
847 2860 930 2917 tertia
951 2852 1024 2935 die')
1047 2855 1136 2914 mori-

99 2949 206 3002 turum.
249 2941 295 3000 Illi
322 2948 418 3002 autem
447 2943 580 3004 recedere
609 2945 761 3019 volebant,
791 2960 824 3003 eo
855 2942 932 3022 quod
960 2942 1033 3002 levis
1060 2946 1137 3002 esset

101 3031 163 3090 eius
184 3027 341 3103 infirmitas,
362 3035 392 3089 et
408 3029 487 3090 nulla
508 3030 603 3090 adhuc
625 3033 707 3108 signa
728 3024 854 3112 mortis⁰)
877 3034 1063 3108 apparerent,
1085 3026 1137 3088 sed

98 3118 163 3191 ipse
175 3116 298 3192 rogabat
314 3133 351 3176 ne
373 3115 555 3176 sollemnitati
576 3114 675 3197 καθ’)
689 3109 845 3177 deessent*
861 3117 900 3176 Et
919 3118 1026 3177 lactum
1041 3121 1084 3175 est
1104 3122 1137 3175 ut

99 3208 259 3264 moreretur
281 3202 326 3262 die
348 3205 431 3263 tertio
445 3199 486 3285 ¹⁰),
507 3203 563 3264 hoc
586 3211 629 3264 cst
649 3205 678 3263 in
699 3203 797 3282 vigilia
816 3205 909 3264 sancti
929 3202 1043 3277 Jacobi,
1063 3203 1137 3262 sicut

100 3291 165 3366 ipse
185 3287 375 3364 praedixerat
424 3290 468 3350 Eo
497 3307 567 3352 sane
587 3297 715 3368 tempore
745 3297 809 3351 erat
834 3290 935 3351 mulier
961 3291 1080 3349 obsessa
1107 3289 1137 3346 in

101 3374 170 3434 villa
191 3374 308 3453 Meyne,
330 3392 405 3451 quae
428 3377 500 3437 bora
520 3373 619 3438 mortis
640 3377 768 3438 eiusdem
788 3377 919 3438 Kononis
942 3376 1064 3437 liberata
1085 3381 1137 3450 est,

121 3539 1138 3616 ¹1⁰tuteleruntuernum-mouentem,annunurr-

172 3611 262 3680 burg.
286 3642 316 3652 -
343 3614 374 3680 3)
398 3613 419 3667 (l
443 3619 569 3686 ingens.
590 3645 621 3656 -
646 3616 679 3684 4)
700 3617 812 3685 snpient.
830 3617 862 3678 4,
885 3617 926 3668 13.
952 3643 983 3655 -
1013 3613 1045 3680 5)
1067 3610 1138 3665 Acu

174 3680 436 3752 lerenburen-6)
452 3684 475 3738 B
493 3701 600 3738 nec-
614 3685 647 3752 7)
665 3685 729 3740 ACF
746 3685 798 3738 die
816 3687 925 3738 tertia.
945 3713 975 3726 -
994 3683 1028 3750 8)
1045 3681 1067 3734 Β
1085 3681 1139 3734 nd·
1238 3711 1241 3716 ·

173 3750 233 3802 huc
252 3753 281 3804 iu
299 3767 337 3804 eu
355 3753 447 3822 signa
464 3756 594 3818 mortis,
617 3754 662 3810 ΑΕ
682 3755 783 3808 adbuc
802 3757 894 3828 signu
911 3753 1026 3807 mortis
1043 3752 1073 3803 in
1091 3765 1138 3806 eo.

176 3849 205 3858 -
225 3820 257 3886 9)
276 3819 317 3874 BC
336 3823 412 3876 eius.
432 3853 462 3864 -
483 3825 532 3894 to)
550 3823 571 3877 C
588 3826 697 3876 tertia.
809 3847 810 3852 ¹
