2664 4308
454 249 510 311 DE
531 249 689 312 Sanora
705 251 847 313 MARIA.
1130 254 1169 312 57

128 372 211 434 miles
245 372 326 433 dives
358 378 389 432 et
419 372 574 448 honestus,
604 372 680 433 lecto
708 379 786 434 totus
818 371 994 450 paralyticus
1027 373 1171 434 decubuit

128 459 262 520 Audiens
296 459 441 520 hominem
473 460 530 519 Dei
561 462 645 518 unice
679 461 734 520 eibi
769 460 903 520 diledum
938 460 976 520 ed
1015 460 1171 522 Dominum

128 550 279 624 migrasse,
299 563 367 605 mox
385 549 522 606 nundum
540 547 579 606 ad
600 546 763 606 Olaustmm
783 549 939 623 misitper
951 565 1037 623 quern
1049 549 1104 608 sibi
1118 549 1171 610 de·

127 634 218 694 iuncti
241 640 375 694 coturnos
395 635 548 692 transmitti
562 633 750 710 supplicarit
791 633 874 696 Missi
895 641 962 693 sunt
983 637 1009 694 ei
1030 637 1113 710 nori,
1143 643 1172 695 et

128 736 198 780 mox
226 721 351 795 remissi,
378 737 414 780 eo
442 719 521 796 quod
548 720 732 780 intellexisset
757 737 809 781 eos
838 719 944 780 domini
965 705 1085 782 Walteri
1112 740 1171 784 uon

14 810 19 818 '
128 807 226 868 fuisse.
268 806 340 866 Mox
360 824 412 882 per
434 806 558 866 eundem
578 809 714 866 nuncium
736 808 797 868 boti
817 809 871 868 riri
888 808 945 866 Dei
967 810 1036 868 satis
1058 815 1170 870 veteres

128 895 288 969 mittrmtur,
310 910 383 969 quos
396 893 525 952 infirmus
540 910 606 953 cum
627 893 685 954 fide
706 911 742 953 ae
754 895 905 956 devotione
922 897 1087 971 suscipiens,
1109 903 1170 956 sta-

128 983 180 1040 tim
215 986 249 1039 ut
277 999 380 1040 manus
414 987 622 1056 praemortuas=
647 984 795 1056 imposuit,
839 981 1010 1042 beneficium
1026 979 1042 1062 ¹)
1072 999 1108 1042 ex
1130 986 1171 1042 eis

128 1069 227 1128 sensit.
260 1067 358 1126 Simile
380 1073 478 1127 nomm
499 1073 543 1126 est
563 1070 593 1126 in
606 1068 737 1143 pedibus.
771 1067 821 1128 Ab
842 1067 891 1127 illa
911 1071 987 1128 enim
1008 1067 1080 1128 hora
1100 1087 1170 1129 eoe-

128 1156 170 1230 pit
202 1171 306 1212 manns
333 1153 430 1213 levare
451 1158 481 1212 et
502 1152 591 1229 pedes
613 1158 733 1230 erigere,
766 1160 796 1214 et
823 1157 910 1214 totius
933 1158 1058 1231 corporis
1079 1158 1170 1232 vires,

128 1242 236 1300 sensim
257 1247 363 1315 tamen,
385 1242 520 1316 recipere.
562 1241 674 1302 Eadem
694 1258 764 1300 vero
779 1241 965 1302 calciamenta
986 1243 1025 1302 ob
1042 1260 1170 1303 amoram

128 1328 207 1387 beati
235 1329 304 1402 riri,
333 1333 362 1386 et
383 1344 552 1388 conoessum
573 1328 627 1386 sibi
648 1344 700 1404 per
719 1327 769 1387 illa
790 1328 976 1403 beneficium,
1007 1332 1037 1388 iu
1058 1337 1169 1389 tanturn

128 1411 328 1487 venerabatur,
348 1420 382 1473 ut
402 1416 431 1472 iu
454 1420 546 1472 eastm
567 1431 620 1473 suo
643 1413 783 1490 capellam
801 1415 973 1491 aedificaret,
993 1423 1081 1492 atque
1103 1434 1170 1477 eos-

129 1500 196 1560 dem
218 1506 353 1560 coturnos
376 1503 437 1560 eius
458 1500 558 1560 altario
570 1497 592 1580 ²)
614 1501 727 1577 ligneo,
748 1499 866 1562 Abbate
886 1509 983 1592 nostro
1005 1511 1169 1580 praesente,

128 1586 296 1647 includeret
319 1619 359 1632 -
381 1584 465 1646 Alius
494 1586 610 1662 quidam
636 1588 719 1648 miles
738 1589 929 1664 periculosum
956 1589 1066 1650 habens
1095 1607 1169 1667 apo-

129 1681 223 1734 stema
251 1676 281 1733 in
309 1679 441 1749 pectore,
470 1673 589 1733 audiens
614 1691 666 1750 per
692 1674 855 1750 praedictos
884 1676 988 1737 calcios
1009 1684 1119 1737 tanmrn
1140 1683 1169 1738 iu

129 1761 298 1821 Winemaro
320 1762 456 1820 virtutem
477 1760 598 1836 iactam,
621 1779 712 1820 unum
733 1762 788 1821 eibi
808 1764 961 1822 transmitti
981 1766 1096 1840 petivit,
1117 1783 1170 1841 per

130 1864 234 1923 quern,
261 1863 330 1907 mox
357 1853 392 1906 ut
418 1847 521 1906 ulceris
541 1847 637 1908 locum
658 1851 763 1924 tetigit,
794 1848 879 1924 plene
901 1849 1054 1909 convaluit
1096 1850 1168 1912 ΝΟ-

67 1993 69 2000 ,
129 1933 279 1994 VIOIUS:
300 1934 378 1994 Satis
399 1933 469 1992 mihi
490 1937 547 1992 iem
567 1934 659 1994 fateor
679 1935 847 2010 probatum,
870 1935 947 2010 quod
968 1937 1055 1996 beata
1075 1937 1169 1999 Maria

130 2020 280 2098 diligentes
308 2037 340 2080 se
370 2020 469 2097 diligat
495 2026 524 2080 et
552 2021 681 2080 honoret
722 2020 959 2082 MONAGHUS:
988 2023 1053 2083 Nou
1076 2025 1168 2084 solum

129 2124 200 2167 suos
228 2107 377 2168 dilectores
405 2125 440 2167 ac
466 2106 584 2168 dilectos
612 2107 650 2168 ed
678 2110 768 2167 vitam
789 2106 896 2189 ducit³)
920 2116 1081 2186 aeternam,
1109 2114 1167 2172 imo

128 2193 293 2270 frequenter
312 2193 376 2254 illos
399 2197 485 2264 etiam
506 2193 544 2254 ad
566 2195 689 2254 honores
709 2195 843 2271 provehit
864 2196 1044 2272 temporales.

447 2349 681 2410 CAPITULUM
700 2339 853 2412 XXXIX.

150 2471 200 2530 De
220 2455 336 2530 Abbcie
356 2478 475 2544 nostre,
503 2474 552 2530 cui
572 2475 690 2548 circam
706 2473 892 2547 pastoralem
912 2481 1018 2534 concta
1038 2475 1142 2534 Marta

169 2561 325 2632 portinere
346 2560 412 2617 oisc
434 2565 477 2618 est
498 2565 661 2638 campoque
681 2563 714 2618 in
726 2559 871 2619 Abbatem
887 2570 1124 2636 promoveretur.

195 2696 267 2755 Post
287 2703 409 2755 mortem
422 2694 548 2756 Abbatis
570 2699 658 2756 nostri
681 2697 815 2774 Gerardi,
836 2697 921 2758 huius
939 2699 1166 2776 praedecessoris

129 2785 179 2859 qui
207 2781 293 2842 hodie
321 2784 483 2858 sabbatizat,
510 2785 563 2842 luit
590 2784 668 2860 apud
695 2803 748 2845 nos
770 2785 904 2846 sacerdos
926 2787 1042 2862 quidam
1064 2792 1167 2851 aetatis

129 2869 300 2945 decrepitae,
314 2867 443 2946 Syiridus
456 2873 578 2946 nornine,
600 2873 729 2947 spiritum
749 2871 904 2947 aliquando
925 2879 958 2932 ut
978 2876 1061 2934 nobis
1082 2876 1166 2936 vide-

128 2957 217 3016 botru
236 2955 347 3016 habens
369 2956 545 3033 prophetiae.
587 2957 644 3017 Hic
665 2958 761 3018 multis
784 2959 884 3019 diebus
905 2967 973 3020 ante
996 2961 1166 3022 celebratio-

128 3060 196 3102 nem
218 3042 364 3103 electionis
377 3043 549 3119 quibusdem
570 3047 706 3104 secretius
727 3046 914 3121 praedixerat,
936 3047 1014 3122 quod
1035 3048 1166 3110 domiuus

128 3129 271 3188 Henricue
307 3137 375 3188 tune
404 3129 499 3206 Prior,
527 3131 630 3190 Abbas
659 3137 735 3191 esset
766 3133 895 3208 futurus,
932 3141 960 3193 et
986 3137 1015 3193 in
1045 3136 1166 3197 eeclesia

128 3215 299 3276 Trevereusi
324 3218 354 3276 iu
375 3215 523 3282 Abbatem
552 3218 771 3278 consecrandus.
813 3220 979 3296 Requisitus
1006 3222 1082 3282 unda
1109 3224 1165 3285 hoe

129 3305 231 3378 sciret,
259 3303 419 3380 respondit:
448 3303 602 3364 Dominam
630 3311 757 3364 nostram
778 3305 842 3365 ridi
870 3314 936 3366 aute
957 3309 1166 3386 presbyterium

129 3388 258 3450 eiusdem
281 3389 435 3465 eeclesiae,
463 3391 597 3454 videlicet
624 3393 702 3452 beati
722 3393 812 3467 Petri,
843 3395 954 3470 virgam
976 3398 1001 3454 ei
1022 3399 1165 3475 porrigere

127 3475 312 3554 pastoralem.
362 3475 483 3538 Modum
518 3485 615 3538 tamen
650 3481 767 3538 visionis
801 3483 906 3539 nemini
938 3479 1031 3542 dicere
1066 3485 1165 3545 voluit.
1192 3529 1195 3534 .

129 3561 207 3639 Quid
233 3561 338 3640 plura?
372 3563 445 3622 Tam
472 3565 649 3624 concorditer
675 3567 705 3625 iu
735 3564 881 3626 Abbatem
910 3567 1017 3628 electus
1046 3577 1104 3647 est,
1132 3578 1165 3630 ut

128 3649 268 3710 Visitator
303 3650 467 3726 miraretur,
504 3651 601 3712 dicens
634 3658 693 3720 tem
721 3655 885 3713 unanimem
914 3654 1081 3716 electionem
1106 3675 1164 3718 uon

148 3747 180 3817 1)
198 3747 327 3872 ¹{Rham-re
344 3750 463 3870 attelini.
490 3781 519 3790 -
544 3751 577 3819 2)
595 3749 656 3803 BDP
679 3751 785 3804 altari.
810 3782 841 3794 ·-
867 3753 900 3823 3)
917 3753 1022 3807 ABCDP
1040 3755 1163 3826 diligit,

283 3833 363 3886 rrrgr
383 3857 389 3869 .
891 3851 896 3860 ·

851 3889 906 3970 3³}
