2628 4310
688 133 694 165 l

368 257 627 321 annaneane
649 259 916 320 nonnuonun.
947 219 955 242 “
1096 261 1158 319 ars

121 397 188 440 mos
208 379 359 440 liberabor.
391 379 522 440 Audiens
543 380 616 440 haee
632 373 796 456 conversus,
818 397 883 439 cum
897 379 1011 440 licentia
1033 380 1160 456 magistri

121 469 164 526 sui
192 466 231 526 ad
261 467 481 527 claramvallem
510 467 670 542 festinavit,
693 466 813 541 etquid
839 466 942 526 viderit
969 466 1017 525 vel
1038 465 1161 526 audierit

119 553 210 613 Priori
230 554 374 630 revelans,
400 561 457 614 tres
479 555 581 613 missas
603 557 660 612 iam
683 552 758 618 dicto
780 553 906 630 impendi
936 550 1070 612 defuncto
1099 554 1160 612 eius

119 643 211 718 mutia
239 641 420 717 supplicavit.
471 641 524 700 Oui
540 640 633 718 Prior
659 645 805 716 gratanter
836 656 965 699 annuens
1000 639 1159 715 respondit:

119 727 182 803 Ego
204 745 293 786 unam
314 727 484 803 celebrabo,
512 727 583 786 alias
593 724 611 807 ¹)
641 726 753 786 duobus
782 726 977 787 sacerdotibus
1004 728 1159 803 iniungam.

119 813 212 874 Dictis
233 831 302 874 vero
324 817 417 874 missis
432 821 562 874 mortuus
575 815 679 873 iterum
701 830 839 874 converso
862 829 1002 888 apparens
1023 815 1053 871 in
1073 829 1160 889 prae-

120 900 195 960 dicto
217 918 304 978 agro,
331 903 439 978 gratias
469 903 528 977 egit
556 906 585 960 et
614 900 697 959 dixit:
724 899 869 959 Beneficio
895 903 980 958 trium
1008 901 1159 960 missarum

119 1003 194 1064 qnae
215 1004 267 1064 pro
289 1005 336 1047 me
358 988 451 1047 dietam
473 995 556 1062 sunt,
584 989 622 1046 ab
645 988 778 1047 omnibus
799 988 900 1062 poenis
924 987 995 1044 meis
1022 986 1160 1046 liberatus

119 1092 191 1139 sum.
234 1074 295 1134 Nee
324 1076 419 1134 mirari
447 1074 536 1134 debes
565 1076 588 1134 si
617 1079 728 1133 tautum
756 1073 834 1133 valet
861 1073 1007 1132 Dominici
1035 1075 1160 1149 comonis

117 1161 291 1236 immolatio,
321 1177 387 1220 cum
409 1161 582 1236 quibusdam
608 1162 759 1221 animabus
781 1159 820 1220 ad
845 1159 1043 1219 liberationem
1071 1161 1160 1236 prosit

117 1248 212 1308 brevis
234 1249 389 1308 verborum
410 1247 563 1308 absolutio.

434 1435 669 1498 conrnunun
689 1413 841 1498 xxinv.

169 1560 218 1620 Dc
234 1563 416 1638 pnrpatosdo
439 1559 599 1620 damnant
620 1561 759 1620 monachi
787 1560 880 1619 Vallis
901 1562 997 1618 sancti
1018 1559 1111 1618 Petri.

183 1677 286 1762 Cum²)
314 1689 473 1741 moreretur
495 1681 590 1741 bonae
618 1683 773 1741 memoriae
796 1680 974 1740 Christianus
1001 1679 1160 1740 monachus

113 1773 221 1843 noster,
243 1771 324 1828 cuius
345 1769 462 1828 memini
479 1770 509 1826 iu
532 1766 712 1827 distinctione
735 1773 838 1843 quarta
859 1766 984 1843 capitulo
1000 1767 1160 1840 tricesimo,

116 1853 219 1914 Abbas
242 1854 394 1914 Gevardus
417 1855 573 1914 dominon
593 1855 655 1912 fuit.
694 1853 755 1930 'Qui
784 1870 849 1913 cum
878 1857 1000 1929 septima
1030 1853 1075 1912 die
1099 1849 1158 1912 Ca-

115 1941 206 2017 pitulo
228 1942 418 2018 praesideret,
442 1946 470 2000 et
492 1948 591 2000 cantor
612 1940 719 1999 diceret
740 1940 899 1999 secundum
922 1937 1158 1999 cousuetudinem

116 2023 239 2103 ordinis,
275 2027 389 2087 domine
416 2028 559 2087 absolvite
587 2027 702 2086 fratrem
730 2033 860 2086 nostrum
897 2027 1076 2102 defunctum,
1114 2027 1158 2085 lris

116 2113 212 2172 verbis
242 2131 308 2174 eum
345 2113 483 2174 absolvit:
518 2113 694 2189 Requiescat
725 2115 755 2172 in
791 2131 871 2190 pace.
927 2113 1038 2173 Eadem
1073 2121 1157 2173 nocte

116 2197 294 2260 Christianus
323 2200 438 2260 cuidam
465 2203 569 2260 seniori
597 2201 765 2288 presbytero
787 2204 902 2260 nomine
923 2200 1056 2278 Sylrido,
1087 2207 1157 2260 tuuc

115 2287 251 2362 temporis
272 2289 399 2361 novicio,
430 2293 458 2347 et
478 2286 549 2346 nihil
568 2305 685 2364 prorsus
706 2287 742 2347 da
764 2288 819 2351 hac
841 2287 1021 2348 absolutione
1042 2289 1157 2362 scienti,

114 2389 258 2448 apparens
285 2376 315 2432 in
344 2369 479 2456 somnis³)
512 2377 566 2434 ait:
593 2374 689 2434 Hodie
714 2374 852 2434 liberatus
878 2393 951 2434 sum.
1002 2374 1058 2450 Qui
1089 2391 1156 2433 cum

113 2461 255 2519 visionem
281 2464 418 2537 magistro
448 2478 500 2520 suo
522 2460 677 2537 Ludolpho
705 2462 868 2537 recitasset,
894 2461 941 2521 ille
969 2459 1156 2520 absolutionis

114 2549 176 2606 eius
198 2547 371 2623 recordatus,
390 2542 463 2608 satis
485 2547 642 2608 admiratus
660 2554 703 2608 est
724 2549 876 2608 verborum
898 2545 1041 2608 virtutem.
1084 2547 1156 2608 NO-

112 2632 261 2694 VIOIUS:
283 2634 374 2694 Miror
394 2638 419 2694 si
440 2637 531 2695 sancti
552 2636 607 2694 sub
631 2653 753 2711 quorum
773 2634 874 2714 regula
895 2635 1017 2712 religiosi
1038 2638 1156 2709 vivunt,

111 2727 179 2796 post
210 2727 331 2781 mortem
364 2723 465 2782 ceteris
497 2725 603 2786 sanctis
636 2722 744 2798 aliquid
777 2725 817 2782 eis
852 2725 944 2800 magis
980 2731 1156 2782 succurrant.

112 2805 350 2868 MONACHUS:
372 2807 476 2883 Etiam,
498 2811 572 2869 sicut
592 2812 622 2868 in
644 2811 774 2885 sequenti
795 2811 906 2870 visione
929 2810 1098 2870 declaratur.

439 2997 673 3066 unumunurn
693 2999 829 3088 xxxv.

170 3120 219 3180 De
238 3121 417 3196 pnryanno
438 3122 671 3180 sanctimonialis
692 3125 725 3180 in
745 3122 882 3198 Rindnp
904 3125 953 3182 cui
973 3131 1093 3183 sanctas

483 3208 661 3268 Benedictus
683 3211 784 3268 astitit
815 3275 819 3284 ,

177 3326 241 3387 Νοῃ
264 3333 308 3386 est
329 3326 378 3386 diu
400 3328 478 3402 quud
499 3329 722 3388 sanctimonialis
745 3329 887 3405 quaedam
917 3329 952 3389 de
980 3333 1153 3391 monasterio

110 3413 241 3489 Rindorp
264 3414 342 3490 quod
364 3416 444 3474 iuxta
455 3415 589 3475 Bonnam
610 3418 696 3474 situm
711 3423 762 3491 est,
783 3416 934 3476 Elisabeth
955 3420 1079 3492 nomine,
1101 3417 1154 3478 de-

110 3502 204 3561 bitum
226 3503 318 3560 carnis
341 3501 426 3559 solvit
434 3498 465 3580 ⁴).
508 3502 561 3561 Est
582 3509 680 3562 autem
701 3501 778 3561 idem
807 3506 1010 3563 monasterium
1041 3504 1077 3564 de
1105 3521 1153 3565 re-

108 3586 181 3665 gula
202 3590 293 3648 sancti
314 3588 464 3648 Benedicti
484 3587 617 3649 Abbatis.
660 3589 807 3667 Diligebat
829 3593 904 3650 enim
933 3590 1034 3650 eadem
1055 3590 1153 3652 Elina-

129 3754 161 3824 1)
179 3753 223 3808 llll
241 3754 323 3810 alias
347 3753 435 3808 duas.
455 3785 486 3796 -
506 3757 576 3825 2)ss
599 3755 679 3812 dom.
703 3789 736 3800 -
755 3760 787 3829 3)
805 3759 825 3814 Β
847 3761 878 3812 iu
907 3763 1026 3812 somnis
1055 3773 1154 3828 appu·

181 3839 263 3878 reus.
283 3855 313 3865 -
333 3826 365 3895 4]
383 3825 403 3878 Β
421 3825 574 3881 exsolvit.
