2622 4322
210 279 271 343 rac
520 233 934 359 nrsrmcmo'onsnm
1068 366 1075 378 ,

206 417 240 463 se
253 397 270 483 ¹)
291 404 420 462 tenerent
440 401 609 477 acqualiter,
627 400 777 462 brachium
798 403 889 463 crucis
911 398 989 478 quod
1009 399 1092 462 Prior
1113 399 1242 476 tenebat,

208 487 244 548 de
265 505 353 548 manu
374 489 435 547 alus
457 493 502 548 est
522 488 660 564 elapsum,
681 494 710 548 et
731 487 853 548 alterum
874 495 1016 564 erectum,
1043 488 1180 564 iactaque
1200 492 1243 549 est

205 574 403 651 inaequalitas.
445 573 518 634 Mox
537 575 619 634 Prior
641 574 778 652 evigilans
802 575 898 635 visum
916 574 1071 650 intellexit,
1102 553 1242 653 deense:

207 660 283 738 Quid
304 663 374 740 agis,
396 678 413 721 o
435 660 541 722 miser?
562 662 628 722 Non
649 678 742 738 aeque
762 667 860 737 portas
882 657 1015 741 corpus')
1038 678 1105 722 cum
1127 659 1243 720 Abbatc

208 753 269 825 tuo,
289 765 437 826 rancorem
449 747 587 808 adversus
599 747 679 807 illum
696 764 813 808 servans
834 749 864 806 in
886 748 972 808 corde
993 754 1054 807 tuo.
1096 748 1243 823 Interpre-

206 839 284 895 tatus
305 841 364 910 est,
393 837 467 894 sicut
487 851 588 894 revera
608 834 675 909 fuit,
704 851 807 910 corpus
830 833 934 894 Christi
956 851 1020 894 esse
1042 836 1243 913 congregatio·

205 938 287 996 nem,
310 937 441 996 crucem,
461 923 508 981 cui
527 921 628 982 babes
648 938 701 997 per
721 921 914 980 obedientiam
934 921 1013 981 affixi
1034 928 1118 998 sunt,
1141 920 1244 982 ordinis

205 1010 338 1086 rigorem.
379 1006 429 1067 Ad
455 1006 602 1067 Abbatem
631 1010 706 1067 enim
733 1011 763 1067 et
789 1008 918 1067 Priorem
945 1007 1109 1084 specialiter
1135 1012 1244 1084 spectat

206 1100 387 1170 conventum,
406 1095 454 1169 qui
468 1094 573 1154 Christi
588 1111 691 1172 corpus
712 1099 764 1169 est,
785 1099 908 1171 portare,
929 1100 1027 1154 tencre
1050 1090 1110 1173 οῖ’)
1130 1099 1243 1155 susten-

205 1185 275 1241 tare.
311 1182 430 1241 Portare
446 1198 498 1258 per
515 1183 680 1258 orationem,
700 1187 797 1240 tenere
809 1197 860 1256 per
878 1180 1067 1257 disciplinam,
1084 1186 1243 1268 sustentare

204 1285 257 1345 per
280 1268 511 1328 consolationem.
558 1265 662 1327 Abbas
692 1267 757 1327 loco
788 1268 892 1344 patris,
923 1268 1005 1327 Prior
1037 1269 1104 1328 vice
1137 1268 1243 1326 matris.

207 1353 281 1414 Cum
301 1354 383 1413 Prior
398 1370 464 1413 cnm
477 1352 594 1414 Abbate
607 1370 660 1413 suo
674 1356 766 1413 minus
788 1355 862 1414 bena
884 1353 1046 1430 concordat,
1068 1371 1131 1414 non
1152 1369 1243 1429 aequa

205 1439 288 1500 laneo
316 1457 381 1500 curn
407 1440 456 1500 illo
485 1440 590 1500 Christi
618 1457 720 1516 corpus
745 1445 848 1516 portat
891 1439 974 1499 Idem
995 1440 1078 1500 Prior
1102 1457 1171 1501 cum
1190 1440 1243 1500 hac

205 1527 330 1602 visione,
366 1528 500 1603 eiusque,
530 1532 563 1585 nt
589 1527 647 1586 lam
670 1526 857 1601 dictumest,
886 1529 1123 1602 interpretatione
1151 1529 1243 1586 minus

207 1619 284 1674 esset
311 1619 468 1689 correctus,
495 1630 549 1673 nec
571 1630 589 1672 a
614 1619 751 1690 concepto
772 1629 892 1674 rancore
915 1614 1047 1674 diductus
1057 1610 1096 1694 ⁵),
1127 1614 1243 1674 alteram

207 1701 233 1760 ci
254 1699 392 1775 ostendit,
418 1705 499 1760 tanto
528 1699 731 1774 efficaciorem,
761 1705 869 1775 quanto
896 1700 1104 1760 terribiliorem.
1154 1701 1242 1762 Nocte

206 1785 340 1864 quadam,
361 1786 428 1847 licet
448 1789 477 1846 in
491 1783 606 1862 somnis,
627 1789 726 1846 nonin
741 1789 860 1862 pictura,
881 1789 989 1846 nonin
1011 1788 1171 1864 sculptura,
1194 1785 1241 1847 sed

204 1875 235 1932 in
257 1890 369 1944 carneo,
383 1890 514 1949 corpore,
542 1873 700 1934 manifesta·
717 1875 825 1932 visione
847 1872 919 1932 vidit
939 1873 1124 1934 Salvatorer'n
1146 1879 1242 1935 contra

204 1973 237 2020 sc
263 1963 294 2019 in
317 1977 400 2021 cruce
420 1960 601 2038 pendentem.
643 1960 770 2035 Eratque
795 1959 915 2019 vinculis
937 1962 1043 2037 spineis
1063 1962 1096 2020 in
1119 1963 1241 2037 quinque

204 2049 331 2124 corporis
361 2043 407 2107 sui
426 2048 556 2124 partibus
578 2046 671 2107 eidem
693 2048 769 2106 cruci
791 2044 933 2122 alligatus.
976 2046 1074 2107 Unum
1098 2047 1241 2109 vinculum

181 2159 183 2166 ¹
204 2134 351 2194 ambiebat
365 2140 451 2211 caput
473 2137 542 2210 eius,
563 2133 685 2193 frontem
705 2132 813 2192 seilicet
835 2138 863 2192 et
884 2135 1007 2209 timpora
1015 2129 1051 2213 6);
1080 2134 1164 2194 aliud
1185 2139 1241 2194 erat

204 2222 280 2280 circa
300 2227 416 2297 pectus,
443 2223 557 2280 tertium
586 2223 662 2280 circa
689 2236 806 2278 manum
828 2219 988 2296 dexteram3
1011 2227 1148 2296 quartum
1170 2223 1242 2280 circa

204 2308 360 2383 sinistram3
388 2309 517 2383 quintum
553 2312 614 2366 erat
640 2308 670 2364 in
705 2305 827 2381 pedibus
862 2308 937 2366 eirca
965 2307 1039 2366 talos
1068 2312 1099 2367 et
1127 2308 1240 2386 lignum

204 2390 297 2453 Ac‘si
319 2393 425 2456 diecret
444 2393 485 2452 illi
504 2393 659 2453 Dominus:
692 2391 755 2468 Ego
776 2397 892 2469 propter
913 2399 942 2453 te
962 2386 1066 2469 passus
1089 2413 1157 2455 sum
1178 2411 1240 2454 cru-

170 2531 176 2539 .
204 2481 327 2540 damino
347 2486 408 2540 tem
429 2479 504 2556 dira,
527 2486 556 2539 et
575 2485 607 2538 tu
628 2480 834 2555 aequanimiter
855 2481 892 2538 ab
914 2478 1032 2540 Abbate
1053 2487 1107 2542 tuo
1128 2486 1241 2559 propter

203 2583 250 2625 me
279 2567 398 2627 tolerare
419 2583 477 2626 non
498 2562 596 2643 potes,
623 2583 682 2626 non
711 2565 774 2626 dico
803 2567 940 2642 verbera,
968 2564 1020 2626 sed
1048 2569 1152 2628 verba.
1200 2567 1239 2626 'le

203 2659 306 2731 gravam
327 2671 400 2730 quae
417 2653 496 2713 cordi
516 2659 566 2712 tuo
588 2669 648 2712 non
664 2654 739 2728 sapit
759 2651 930 2727 obedientia,
952 2659 981 2714 et
998 2670 1053 2730 ego
1067 2653 1164 2715 sactus
1179 2671 1239 2714 som

203 2747 368 2818 propterte
391 2739 527 2800 obediens
544 2739 624 2798 Patri
645 2755 736 2813 usquo
758 2737 795 2797 ad
816 2745 939 2799 mortem
961 2743 1111 2816 crucisque
1135 2757 1239 2818 oppro-

203 2827 274 2902 bria,
301 2844 374 2903 quae
396 2832 463 2886 sunt
485 2827 566 2902 quasi
585 2825 700 2885 vincula
721 2827 844 2901 spinosa.
869 2825 951 2886 Sicut
969 2828 1032 2903 ipse
1045 2827 1118 2886 milri
1139 2827 1240 2900 retulit,

203 2912 345 2973 Dominus
366 2931 434 2974 mor
457 2913 535 2972 dedit
548 2914 574 2972 ei
595 2912 750 2989 intelligere
764 2913 903 2972 visionem
916 2912 974 2972 hoc
994 2913 1100 2974 modo:
1121 2913 1158 2973 In
1178 2914 1239 2986 hoc,

202 3001 308 3077 iuquit,
335 3001 412 3077 qnod
435 3000 577 3075 Christus,
607 3001 656 3074 qui
688 3003 776 3075 caput
803 3004 847 3057 cst
866 2997 1028 3076 Ecclesiae,
1061 2999 1170 3078 ligatus
1190 3000 1239 3059 init

202 3089 300 3163 spinis,
322 3087 448 3148 ostendit
468 3083 558 3166 tibi'),
580 3085 658 3162 quod
672 3087 758 3161 capiti
772 3090 832 3160 tuo,
854 3084 883 3143 id
906 3092 958 3161 est,
978 3084 1102 3164 Abbati,
1124 3086 1238 3147 obedire

204 3173 311 3234 debeas
338 3178 424 3234 ctiam
444 3176 474 3231 in
496 3173 632 3232 adversis.
676 3171 760 3247 Quod
780 3169 886 3248 ligatus
906 3172 960 3232 ibit
979 3175 1010 3232 in
1030 3181 1165 3251 pectore,
1187 3173 1238 3234 do·

203 3267 250 3321 cet
270 3268 307 3337 te,
330 3263 397 3338 quia
410 3252 492 3320 tuum
510 3258 585 3320 velle
605 3257 730 3318 Abbatis
751 3260 793 3316 tui
806 3258 948 3319 rolrmtati
961 3258 1095 3342 debeam)
1119 3277 1237 3322 concor-

204 3346 281 3408 dare.
324 3346 381 3408 Gor
401 3350 431 3406 in
451 3352 567 3424 pectore
589 3351 647 3422 est,
677 3351 706 3404 et
726 3347 756 3404 in
777 3345 863 3406 corde
884 3344 1027 3407 voluntas.
1070 3347 1105 3407 In
1128 3352 1236 3408 tanbrm

220 3565 252 3636 1)
269 3566 358 3618 inter
375 3581 404 3618 se
420 3580 462 3618 om
479 3564 551 3618 utu¹
571 3594 602 3604 -
621 3564 654 3634 2)
671 3543 692 3617 a
710 3563 905 3634 intelligens
923 3565 1060 3618 arria-
1081 3567 1113 3637 a)
1131 3526 1236 3620 nourr

273 3635 407 3689 Christi.
432 3664 464 3675 -
488 3635 520 3702 4)
539 3642 571 3685 et
588 3649 629 3686 om
652 3632 702 3688 Bc.
720 3664 752 3675 -
772 3635 803 3703 5)
827 3634 890 3687 licii
914 3635 1083 3689 deductus.
1107 3665 1139 3677 -
1165 3635 1196 3704 6)
1217 3633 1236 3685 P

271 3712 427 3771 tempora.
446 3704 487 3756 Sic
504 3704 580 3754 ctiam
602 3704 628 3754 in
645 3703 695 3754 vo.
714 3703 740 3756 S.
763 3703 871 3772 Engelb.
894 3703 925 3771 ll,
948 3705 973 3760 8.
996 3721 1022 3772 p.
1046 3707 1097 3760 ati
1124 3707 1235 3772 timpo-

271 3773 361 3825 ribus
384 3788 431 3839 pro
463 3771 667 3839 temporibus
691 3771 824 3842 legandum
853 3781 900 3826 est.
925 3803 957 3816 -
988 3775 1021 3845 ⁷)
1048 3772 1235 3829 tibiomffi

274 3871 305 3884 -
324 3842 356 3911 8)
374 3841 416 3895 BD
434 3839 538 3894 debet.
