2654 4308
181 291 242 354 100
489 286 717 354 caduceum
740 287 906 354 OCTAVA

178 409 314 488 crucifixi,
332 416 445 471 tantum
463 412 491 472 ei
511 410 624 472 luminis
645 413 794 488 praestitit,
813 417 847 472 nt
866 413 897 472 in
917 411 1043 473 tenebris
1062 410 1138 472 illius
1159 411 1218 474 bc-

177 494 280 560 nefleio
308 497 434 574 psalmos
465 514 534 558 suos
562 497 679 575 legeret
720 498 774 558 Est
801 517 888 578 super
910 498 988 560 idem
1007 498 1099 560 altare
1118 500 1219 578 imago

177 587 281 646 beatae
296 585 422 662 Virginis
439 584 544 662 lignea,
562 585 653 648 filium
673 591 773 675 teneps
794 587 824 646 in
845 592 918 648 sinu
962 583 1093 663 Cumque
1113 586 1220 651 cadens

177 672 398 733 sanctimonialis
412 677 539 748 tempore
555 671 790 748 quodnmcoram
809 671 859 732 illa
879 671 1046 749 psalterium
1066 671 1220 749 lectitaret,

177 758 312 835 puerulus
333 760 478 834 inopinate
499 758 630 834 advenit,
656 764 684 819 et
706 760 789 834 quasi
810 762 882 819 scire
904 759 992 820 vellet
1012 759 1080 837 quid
1100 759 1150 820 illa
1170 759 1220 820 lc-

176 850 270 924 geret‚
298 847 329 903 in
352 845 456 904 librum
477 847 603 921 respexit
625 851 653 905 et
674 845 766 906 redit.
807 846 861 905 Est
882 853 979 906 autem
1001 844 1103 906 eadem
1123 863 1219 907 vene-

175 932 273 992 rabilis
300 932 406 992 femina
433 931 507 992 laica
528 939 557 992 et
577 931 681 1006 vidua,
710 933 888 1009 multumque
910 935 987 993 circa
1009 931 1137 994 ordinem
1156 933 1219 994 ier·
1309 991 1310 994 ,

175 1035 246 1080 vens
267 1035 302 1080 ac
324 1019 437 1096 devota,
458 1018 593 1096 plurimas
614 1019 727 1078 habens
747 1037 766 1078 a
785 1019 851 1080 Deo
874 1020 1091 1082 consolationes.

1309 1139 1310 1174 l

395 1196 399 1204 ’
511 1207 744 1270 CAPITULUM
764 1206 883 1272 XXIII.

175 1333 222 1394 De
252 1313 369 1394 ammio
397 1334 481 1392 euius
500 1330 598 1408 fronti
618 1349 694 1394 cruc
714 1335 857 1408 capram
876 1338 938 1406 cst,
964 1350 1031 1394 eum
1058 1333 1220 1398 memoror

550 1418 593 1478 ad
614 1416 719 1479 Gloria
740 1421 838 1480 Patri.

237 1539 375 1599 Novicius
397 1537 513 1614 quidam
541 1539 571 1597 in
598 1538 813 1598 Hammenrode
843 1555 908 1599 eum
936 1541 1000 1599 vice
1028 1539 1155 1615 quadam
1185 1543 1217 1600 in

175 1626 262 1686 choro
284 1625 322 1686 ad
343 1625 515 1686 versiculum
536 1631 654 1685 sanctae
674 1625 820 1685 Trinitatis
843 1625 949 1686 devote
967 1625 1123 1702 inclinaret,
1146 1643 1214 1687 eru-

174 1729 237 1773 cern
268 1713 352 1772 fronti
381 1729 451 1772 suae
472 1714 596 1790 imprimi
624 1715 728 1787 sensit,
756 1719 786 1772 et
805 1718 876 1790 puto
906 1712 983 1788 quod
1012 1713 1114 1773 eadem
1141 1713 1214 1777 hora

174 1801 341 1876 cogitaverit
372 1797 408 1859 de
435 1803 591 1874 passiones
627 1799 757 1860 Vocatur
784 1797 881 1859 aute'm
909 1799 1107 1860 Hartmannus
1116 1796 1150 1881 ¹),
1185 1807 1217 1861 et

173 1885 269 1947 adhuc
289 1887 370 1946 vivit.
412 1884 616 1946 Novlcms:
638 1885 713 1972 Puto
728 1886 805 1962 quod
827 1882 1016 1967 sculptores²)
1038 1893 1068 1947 ct
1088 1889 1215 1964 pictores

172 1989 319 2034 sacrarum
342 1975 500 2049 imaginum
520 1971 637 2048 aliquod
658 1973 783 2049 speciale
803 1975 962 2049 praemium
983 1989 1020 2032 ex
1039 1973 1097 2034 hoc
1117 1976 1213 2051 perei-

172 2062 260 2137 piaut
302 2057 539 2120 MONACHUS:
560 2059 607 2119 De
628 2059 684 2119 hoe
706 2059 837 2120 dubitare
858 2077 916 2119 nou
938 2058 1043 2136 debes,
1069 2063 1215 2122 sitamen

172 2149 264 2226 magis
285 2149 322 2206 sit
344 2146 467 2221 devotio,
489 2161 577 2228 quam
597 2148 718 2206 arentia
739 2146 878 2206 mercedis
898 2149 928 2206 iu
949 2163 1046 2207 causa.

504 2335 737 2399 CAPITULUM
761 2335 879 2400 XXIV.

243 2460 292 2522 Dc
311 2461 456 2521 mommo
473 2464 588 2536 pictore
607 2463 661 2537 pai
681 2464 714 2521 in
734 2461 922 2522 Paruecheoc
942 2467 1084 2524 morium
1101 2467 1153 2524 cst

234 2581 397 2644 Monachus
426 2581 542 2658 qnidam
571 2585 644 2660 nigri
673 2582 778 2642 ordinis
808 2582 842 2642 de
864 2581 1040 2658 Episcopatu
1061 2580 1213 2659 Magunti·

170 2671 267 2745 nansi,
295 2677 361 2730 ante
388 2687 479 2730 annos
507 2687 618 2746 paucos
644 2669 794 2730 defunctus
816 2675 868 2728 est.
892 2722 902 2754 s
910 2669 981 2728 Erat
1001 2675 1098 2729 autern
1119 2671 1215 2745 pistor

87 2827 90 2838 ι
170 2757 272 2832 bonus,
295 2765 324 2818 et
337 2750 538 2817 ordini‘nostro
553 2763 614 2815 tam
630 2755 759 2831 devotus,
779 2762 812 2815 ut
832 2758 930 2832 gratis,
952 2758 1086 2832 expensis
1098 2761 1213 2816 tautum

170 2845 308 2920 receptis,
339 2847 370 2904 in
398 2843 517 2904 diversis
539 2842 670 2902 domibus
699 2842 737 2904 ad
759 2841 873 2902 diversa
894 2842 994 2902 altaria
1014 2844 1079 2902 miri
1100 2842 1212 2905 decoris

171 2931 320 2991 crucifixos
338 2931 514 3008 depingeret.
555 2929 631 2989 Nam
643 2936 756 2989 nostros
770 2928 921 2990 crucifixos
935 2932 998 3006 ipse
1014 2946 1088 3005 pene
1110 2946 1212 2990 omues
1309 2997 1310 3018 χ

169 3017 258 3093 fecit,
302 3017 396 3078 nullas
437 3035 456 3076 a
486 3017 570 3078 uobis
613 3019 759 3092 requirens
793 3033 945 3094 expensas
1002 3015 1112 3078 Voleus
1155 3033 1210 3076 suo

171 3103 319 3181 effigiatori
333 3103 482 3163 ostendere
495 3120 624 3163 summus
644 3103 691 3163 illc
714 3103 872 3177 crucifixus,
895 3101 933 3163 ad
954 3105 1034 3163 cuius
1054 3105 1211 3180 imaginem

171 3207 270 3252 omues
290 3191 359 3250 lacti
379 3207 493 3266 sumus,
520 3195 660 3268 quantum
681 3192 737 3250 sibi
755 3190 838 3250 labor
858 3187 905 3249 ille
927 3191 1124 3252 sanctissimus
1142 3189 1211 3267 pla-

171 3283 255 3352 ceret,
276 3278 306 3336 in
325 3277 515 3353 Parascheve,
537 3276 582 3336 die
603 3277 713 3337 seilicet
732 3279 761 3336 in
783 3295 842 3354 qua
863 3273 954 3357 eiust)
975 3278 1072 3352 passio
1093 3278 1211 3353 specia-

169 3363 233 3425 liter
252 3369 507 3440 repraesentatum·
526 3363 607 3422 illum
627 3381 685 3423 non
706 3367 766 3426 sine
788 3363 942 3424 multorum
963 3363 1151 3426 admiratione
1172 3363 1214 3424 da

170 3450 226 3510 hoc
253 3450 360 3511 mundo
388 3467 533 3510 assumere
563 3451 695 3528 dignante
717 3457 769 3511 esa
812 3450 901 3526 Quasi
923 3451 1030 3512 diceret
1050 3450 1213 3512 Demirmsa

171 3536 247 3614 Quia
267 3539 342 3597 circa
362 3555 457 3597 meam
478 3539 640 3613 passionem
661 3545 758 3598 mente
779 3543 807 3597 et
829 3554 948 3614 corpore
970 3537 1074 3600 devote
1095 3555 1213 3615 seraper

169 3621 321 3699 laborasti,
343 3623 380 3683 de
399 3623 450 3684 illa
470 3625 638 3701 cogitandop
661 3623 800 3700 »illamque
821 3641 873 3702 per
893 3627 1019 3701 picturas
1040 3625 1105 3686 aliis
1123 3625 1211 3686 exiri·-

169 3710 282 3786 beudo‚
311 3727 379 3770 ecce
403 3712 434 3770 in
460 3711 506 3772 die
526 3727 609 3798 meae
630 3714 770 3788 passionis
791 3719 821 3772 te
843 3711 879 3772 de
899 3712 999 3772 labore
1019 3711 1059 3773 ad
1079 3715 1211 3790 requiem

190 3860 221 3929 1)
238 3859 277 3914 GP
294 3861 545 3916 dermannus·
563 3863 596 3934 2)
608 3862 694 3920 ncne
712 3866 906 3932 scriptores.
924 3894 957 3905 —
975 3863 1008 3934 3)
1025 3865 1099 3918 eius
1114 3863 1166 3920 add
1177 3865 1210 3918 B.
