2594 4302
452 170 526 280 ‘uu
550 209 779 282 moronus.
819 243 824 254 ,
1084 215 1146 292 aaa

458 401 691 474 CAPITULUM
718 403 789 467 XV.

139 523 189 585 De
210 539 351 584 aenaeae
373 523 410 584 ob
432 528 522 598 arim,
538 523 733 586 obedientiam
748 528 819 610 pira
839 528 872 586 to
893 543 969 604 apro
989 529 1102 588 maru

352 641 353 644 ¹
440 613 622 685 ¹›rrsiruordose
642 631 729 672 uersa
750 620 822 672 ast.-

165 731 201 792 In
221 731 351 808 praelata
369 730 454 800 domo
477 732 607 794 conversi
626 736 720 812 pisam
740 739 928 806 messuerant
972 733 1055 812 Quae
1076 734 1144 810 dum

98 816 139 884 ad
160 819 326 884 siccandum
348 837 448 896 sparsa
469 821 575 890 iaceret
595 823 624 888 in
646 839 725 898 agro,
745 827 887 881 venerunt
906 815 992 881 iidem
1013 823 1145 900 ,conversi

98 904 138 976 ad
158 905 289 965 Priorem
311 906 452 974 dieentes:
474 907 537 966 Nisi
557 913 635 967 totus
663 915 821 978 conventus
854 909 934 968 oeius
964 916 1061 985 exeat,
1089 925 1145 970 nee

98 1009 158 1060 uon
180 999 209 1053 et
222 993 332 1070 infirmi,
353 997 502 1071 pisamque
524 1001 645 1069 vertant,
667 1000 728 1055 tota
749 996 860 1072 peribit.
892 994 1046 1054 Timebant
1068 999 1143 1056 enim
1212 1033 1214 1038 ·

18 1106 21 1114 “
95 1079 228 1156 pluviam
245 1080 453 1146 imminentem.
495 1080 534 1146 Et
554 1085 700 1163 praecepit
715 1081 796 1142 Prior
810 1081 941 1142 omnibus
955 1083 1004 1157 qui
1017 1083 1058 1144 ire
1073 1099 1144 1158 pose

97 1173 175 1242 sent,
205 1174 241 1236 ut
267 1184 298 1228 se
323 1174 538 1248 praepararent.
580 1167 651 1227 Mox
679 1186 715 1228 ex
736 1169 912 1234 infirmitorio
929 1162 1142 1234 ‘conversorum

66 1314 67 1320 ἵ
94 1253 184 1322 irater
214 1253 330 1330 quidam
355 1255 480 1330 ,simplex
502 1256 622 1330 exiens,
646 1271 686 1315 ex
716 1254 806 1316 multo
828 1255 939 1318 fervore
962 1243 1142 1316 obedientiae

95 1349 169 1410 ,aute
191 1357 290 1406 omnes
312 1342 481 1417 festinabat3
504 1347 620 1401 etcum
641 1345 762 1420 agroin
784 1358 841 1418 quo
860 1344 927 1420 pisa
943 1343 1058 1406 iacebat
1073 1360 1143 1420 pro·

93 1431 280 1512 plasmasset,
308 1427 357 1492 illa
383 1431 487 1487 mirum
515 1430 544 1498 in
571 1428 689 1496 modurn
711 1430 740 1488 in
762 1429 852 1489 oeulis
873 1431 934 1488 eius
951 1446 1007 1506 per
1029 1429 1143 1494 diuersa

16 1507 17 1594 J
93 1516 164 1583 ,looa
192 1532 224 1574 se
251 1513 392 1578 uertebat.
436 1513 522 1591 Quod
544 1516 594 1575 ubi
616 1515 703 1590 vidit,
724 1515 789 1576 Deo
811 1518 918 1594 gratias
940 1533 1029 1592 agens
1051 1515 1143 1576 rediit.

16 1595 17 1616 .
100 1602 155 1662 Cui
181 1603 264 1662 Prior
293 1593 454 1672 occurrens¹
473 1604 528 1672 ait:
558 1601 617 1661 Cur
629 1599 645 1682 ¹)
668 1605 817 1668 reverteris
839 1601 947 1676 irater?
981 1602 1144 1684 Respondit

16 1671 18 1704 ³
90 1689 161 1754 ille:
189 1689 313 1749 Domine
334 1706 392 1748 non
414 1695 458 1748 est
478 1685 651 1756 necassent
671 1689 848 1765 procedatis,
870 1691 937 1764 quia
958 1692 1022 1764 pisa
1043 1690 1142 1770 totali·¹

16 1757 18 1860 ξ
90 1786 237 1854 ¹ter-versa
255 1783 307 1842 est.
337 1775 417 1853 Quis,
433 1777 534 1851 inquit,
550 1779 635 1835 vertit
649 1775 749 1834 illam?
778 1775 982 1852 Respondente
996 1776 1140 1842 humiliter

16 1863 19 1940 f
91 1881 255 1939 abnueras,
276 1863 323 1922 ille
346 1865 395 1939 qui
417 1862 605 1930 benefacere
627 1864 733 1939 potuit;
753 1863 838 1936 Prior
859 1868 891 1921 ut
912 1863 953 1922 ita
975 1879 1037 1923 esse
1060 1881 1143 1923 oom-

17 1945 18 1948 ’
90 1954 187 2030 perit,
219 1967 277 2010 nou
305 1950 416 2024 absque
430 1948 529 2008 multa
550 1948 737 2020 admiratione
756 1967 824 2021 ¹eum
847 1955 990 2008 conventu
1011 1967 1144 2020 reversus

16 2019 18 2076 l
91 2046 152 2100 est.
187 2035 399 2106 ,NOVIOIUSa
423 2034 497 2106 ‚Jarn
523 2053 586 2106 ‚uon
615 2036 730 2112 ambigo
760 2039 830 2112 quin
855 2052 966 2112 ,magna
993 2037 1031 2094 sit
1052 2039 1143 2104 virtus

16 2105 18 2144 ²
91 2124 288 2200 obedientiae,
310 2140 385 2200 quae
406 2129 486 2182 tanto
508 2121 647 2194 miraculo
664 2129 871 2196 remuneratur.
904 2119 1142 2204 MONAGHUSJ
1204 2141 1206 2148 ’

97 2211 179 2272 Sicut
206 2211 288 2276 Deus
315 2211 515 2280 obedientiam
542 2211 573 2280 in
593 2209 753 2287 subiectis,
777 2210 825 2287 ,ita
847 2208 948 2286 ,aslum
976 2209 1142 2290 disciplinae

97 2298 190 2378 diligit
209 2301 239 2358 in
260 2299 422 2376 praelatis.
1045 2295 1048 2302 '

442 2450 677 2526 OAPITULUM
699 2451 792 2526 XVI.

75 2548 144 2637 ‘De
164 2576 277 2652 Sophia
293 2575 452 2636 Abbatissa
471 2578 522 2674 eut
544 2577 639 2646 tenuis
659 2577 784 2635 cambia
803 2590 891 2648 vasu
912 2579 955 2634 est
975 2576 1008 2634 in
1028 2575 1140 2635 obrem

159 2697 195 2756 In
216 2683 387 2778 Hoverme‘)
411 2697 497 2758 domo
519 2695 778 2758 sanctimonialium
806 2695 912 2756 ordinis
932 2696 1036 2771 nostri,
1064 2713 1140 2772 quaa

95 2781 207 2844 ‘Abbati
228 2789 326 2842 nostro
349 2786 502 2843 commissa
524 2790 575 2859 est,
597 2800 672 2843 armo
694 2785 846 2860 praeterito
869 2782 1012 2858 quaedam
1033 2781 1140 2842 Abba·

91 2873 166 2938 ,tissa
189 2868 323 2929 delimate
346 2876 397 2945 est,
418 2871 532 2929 nomine
555 2870 672 2946 Sophia.
704 2870 787 2930 Haec
809 2869 876 2928 tam'
893 2869 1008 2929 fervens
1028 2873 1139 2929 ettam

93 2957 186 3034 rigida
205 2956 259 3016 fuit
279 2957 354 3015 eirea
376 2955 567 3032 disciplinam,
599 2963 631 3015 ut
652 2954 762 3016 sorores
784 2973 871 3032 saepe
892 2957 1039 3031 turbatae,
1060 2955 1139 3031 quod

93 3051 157 3104 eret
177 3045 289 3103 virtutis
310 3045 411 3102 vitium
431 3042 599 3110 iudicarent.
629 3042 706 3103 Huic
727 3042 881 3118 aliquando
901 3045 996 3102 tenuis
1018 3044 1139 3104 cervisia
1247 3065 1248 3072 ¹

93 3124 188 3210 estin
209 3132 309 3196 vinum
331 3146 479 3190 conversa.
515 3128 611 3205 Quam
632 3133 719 3204 etiam
740 3130 859 3208 angelus
872 3129 990 3189 Domini
1012 3129 1138 3206 quadam

91 3225 178 3279 noete
208 3234 275 3278 oum
305 3215 341 3276 de
362 3218 516 3280 ,matutinis
537 3219 648 3292 exiret,
677 3233 743 3277 oum
770 3217 880 3277 laterna
888 3213 909 3296 ⁸)
938 3215 1138 3278 antecedebat.

86 3305 176 3366 'Haeo
205 3303 263 3364 duo
292 3303 430 3370 miracula
458 3305 486 3362 in
516 3304 649 3362 extremis
681 3304 814 3363 contessa
842 3308 887 3364 est
906 3302 1017 3363 Abbati
1037 3310 1136 3366 nostro

87 3393 207 3454 'domino
229 3391 365 3456 Heurieo.
407 3389 464 3451 Hie
486 3407 552 3450 eum
580 3391 735 3450 canonieus
751 3395 835 3464 ‚esset
863 3392 893 3450 in
914 3390 1035 3452 ecelesia
1049 3391 1137 3450 Bon-

68 3534 78 3565 ἣ
101 3579 181 3652 21.)ss
199 3595 256 3632 our
279 3580 335 3632 sic.
353 3607 386 3624 μ-
406 3578 439 3648 2)
456 3562 568 3638 abui?
591 3576 732 3632 uerene.
759 3575 857 3641 ¹llomil.
876 3575 905 3628 11.
917 3592 949 3644 p.
967 3579 999 3630 5:
1014 3573 1136 3648 ,Bautae

117 3654 120 3660 '
159 3651 295 3704 memoriae
307 3648 417 3717 Sophiae
430 3647 630 3702 Abbatissaade
647 3645 918 3716 llovenne‚-tanuis
936 3647 1052 3710 cervisia,
1069 3661 1135 3714 quaa

159 3718 284 3773 morborum
302 3719 334 3772 ab
347 3735 417 3788 aqua
435 3717 719 3782 uiuertbrseonverra
737 3718 819 3776 estin
832 3714 945 3777 riuum-‘⁶
973 3713 1021 3770 Ubi
1039 3714 1133 3768 editura
1196 3741 1201 3748 ¹

159 3799 199 3844 est
216 3789 412 3843 Terouenne.
432 3818 463 3828 -·
483 3789 515 3858 3]
533 3786 578 3842 ΒΡ
595 3787 735 3839 lucerna.
