2622 4322
174 241 236 304 aoo
485 238 713 300 nrsrmcmo
737 237 901 316 Qunam

175 363 278 423 Abbas
313 361 350 421 de
381 362 497 438 speciali
525 379 712 438 praesumens
741 364 881 438 amicitia,
918 377 993 438 quae
1020 367 1117 421 essent
1144 360 1212 421 illae

175 450 383 512 consolationes
397 451 550 524 inquisivit,
571 455 600 508 et
613 446 628 529 ¹)
650 455 683 508 ut
696 450 750 508 sibi
764 449 878 524 diceret,
901 466 967 509 cum
980 449 1070 508 mrdta
1090 465 1211 524 precum

174 539 310 596 instantia
337 536 467 594 obtinuit.
511 536 665 596 Confessus
694 542 738 594 est
760 538 800 612 ei,
830 538 898 612 quia
925 537 1039 611 saepius
1067 538 1097 594 in
1122 535 1211 594 choro

175 631 304 700 tempore
325 622 502 698 psalmodiae
528 622 629 682 beatos
652 622 769 699 angelos
790 622 901 682 videret
922 625 1053 697 circuire,
1081 629 1111 682 et
1131 621 1211 697 quod

176 710 266 770 multo
297 710 350 768 fuit
383 709 582 784 excellentius,
609 711 704 785 ipsum
731 710 842 785 Regem
870 709 1037 786 augelorum
1063 709 1212 769 hominem

178 796 322 856 Christum
347 795 458 856 Jesum.
501 795 703 856 NOVICIUS:
732 795 841 872 Magna
869 797 946 856 dona
979 811 1115 855 concessa
1143 801 1214 854 sunt

175 883 243 943 huic
270 885 374 942 iuveni.
423 881 658 944 MONACHUS:
686 883 725 941 Et
752 886 862 942 merito.
910 883 955 942 Ex
982 899 1039 958 quo
1067 884 1142 942 enim
1171 881 1212 940 ad

178 970 306 1030 ordinem
326 972 413 1045 venit,
433 967 579 1046 nunquam
602 972 663 1029 sine
684 971 840 1030 tentatione
861 970 923 1045 fuit,
943 976 1005 1028 tum
1026 975 1142 1045 propter
1161 969 1213 1027 ni-

175 1060 263 1118 miam
285 1056 459 1116 debilitatem
481 1059 590 1133 capitis,
610 1063 672 1114 tum
690 1059 727 1116 ob
749 1056 920 1116 desiderium
940 1059 1049 1132 patriae
1070 1055 1214 1116 coelestis.

175 1144 337 1221 Flagellum
358 1143 475 1202 Domini
487 1147 516 1202 in
533 1150 613 1202 tanta
633 1146 770 1220 patientia
782 1146 915 1202 sustinuit
922 1140 952 1221 ²),
973 1151 1006 1202 ut
1026 1161 1125 1202 omnes
1147 1144 1213 1202 eius

157 1231 275 1325 ¹iratres
287 1233 464 1289 mirarentur.
506 1229 647 1306 Tempore
669 1231 794 1306 quodam
815 1231 965 1304 Dominus,
987 1233 1036 1306 qui
1055 1233 1214 1290 intentator

177 1323 221 1378 est
241 1313 426 1397 malornm³),
458 1319 578 1394 gratiam
598 1317 794 1392 lacrimarum,
824 1335 910 1393 quam
938 1317 978 1375 illi
999 1319 1114 1394 copiose
1136 1333 1213 1377 con-

176 1404 293 1479 tulerat,
316 1405 465 1482 subtrauit,
486 1403 562 1463 unde
584 1406 653 1462 satie
675 1405 848 1464 tentabatur.
889 1403 1091 1464 NOVICIUS:
1112 1402 1214 1463 Ante-

176 1509 264 1568 quam
274 1488 422 1567 procedas,
443 1506 527 1549 nosse
541 1490 654 1565 vellem,
668 1507 718 1550 our
733 1491 815 1550 Deus
836 1490 999 1550 huiusmodi
1020 1493 1126 1567 gratias
1138 1493 1214 1550 viris

174 1579 256 1637 iustis
287 1577 446 1636 subtrahat.
488 1575 722 1638 MONACHUS:
753 1577 883 1654 Quamor
910 1577 946 1637 de
975 1580 1069 1637 causis
1095 1576 1215 1636 videtur

175 1665 224 1725 illa
252 1666 407 1738 subtractio
435 1663 509 1738 lieri,
537 1681 574 1723 ne
601 1663 735 1724 videlicet
762 1668 854 1742 gratia
882 1663 1048 1726 assiduitate
1072 1663 1213 1740 vilescat3

175 1769 212 1812 nc
240 1769 321 1810 mens
350 1749 386 1810 de
414 1766 468 1810 usu
496 1751 570 1810 illius
599 1753 758 1828 superbiam
787 1757 820 1810 ut
847 1769 913 1810 oum
941 1753 1040 1810 maiori
1067 1749 1213 1810 desiderio

175 1845 337 1914 quaeratur,
361 1843 390 1897 et
410 1843 578 1913 recuperata
599 1836 760 1914 diligentius
783 1839 972 1913 custodiatur3
995 1843 1097 1913 quarta
1119 1854 1215 1898 causa

177 1931 220 1984 cst
241 1925 326 2001 culpa
345 1924 473 1984 venialis.
499 1922 719 2000 novimus:
740 1923 841 2014 Plaqet
853 1925 930 2001 quod
953 1924 1031 1984 dicis.
1072 1921 1213 1984 MONA-

176 2010 292 2072 CHUS:
321 2011 497 2071 Christianus
522 2027 592 2071 vero
621 2009 657 2070 de
685 2013 791 2070 amissa
818 2015 909 2088 gratia
937 2013 1006 2072 satis
1036 2009 1150 2085 dolens,
1182 2017 1215 2071 et

173 2103 300 2175 pcccatis
332 2100 389 2158 suis
424 2098 481 2158 hoc
511 2099 671 2173 imputans,
705 2115 771 2157 cum
799 2097 845 2157 dic
876 2116 912 2160 ac
939 2103 1024 2158 nocte
1051 2115 1103 2175 pro
1131 2096 1212 2158 illius

172 2187 387 2262 rcoraperatione
426 2190 533 2260 oraret,
561 2200 615 2243 neo
653 2183 818 2260 proficeret,
856 2185 1021 2245 recordatus
1057 2188 1100 2244 est
1137 2183 1211 2262 ligni

172 2271 333 2346 Dominici,
368 2271 493 2347 dixitque
529 2273 559 2329 in
598 2273 766 2346 semetipsos
808 2271 840 2331 Si
881 2272 1046 2331 facultatem
1083 2270 1211 2332 haberes

174 2357 358 2420 deosculandi
388 2359 497 2436 lignum
527 2359 698 2434 pretiosum,
733 2359 762 2415 in
791 2375 848 2433 qno
877 2352 1011 2418 Salvator
1037 2359 1211 2434 sanguinem

58 2450 62 2459 ¹
174 2461 258 2505 suum
278 2444 364 2519 fudit,
400 2447 522 2522 gratiam
550 2445 601 2502 tibi
630 2442 792 2503 refunderet
819 2445 1009 2504 lacrimarum.
1052 2445 1117 2504 Tali
1139 2463 1210 2505 sus-

171 2547 277 2608 pensus
292 2530 440 2607 desiderio,
460 2535 489 2590 in
504 2531 629 2606 quadam
643 2530 832 2590 sollemnitate
854 2531 929 2591 dicta
947 2535 1036 2590 missa
1056 2531 1094 2590 ad
1115 2529 1210 2592 altare

173 2621 309 2693 accessit,
336 2636 506 2694 sacrumque
526 2617 635 2694 lignum
657 2617 840 2692 deosculans,
869 2635 935 2677 cum
956 2625 1110 2696 augmento
1133 2619 1209 2679 sub-

118 2767 127 2778 ,
171 2693 320 2786 utram)
353 2708 474 2783 gratiam
492 2707 624 2780 recepit.
666 2702 871 2765 NOVICIUS:
899 2705 984 2765 Duae
1013 2723 1111 2765 cruces
1138 2713 1210 2766 sunt

170 2791 249 2868 apud
270 2809 341 2868 nos3
368 2809 442 2868 quac
464 2792 565 2851 harum
587 2791 670 2849 firerit
692 2789 819 2867 expediri
840 2790 916 2850 volo.
969 2790 1208 2852 MONACHUS:

70 2903 72 2909 ¹
170 2877 239 2953 Illa,
266 2878 296 2936 in
318 2897 376 2954 qua
397 2885 441 2938 est
460 2879 569 2955 lignum
589 2880 662 2954 nigri
683 2877 798 2952 coloris,
827 2895 902 2953 quae
932 2876 967 2937 de
988 2877 1097 2954 Apulia
1117 2881 1208 2940 venit

170 2964 308 3041 Alteram,
329 2983 404 3042 quae
427 2967 509 3025 rubei
530 2964 631 3024 coloris
653 2970 705 3039 est,
725 2963 852 3024 nondum
873 2964 1036 3041 habuimus,
1058 2983 1148 3041 quam
1170 2967 1208 3026 de

170 3053 292 3112 ecclesia
325 3059 442 3112 sanctae
476 3051 601 3126 Sophiae
636 3050 714 3127 apud
748 3049 1024 3126 Constantinopolim
1045 3053 1207 3128 sublatam,

171 3138 289 3198 contulit
301 3141 385 3199 nobis
398 3139 540 3198 Henricus
555 3138 591 3197 de
603 3135 687 3197 Ulme
696 3134 726 3218 ⁸).
768 3136 970 3198 NOVICIUS:
991 3139 1107 3199 Vellem
1117 3141 1206 3215 scire,
1282 3149 1283 3154 ’

103 3239 110 3268 ¹
170 3226 248 3300 quali
276 3223 333 3286 fine
366 3229 409 3285 tir
440 3232 537 3284 tantae
569 3227 678 3302 gratiae
706 3226 871 3302 migraverit
897 3226 934 3284 ab
943 3221 965 3304 ⁶)
994 3225 1051 3285 hoc
1080 3225 1206 3286 saeculo.

169 3310 403 3373 MONACHUS:
426 3312 520 3388 Saepe
549 3329 584 3372 ex
609 3312 741 3370 manibus
763 3313 822 3371 suis
843 3305 985 3371 sentiebat
1005 3319 1066 3372 tam
1088 3331 1205 3374 aroma·

166 3400 256 3459 ticum
276 3400 409 3474 odorem,
437 3405 470 3457 ut
490 3399 653 3474 nudaretur,
682 3405 723 3464 ct,
738 3397 831 3459 dicere
858 3405 957 3474 posset
986 3416 1052 3459 cum
1082 3417 1205 3476 sponsa,

186 3585 216 3654 1)
234 3593 265 3636 et
283 3600 324 3636 om
342 3584 370 3636 C.
390 3614 421 3625 -
440 3583 510 3652 2)·11
536 3584 729 3651 pertulerat.
753 3615 785 3626 -
811 3586 843 3652 3)
859 3585 912 3637 Jao.
931 3586 956 3649 l,
974 3585 1015 3638 13.
1035 3615 1067 3625 -
1085 3587 1119 3653 4)
1137 3585 1203 3639 Ao?

236 3662 428 3722 susceptam.
445 3681 475 3693 -
492 3655 524 3721 5)
534 3654 614 3719 Ulmo,
631 3654 729 3718 lllmcu,
746 3655 859 3720 Ulmeue,
877 3654 975 3719 Olmeu‚
992 3664 1103 3707 castrum
1115 3665 1141 3708 et
1154 3671 1204 3724 op-

150 3776 158 3790 ,
234 3722 346 3789 pidulum
364 3723 459 3776 Eilliac.
495 3723 532 3776 De
554 3724 662 3777 lleurico
688 3724 747 3778 vide
770 3735 797 3778 et
813 3725 900 3779 Gelan.
918 3724 951 3777 de
968 3725 1051 3796 Magn.
1069 3723 1158 3780 Goion
1175 3741 1202 3794 p.
1280 3743 1281 3784 1

234 3791 515 3862 sm-qmm
