2538 4314
86 355 90 366 ¹
179 281 240 344 roo
502 276 732 342 nmrmerro
750 277 900 342 rnnrm

505 459 739 533 cAPITULUM
754 471 886 534 ΙΧΙᾹῙΠ.

178 591 268 672 Quod
287 589 437 670 omsfessor
457 609 520 652 non
542 592 625 652 debet
647 593 683 652 de
703 595 812 669 iynosis
831 595 959 669 peccatis
981 594 1205 670 immmenso

332 679 496 756 exenmlum
518 679 554 739 de
573 683 689 757 oiroine
708 683 742 739 in
761 681 816 740 hoo
837 680 1051 740 scandalizata.

239 833 330 912 Virgo
351 833 494 910 quaedam
515 833 649 911 religioso
675 836 707 894 in
727 834 857 911 partibus
877 835 1054 897 Brabenfiee
1074 831 1207 895 sacerdon
1253 831 1254 838 ’

176 920 292 983 midam
304 921 512 982 confessionem
528 922 603 981 feeit.
638 920 700 998 Ille,
721 925 796 982 siout
814 923 989 998 imprudens,
1009 924 1123 982 incaute
1144 935 1207 980 eoe-

176 1011 219 1086 pit
240 1010 443 1069 conscientiam
476 1011 537 1069 eius
558 1007 669 1085 fodere,
697 1008 806 1084 idest,
836 1008 872 1070 de
895 1007 1069 1086 quibusdem
1088 1007 1207 1085 pereatis

175 1097 289 1172 ignotis,
311 1111 385 1172 quae
397 1111 545 1171 nunquam
557 1094 665 1155 feeerst
685 1095 733 1156 vel
754 1095 891 1173 audieret,
912 1099 1097 1173 interrogare
1133 1093 1208 1171 Quae

175 1199 245 1242 mox
266 1181 301 1242 de
316 1181 423 1242 eisdem
439 1183 565 1257 peccetis
588 1183 683 1258 eoepit
703 1183 815 1258 tentari,
837 1188 866 1242 et
885 1185 915 1241 in
927 1179 944 1263 ¹)
966 1189 1080 1244 tentum
1099 1181 1209 1254 turbari,

176 1274 210 1329 ut
231 1267 338 1328 diceret
358 1268 514 1329 sacerdoti:
535 1267 614 1328 Male
635 1268 744 1329 habeat
764 1275 851 1346 eaput
872 1276 1009 1345 vestrum,
1031 1267 1110 1346 quod
1130 1267 1209 1326 hodie
1253 1275 1254 1312 1

176 1355 281 1416 fecistis
301 1355 372 1414 mihi
392 1355 495 1414 horum
515 1357 698 1414 mentionem.
739 1355 793 1431 Et,
823 1357 899 1416 sieut
918 1356 1000 1416 adteri
1020 1361 1124 1432 postea
1144 1370 1209 1414 oon-

176 1442 254 1502 iesse
282 1448 327 1502 est
344 1441 510 1517 ‚sacerdoti,
537 1459 596 1501 non
628 1444 689 1501 sine
716 1445 849 1502 maximis
874 1442 1023 1504 laboribus
1047 1443 1088 1502 ab
1111 1441 1211 1502 eisdem

176 1531 304 1606 peccatis
338 1526 397 1608 se²)
428 1531 575 1588 continuio
624 1529 671 1588 Ito
701 1527 852 1589 fodiendus
880 1536 924 1590 est
950 1531 1061 1606 peries,
1093 1545 1131 1588 ns
1161 1527 1210 1586 do·

176 1633 241 1676 mus
280 1615 441 1691 deiiciatur,
479 1617 520 1676 sio
550 1615 714 1691 quaerenda
722 1611 743 1695 ³)
771 1615 850 1676 idola
880 1617 935 1677 sub
965 1617 1146 1691 stramentis,
1183 1618 1212 1672 ut
1253 1621 1254 1646 ³

176 1701 395 1762 tabernaculum
421 1720 480 1762 non
502 1709 654 1762 evertetur.
706 1701 804 1763 Debet
825 1708 923 1763 temen
955 1703 1103 1763 ooniessor
1132 1699 1211 1762 valde
1253 1727 1254 1756 ι

178 1807 242 1850 esse
263 1788 400 1849 sollicitus
417 1788 453 1848 de
474 1791 600 1866 pereatis
621 1790 676 1848 sibi
699 1792 930 1864 commissorum,
953 1805 1063 1867 eosque
1085 1787 1124 1852 ad
1145 1804 1212 1850 eon·
1253 1793 1254 1830 i

176 1875 329 1938 sessionem
349 1891 507 1952 provocare
528 1881 600 1936 tom
610 1871 732 1957 verbo)
755 1893 843 1954 quam
865 1876 1005 1954 exemplo·
1178 1881 1182 1896 ¹
1253 1879 1254 1894 ¹

503 2168 737 2232 CAPITULUM
757 2169 899 2232 vam.

138 2389 140 2393 Ι
192 2309 241 2369 De
262 2306 385 2384 Abbote,
406 2312 459 2386 qui
480 2310 608 2370 olterm
628 2308 774 2369 Abbotsm
796 2327 851 2370 suo
873 2305 1005 2386 somerio
1025 2309 1199 2386 provocavit

250 2443 253 2450 ,
556 2397 598 2456 od
618 2396 860 2473 confessiorem,
1253 2403 1254 2436 ὲ

242 2549 347 2610 Abbas
369 2545 604 2625 quidamordinis
624 2551 715 2611 nostri
732 2553 805 2612 seire
825 2549 927 2612 rolens
948 2553 1157 2612 eonscieniinm
1176 2533 1254 2609 si-

178 2637 267 2698 ierius
289 2637 438 2698 cuiusdam
457 2636 583 2700 Abbatis
603 2637 654 2696 filii
682 2640 742 2714 sui,
774 2640 848 2698 sicui
869 2638 907 2698 ab
937 2641 999 2699 eius
1028 2655 1080 2700 ore
1109 2636 1254 2709 audivi,
1253 2675 1254 2710 e

178 2723 341 2803 generalem
368 2724 409 2783 illi
441 2724 478 2784 de
509 2727 636 2800 peeostis
665 2727 724 2784 suis
752 2725 819 2785 fecii
847 2725 1064 2786 confessionem.
1108 2721 1218 2784 Deinde
1253 2737 1254 2822 ι

179 2812 264 2872 dixit.
291 2812 417 2872 Domine
437 2809 557 2886 Abbas,
578 2813 603 2871 si
623 2827 677 2871 vos
698 2811 808 2888 aliquid
827 2811 914 2872 vultis
936 2812 1046 2887 dicere,
1067 2804 1254 2887 libenter)

179 2898 303 2959 audiam.
338 2896 558 2958 Verecundatns
579 2897 635 2973 ille,
647 2897 794 2958 consessus
809 2904 852 2958 esi
874 2901 900 2958 ei
912 2916 998 2959 versa
1013 2901 1079 2958 viee
1101 2901 1254 2992 peccate

179 3001 233 3044 sue
245 2990 345 3045 eontra
366 2987 551 3062 propositum,
572 2991 745 3059 provocatus
766 2985 840 3044 illius
862 2985 994 3062 exemplo
1015 2987 1113 3062 magis
1136 3000 1220 3061 quem

179 3071 279 3132 verbo.
332 3071 398 3131 Non
425 3074 501 3131 enim
529 3073 680 3131 tenebatur
708 3074 734 3132 ei
762 3071 898 3132 confiteri.
947 3070 1155 3134 NOVIGIUS:
1183 3063 1254 3129 Ut

179 3157 280 3233 video,
307 3158 458 3234 prudentia
487 3158 697 3218 confessoribus
718 3143 786 3219 satis
808 3165 853 3218 est
872 3160 1042 3219 necessarie.
1087 3156 1254 3220 MONA-

182 3243 299 3306 OHUS.
327 3244 393 3305 Hoo
419 3245 579 3320 amplius'
571 3263 601 3303 m
630 3246 759 3305 subiecto
788 3247 925 3324 probabis
949 3243 1093 3322 exemplo.
1140 3223 1254 3323 Quod

181 3337 278 3392 autem
293 3331 419 3394 dictums
436 3349 509 3408 sum,
527 3331 613 3392 didici
634 3349 652 3391 a
673 3332 799 3408 quodem
820 3332 977 3394 venerabili
988 3333 1145 3400 sacerdote
1167 3321 1254 3410 ei⁶)

180 3419 279 3479 Priore
301 3418 407 3479 ordinis
428 3418 727 3480 Prasmonstratensis
1253 3447 1254 3462 ι

200 3707 281 3776 1)in
306 3705 355 3758 odd
378 3705 479 3762 BC.-
507 3707 540 3777 2)
566 3707 588 3760 D
615 3723 649 3760 se
673 3708 833 3777 peccetis.
853 3737 885 3751 -
912 3710 945 3779 3)
962 3708 1002 3763 GP
1020 3663 1254 3780 qneorends

251 3784 385 3828 sont.-
412 3775 913 3856 4)Bdeverbo‚Pverbis.-
941 3779 1254 3866 5)Gegolibsn·

251 3853 362 3898 m.-
331 3845 570 3915 ·-.6]etomil
