<?xml version="1.0" encoding="UTF-8"?>
<!DOCTYPE html PUBLIC "-//W3C//DTD XHTML 1.0 Transitional//EN"
    "http://www.w3.org/TR/xhtml1/DTD/xhtml1-transitional.dtd">
<html xmlns="http://www.w3.org/1999/xhtml" xml:lang="en" lang="en">
 <head>
  <title>
</title>
<meta http-equiv="Content-Type" content="text/html;charset=utf-8" />
  <meta name='ocr-system' content='tesseract 3.04.00' />
  <meta name='ocr-capabilities' content='ocr_page ocr_carea ocr_par ocr_line ocrx_word'/>
</head>
<body>
  <div class='ocr_page' id='page_1' title='image "./caesariiheister05stragoog/caesariiheister05stragoog_0385.png"; bbox 0 0 2642 4330; ppageno 0'>
   <div class='ocr_carea' id='block_1_1' title="bbox 179 297 903 385">
    <p class='ocr_par' dir='ltr' id='par_1_1' title="bbox 179 297 903 385">
     <span class='ocr_line' id='line_1_1' title="bbox 179 297 903 385; baseline -0.004 -25"><span class='ocrx_word' id='word_1_1' title='bbox 179 303 242 361; x_wconf 81' lang='lat' dir='ltr'>aro</span> <span class='ocrx_word' id='word_1_2' title='bbox 501 297 730 361; x_wconf 76' lang='lat' dir='ltr'>ursunicruo</span> <span class='ocrx_word' id='word_1_3' title='bbox 759 297 903 385; x_wconf 63' lang='lat' dir='ltr'>sanun,</span> 
     </span>
    </p>
   </div>
   <div class='ocr_carea' id='block_1_2' title="bbox 149 418 1297 1802">
    <p class='ocr_par' dir='ltr' id='par_1_2' title="bbox 180 418 1216 759">
     <span class='ocr_line' id='line_1_2' title="bbox 180 418 1215 500; baseline -0.003 -17"><span class='ocrx_word' id='word_1_4' title='bbox 180 425 274 500; x_wconf 88' lang='lat' dir='ltr'>posito</span> <span class='ocrx_word' id='word_1_5' title='bbox 297 439 331 482; x_wconf 93' lang='lat' dir='ltr'>eo</span> <span class='ocrx_word' id='word_1_6' title='bbox 353 418 511 498; x_wconf 86' lang='lat' dir='ltr'>inagonia,</span> <span class='ocrx_word' id='word_1_7' title='bbox 533 421 665 482; x_wconf 86' lang='lat' dir='ltr'>diabolus</span> <span class='ocrx_word' id='word_1_8' title='bbox 686 421 776 496; x_wconf 85' lang='lat' dir='ltr'>affuit,</span> <span class='ocrx_word' id='word_1_9' title='bbox 798 429 827 482; x_wconf 88' lang='lat' dir='ltr'>et</span> <span class='ocrx_word' id='word_1_10' title='bbox 848 420 933 480; x_wconf 82' lang='lat' dir='ltr'>acum</span> <span class='ocrx_word' id='word_1_11' title='bbox 953 421 1081 497; x_wconf 75' lang='lat' dir='ltr'>igmiam</span> <span class='ocrx_word' id='word_1_12' title='bbox 1101 419 1140 479; x_wconf 88' lang='lat' dir='ltr'>ad</span> <span class='ocrx_word' id='word_1_13' title='bbox 1160 419 1215 480; x_wconf 90' lang='lat' dir='ltr'>hu-</span> 
     </span>
     <span class='ocr_line' id='line_1_3' title="bbox 181 506 1215 588; baseline -0.003 -18"><span class='ocrx_word' id='word_1_14' title='bbox 181 514 258 570; x_wconf 85' lang='lat' dir='ltr'>mani</span> <span class='ocrx_word' id='word_1_15' title='bbox 280 512 406 585; x_wconf 88' lang='lat' dir='ltr'>corporis</span> <span class='ocrx_word' id='word_1_16' title='bbox 428 509 650 586; x_wconf 84' lang='lat' dir='ltr'>longitudinem,</span> <span class='ocrx_word' id='word_1_17' title='bbox 682 527 770 568; x_wconf 87' lang='lat' dir='ltr'>manu</span> <span class='ocrx_word' id='word_1_18' title='bbox 783 506 799 588; x_wconf 82' lang='lat'>¹)</span> <span class='ocrx_word' id='word_1_19' title='bbox 820 510 928 581; x_wconf 88' lang='lat' dir='ltr'>ferens,</span> <span class='ocrx_word' id='word_1_20' title='bbox 948 509 1015 566; x_wconf 90' lang='lat' dir='ltr'>iecit</span> <span class='ocrx_word' id='word_1_21' title='bbox 1034 525 1119 583; x_wconf 89' lang='lat' dir='ltr'>super</span> <span class='ocrx_word' id='word_1_22' title='bbox 1138 509 1215 567; x_wconf 91' lang='lat' dir='ltr'>illum</span> 
     </span>
     <span class='ocr_line' id='line_1_4' title="bbox 181 594 1216 674; baseline -0.003 -17"><span class='ocrx_word' id='word_1_23' title='bbox 181 598 294 658; x_wconf 88' lang='lat' dir='ltr'>dicens:</span> <span class='ocrx_word' id='word_1_24' title='bbox 324 597 399 674; x_wconf 83' lang='lat' dir='ltr'><strong>Quia</strong></span> <span class='ocrx_word' id='word_1_25' title='bbox 426 615 512 656; x_wconf 88' lang='lat' dir='ltr'>acum</span> <span class='ocrx_word' id='word_1_26' title='bbox 533 597 648 654; x_wconf 89' lang='lat' dir='ltr'>noluisti</span> <span class='ocrx_word' id='word_1_27' title='bbox 673 603 788 671; x_wconf 89' lang='lat' dir='ltr'>portare</span> <span class='ocrx_word' id='word_1_28' title='bbox 810 613 910 669; x_wconf 91' lang='lat' dir='ltr'>sanus,</span> <span class='ocrx_word' id='word_1_29' title='bbox 942 595 1016 654; x_wconf 89' lang='lat' dir='ltr'>seras</span> <span class='ocrx_word' id='word_1_30' title='bbox 1037 594 1111 654; x_wconf 90' lang='lat' dir='ltr'>hanc</span> <span class='ocrx_word' id='word_1_31' title='bbox 1133 613 1216 654; x_wconf 88' lang='lat' dir='ltr'>acum</span> 
     </span>
     <span class='ocr_line' id='line_1_5' title="bbox 181 682 1216 759; baseline -0.005 -15"><span class='ocrx_word' id='word_1_32' title='bbox 181 688 343 744; x_wconf 89' lang='lat' dir='ltr'>moriturus.</span> <span class='ocrx_word' id='word_1_33' title='bbox 397 683 453 759; x_wconf 83' lang='lat' dir='ltr'>Qui</span> <span class='ocrx_word' id='word_1_34' title='bbox 486 687 581 742; x_wconf 92' lang='lat' dir='ltr'>visum</span> <span class='ocrx_word' id='word_1_35' title='bbox 613 684 773 742; x_wconf 86' lang='lat' dir='ltr'>astantibus</span> <span class='ocrx_word' id='word_1_36' title='bbox 805 682 945 756; x_wconf 88' lang='lat' dir='ltr'>reserens,</span> <span class='ocrx_word' id='word_1_37' title='bbox 979 684 1077 741; x_wconf 86' lang='lat' dir='ltr'>terruit</span> <span class='ocrx_word' id='word_1_38' title='bbox 1109 699 1216 742; x_wconf 88' lang='lat' dir='ltr'>omnes.</span> 
     </span>
    </p>

    <p class='ocr_par' dir='ltr' id='par_1_3' title="bbox 149 768 1297 1802">
     <span class='ocr_line' id='line_1_6' title="bbox 149 768 1216 843; baseline -0.004 -13"><span class='ocrx_word' id='word_1_39' title='bbox 149 811 151 820; x_wconf 69' lang='lat'>.</span> <span class='ocrx_word' id='word_1_40' title='bbox 182 770 383 831; x_wconf 80' lang='lat' dir='ltr'>NOVICIUS:</span> <span class='ocrx_word' id='word_1_41' title='bbox 406 771 437 830; x_wconf 87' lang='lat' dir='ltr'>Si</span> <span class='ocrx_word' id='word_1_42' title='bbox 463 771 536 830; x_wconf 88' lang='lat' dir='ltr'>haec</span> <span class='ocrx_word' id='word_1_43' title='bbox 558 773 598 828; x_wconf 84' lang='lat' dir='ltr'>its</span> <span class='ocrx_word' id='word_1_44' title='bbox 618 787 650 828; x_wconf 91' lang='lat' dir='ltr'>se</span> <span class='ocrx_word' id='word_1_45' title='bbox 672 770 795 843; x_wconf 89' lang='lat' dir='ltr'>habent,</span> <span class='ocrx_word' id='word_1_46' title='bbox 824 768 861 828; x_wconf 91' lang='lat' dir='ltr'>de</span> <span class='ocrx_word' id='word_1_47' title='bbox 884 776 979 828; x_wconf 88' lang='lat' dir='ltr'>cetero</span> <span class='ocrx_word' id='word_1_48' title='bbox 1001 772 1061 828; x_wconf 88' lang='lat' dir='ltr'>sine</span> <span class='ocrx_word' id='word_1_49' title='bbox 1083 787 1139 828; x_wconf 90' lang='lat' dir='ltr'>acu</span> <span class='ocrx_word' id='word_1_50' title='bbox 1159 785 1216 828; x_wconf 93' lang='lat' dir='ltr'>non</span> 
     </span>
     <span class='ocr_line' id='line_1_7' title="bbox 182 855 1297 931; baseline -0.002 -15"><span class='ocrx_word' id='word_1_51' title='bbox 182 875 240 917; x_wconf 87' lang='lat' dir='ltr'>ero.</span> <span class='ocrx_word' id='word_1_52' title='bbox 283 855 518 918; x_wconf 82' lang='lat' dir='ltr'><strong>MONAOHUS:</strong></span> <span class='ocrx_word' id='word_1_53' title='bbox 539 856 709 930; x_wconf 80' lang='lat' dir='ltr'>Monachus,</span> <span class='ocrx_word' id='word_1_54' title='bbox 730 857 785 914; x_wconf 87' lang='lat' dir='ltr'>nisi</span> <span class='ocrx_word' id='word_1_55' title='bbox 813 859 968 915; x_wconf 83' lang='lat' dir='ltr'><strong>necessitas</strong></span> <span class='ocrx_word' id='word_1_56' title='bbox 995 855 1135 931; x_wconf 80' lang='lat' dir='ltr'>excludat,</span> <span class='ocrx_word' id='word_1_57' title='bbox 1156 857 1216 916; x_wconf 91' lang='lat' dir='ltr'>sine</span> <span class='ocrx_word' id='word_1_58' title='bbox 1296 873 1297 898; x_wconf 60' lang='lat'>¹</span> 
     </span>
     <span class='ocr_line' id='line_1_8' title="bbox 181 941 1217 1020; baseline -0.001 -18"><span class='ocrx_word' id='word_1_59' title='bbox 181 944 357 1020; x_wconf 81' lang='lat' dir='ltr'>plenitudine</span> <span class='ocrx_word' id='word_1_60' title='bbox 385 944 490 1004; x_wconf 81' lang='lat' dir='ltr'>ordinis</span> <span class='ocrx_word' id='word_1_61' title='bbox 519 961 581 1004; x_wconf 89' lang='lat' dir='ltr'>esse</span> <span class='ocrx_word' id='word_1_62' title='bbox 610 961 667 1003; x_wconf 92' lang='lat' dir='ltr'>non</span> <span class='ocrx_word' id='word_1_63' title='bbox 697 943 792 1002; x_wconf 90' lang='lat' dir='ltr'>debet.</span> <span class='ocrx_word' id='word_1_64' title='bbox 842 941 1043 1002; x_wconf 80' lang='lat' dir='ltr'>NOVICIUS=</span> <span class='ocrx_word' id='word_1_65' title='bbox 1071 943 1217 1003; x_wconf 90' lang='lat' dir='ltr'>Recordor</span> 
     </span>
     <span class='ocr_line' id='line_1_9' title="bbox 180 1029 1217 1106; baseline -0.002 -15"><span class='ocrx_word' id='word_1_66' title='bbox 180 1032 386 1091; x_wconf 87' lang='lat' dir='ltr'>monachorum</span> <span class='ocrx_word' id='word_1_67' title='bbox 407 1031 643 1106; x_wconf 87' lang='lat' dir='ltr'>supradictorum,</span> <span class='ocrx_word' id='word_1_68' title='bbox 667 1033 716 1105; x_wconf 90' lang='lat' dir='ltr'>qui</span> <span class='ocrx_word' id='word_1_69' title='bbox 736 1046 788 1104; x_wconf 94' lang='lat' dir='ltr'>pro</span> <span class='ocrx_word' id='word_1_70' title='bbox 797 1031 933 1094; x_wconf 71' lang='lat' dir='ltr'>,abbatiis</span> <span class='ocrx_word' id='word_1_71' title='bbox 954 1029 1144 1105; x_wconf 85' lang='lat' dir='ltr'>adipiscendis</span> <span class='ocrx_word' id='word_1_72' title='bbox 1164 1047 1217 1106; x_wconf 95' lang='lat' dir='ltr'>pe-</span> 
     </span>
     <span class='ocr_line' id='line_1_10' title="bbox 182 1115 1297 1196; baseline -0.004 -18"><span class='ocrx_word' id='word_1_73' title='bbox 182 1122 280 1178; x_wconf 89' lang='lat' dir='ltr'>cunias</span> <span class='ocrx_word' id='word_1_74' title='bbox 309 1118 481 1177; x_wconf 87' lang='lat' dir='ltr'>obtulerunt.</span> <span class='ocrx_word' id='word_1_75' title='bbox 522 1115 719 1196; x_wconf 82' lang='lat' dir='ltr'>Possuntne²)</span> <span class='ocrx_word' id='word_1_76' title='bbox 741 1117 873 1176; x_wconf 88' lang='lat' dir='ltr'>monachi</span> <span class='ocrx_word' id='word_1_77' title='bbox 903 1117 1008 1176; x_wconf 80' lang='lat' dir='ltr'>ordinis</span> <span class='ocrx_word' id='word_1_78' title='bbox 1036 1119 1140 1191; x_wconf 82' lang='lat' dir='ltr'>nosui,</span> <span class='ocrx_word' id='word_1_79' title='bbox 1169 1119 1216 1192; x_wconf 88' lang='lat' dir='ltr'>qui</span> <span class='ocrx_word' id='word_1_80' title='bbox 1296 1165 1297 1174; x_wconf 70' lang='grc'>,</span> 
     </span>
     <span class='ocr_line' id='line_1_11' title="bbox 182 1201 1215 1283; baseline -0.002 -19"><span class='ocrx_word' id='word_1_81' title='bbox 182 1208 318 1281; x_wconf 85' lang='lat' dir='ltr'>pecunias</span> <span class='ocrx_word' id='word_1_82' title='bbox 342 1222 401 1264; x_wconf 90' lang='lat' dir='ltr'>non</span> <span class='ocrx_word' id='word_1_83' title='bbox 422 1204 545 1278; x_wconf 90' lang='lat' dir='ltr'>habent,</span> <span class='ocrx_word' id='word_1_84' title='bbox 573 1206 602 1262; x_wconf 91' lang='lat' dir='ltr'>in</span> <span class='ocrx_word' id='word_1_85' title='bbox 623 1204 729 1264; x_wconf 85' lang='lat' dir='ltr'>talibus</span> <span class='ocrx_word' id='word_1_86' title='bbox 750 1206 895 1279; x_wconf 84' lang='lat' dir='ltr'>symoniae</span> <span class='ocrx_word' id='word_1_87' title='bbox 904 1201 925 1283; x_wconf 80' lang='lat'>³)</span> <span class='ocrx_word' id='word_1_88' title='bbox 947 1203 1062 1264; x_wconf 77' lang='lat' dir='ltr'>iacere?</span> <span class='ocrx_word' id='word_1_89' title='bbox 1084 1203 1215 1263; x_wconf 88' lang='lat' dir='ltr'><strong>MONA-</strong></span> 
     </span>
     <span class='ocr_line' id='line_1_12' title="bbox 183 1291 1297 1367; baseline -0.002 -16"><span class='ocrx_word' id='word_1_90' title='bbox 183 1292 300 1352; x_wconf 83' lang='lat' dir='ltr'>CHUS:</span> <span class='ocrx_word' id='word_1_91' title='bbox 329 1291 455 1350; x_wconf 85' lang='lat' dir='ltr'>Possunt</span> <span class='ocrx_word' id='word_1_92' title='bbox 475 1293 589 1364; x_wconf 89' lang='lat' dir='ltr'>utique,</span> <span class='ocrx_word' id='word_1_93' title='bbox 618 1293 685 1366; x_wconf 89' lang='lat' dir='ltr'>quia</span> <span class='ocrx_word' id='word_1_94' title='bbox 713 1293 788 1350; x_wconf 90' lang='lat' dir='ltr'>sicut</span> <span class='ocrx_word' id='word_1_95' title='bbox 815 1293 947 1367; x_wconf 85' lang='lat' dir='ltr'>symonia</span> <span class='ocrx_word' id='word_1_96' title='bbox 976 1297 1019 1349; x_wconf 91' lang='lat' dir='ltr'>est</span> <span class='ocrx_word' id='word_1_97' title='bbox 1048 1291 1215 1366; x_wconf 84' lang='lat' dir='ltr'>corporalis,</span> <span class='ocrx_word' id='word_1_98' title='bbox 1246 1319 1249 1330; x_wconf 93' lang='lat'>·</span> <span class='ocrx_word' id='word_1_99' title='bbox 1296 1295 1297 1302; x_wconf 76' lang='grc'>’</span> 
     </span>
     <span class='ocr_line' id='line_1_13' title="bbox 181 1376 1215 1454; baseline -0.003 -17"><span class='ocrx_word' id='word_1_100' title='bbox 181 1383 221 1438; x_wconf 87' lang='lat' dir='ltr'>ita</span> <span class='ocrx_word' id='word_1_101' title='bbox 244 1387 272 1438; x_wconf 90' lang='lat' dir='ltr'>et</span> <span class='ocrx_word' id='word_1_102' title='bbox 293 1379 434 1440; x_wconf 88' lang='lat' dir='ltr'>mentalis.</span> <span class='ocrx_word' id='word_1_103' title='bbox 476 1376 559 1436; x_wconf 89' lang='lat' dir='ltr'>Haec</span> <span class='ocrx_word' id='word_1_104' title='bbox 582 1377 650 1436; x_wconf 85' lang='lat' dir='ltr'>lacit</span> <span class='ocrx_word' id='word_1_105' title='bbox 670 1384 704 1440; x_wconf 90' lang='lat' dir='ltr'>ut</span> <span class='ocrx_word' id='word_1_106' title='bbox 724 1378 882 1436; x_wconf 90' lang='lat' dir='ltr'>monachus</span> <span class='ocrx_word' id='word_1_107' title='bbox 906 1377 944 1436; x_wconf 88' lang='lat' dir='ltr'>ad</span> <span class='ocrx_word' id='word_1_108' title='bbox 966 1377 1118 1454; x_wconf 87' lang='lat' dir='ltr'>dignitates</span> <span class='ocrx_word' id='word_1_109' title='bbox 1139 1379 1215 1454; x_wconf 90' lang='lat' dir='ltr'>aspi-</span> 
     </span>
     <span class='ocr_line' id='line_1_14' title="bbox 182 1461 1297 1544; baseline -0.004 -19"><span class='ocrx_word' id='word_1_110' title='bbox 182 1473 240 1540; x_wconf 87' lang='lat' dir='ltr'>ret,</span> <span class='ocrx_word' id='word_1_111' title='bbox 268 1473 298 1525; x_wconf 91' lang='lat' dir='ltr'>et</span> <span class='ocrx_word' id='word_1_112' title='bbox 328 1464 448 1540; x_wconf 90' lang='lat' dir='ltr'>qualiter</span> <span class='ocrx_word' id='word_1_113' title='bbox 475 1461 651 1544; x_wconf 67' lang='lat' dir='ltr'>adimplent)</span> <span class='ocrx_word' id='word_1_114' title='bbox 681 1467 786 1539; x_wconf 85' lang='lat' dir='ltr'>possit,</span> <span class='ocrx_word' id='word_1_115' title='bbox 813 1465 961 1540; x_wconf 90' lang='lat' dir='ltr'>diligenter</span> <span class='ocrx_word' id='word_1_116' title='bbox 983 1467 1146 1541; x_wconf 83' lang='lat' dir='ltr'>excogitet,</span> <span class='ocrx_word' id='word_1_117' title='bbox 1171 1464 1216 1523; x_wconf 89' lang='lat' dir='ltr'>vel</span> <span class='ocrx_word' id='word_1_118' title='bbox 1296 1495 1297 1500; x_wconf 21' lang='grc' dir='ltr'><strong>κ</strong></span> 
     </span>
     <span class='ocr_line' id='line_1_15' title="bbox 182 1548 1216 1630; baseline -0.002 -20"><span class='ocrx_word' id='word_1_119' title='bbox 182 1552 261 1628; x_wconf 90' lang='lat' dir='ltr'>quod</span> <span class='ocrx_word' id='word_1_120' title='bbox 273 1552 457 1628; x_wconf 83' lang='lat' dir='ltr'>periculosius</span> <span class='ocrx_word' id='word_1_121' title='bbox 471 1559 522 1627; x_wconf 92' lang='lat' dir='ltr'>est,</span> <span class='ocrx_word' id='word_1_122' title='bbox 543 1559 575 1609; x_wconf 92' lang='lat' dir='ltr'>ut</span> <span class='ocrx_word' id='word_1_123' title='bbox 595 1551 654 1626; x_wconf 87' lang='lat' dir='ltr'>fiat,</span> <span class='ocrx_word' id='word_1_124' title='bbox 674 1548 1003 1630; x_wconf 73' lang='lat' dir='ltr'>ingenioseprocuret⁵).</span> <span class='ocrx_word' id='word_1_125' title='bbox 1034 1551 1081 1611; x_wconf 91' lang='lat' dir='ltr'>De</span> <span class='ocrx_word' id='word_1_126' title='bbox 1100 1552 1155 1611; x_wconf 90' lang='lat' dir='ltr'>hoc</span> <span class='ocrx_word' id='word_1_127' title='bbox 1167 1551 1216 1610; x_wconf 89' lang='lat' dir='ltr'>tibi</span> 
     </span>
     <span class='ocr_line' id='line_1_16' title="bbox 181 1637 1297 1715; baseline -0.002 -17"><span class='ocrx_word' id='word_1_128' title='bbox 181 1640 301 1698; x_wconf 84' lang='lat' dir='ltr'>reseram</span> <span class='ocrx_word' id='word_1_129' title='bbox 323 1639 500 1715; x_wconf 84' lang='lat' dir='ltr'>exemplum,</span> <span class='ocrx_word' id='word_1_130' title='bbox 534 1639 611 1714; x_wconf 88' lang='lat' dir='ltr'>quod</span> <span class='ocrx_word' id='word_1_131' title='bbox 632 1639 716 1697; x_wconf 92' lang='lat' dir='ltr'>nobis</span> <span class='ocrx_word' id='word_1_132' title='bbox 736 1638 833 1698; x_wconf 90' lang='lat' dir='ltr'>retulit</span> <span class='ocrx_word' id='word_1_133' title='bbox 851 1639 985 1698; x_wconf 71' lang='lat' dir='ltr'>&#39;dominus</span> <span class='ocrx_word' id='word_1_134' title='bbox 1005 1639 1132 1698; x_wconf 89' lang='lat' dir='ltr'>Karolus</span> <span class='ocrx_word' id='word_1_135' title='bbox 1152 1637 1215 1697; x_wconf 85' lang='lat' dir='ltr'>Ab·</span> <span class='ocrx_word' id='word_1_136' title='bbox 1296 1671 1297 1678; x_wconf 65' lang='lat'>.</span> 
     </span>
     <span class='ocr_line' id='line_1_17' title="bbox 182 1727 1269 1802; baseline -0.001 -18"><span class='ocrx_word' id='word_1_137' title='bbox 182 1727 235 1784; x_wconf 87' lang='lat' dir='ltr'>bas</span> <span class='ocrx_word' id='word_1_138' title='bbox 257 1727 432 1801; x_wconf 72' lang='lat' dir='ltr'>vitriensis,</span> <span class='ocrx_word' id='word_1_139' title='bbox 453 1732 521 1785; x_wconf 89' lang='lat' dir='ltr'>tunc</span> <span class='ocrx_word' id='word_1_140' title='bbox 542 1732 670 1786; x_wconf 87' lang='lat' dir='ltr'>recenter</span> <span class='ocrx_word' id='word_1_141' title='bbox 691 1733 813 1802; x_wconf 90' lang='lat' dir='ltr'>gestum.</span> <span class='ocrx_word' id='word_1_142' title='bbox 1266 1729 1269 1735; x_wconf 85' lang='lat'>&#39;</span> 
     </span>
    </p>
   </div>
   <div class='ocr_carea' id='block_1_3' title="bbox 494 1877 908 1996">
    <p class='ocr_par' dir='ltr' id='par_1_4' title="bbox 494 1877 908 1996">
     <span class='ocr_line' id='line_1_18' title="bbox 494 1877 908 1996; baseline 0 -22"><span class='ocrx_word' id='word_1_143' title='bbox 494 1877 727 1976; x_wconf 79' lang='lat' dir='ltr'>cnrruunuu</span> <span class='ocrx_word' id='word_1_144' title='bbox 754 1913 908 1996; x_wconf 62' lang='lat' dir='ltr'>xvurn)</span> 
     </span>
    </p>
   </div>
   <div class='ocr_carea' id='block_1_4' title="bbox 221 2008 1297 2202">
    <p class='ocr_par' dir='ltr' id='par_1_5' title="bbox 221 2008 1297 2202">
     <span class='ocr_line' id='line_1_19' title="bbox 221 2008 1297 2116; baseline -0.002 -17"><span class='ocrx_word' id='word_1_145' title='bbox 221 2041 269 2099; x_wconf 88' lang='lat' dir='ltr'>Dc</span> <span class='ocrx_word' id='word_1_146' title='bbox 290 2037 412 2112; x_wconf 84' lang='lat' dir='ltr'>Abbate,</span> <span class='ocrx_word' id='word_1_147' title='bbox 435 2057 522 2114; x_wconf 83' lang='lat' dir='ltr'>quem</span> <span class='ocrx_word' id='word_1_148' title='bbox 543 2039 658 2097; x_wconf 83' lang='lat' dir='ltr'>inclusa</span> <span class='ocrx_word' id='word_1_149' title='bbox 679 2008 846 2116; x_wconf 74' lang='lat' dir='ltr'>symoniace</span> <span class='ocrx_word' id='word_1_150' title='bbox 867 2041 993 2098; x_wconf 77' lang='lat' dir='ltr'>intrasse</span> <span class='ocrx_word' id='word_1_151' title='bbox 1015 2039 1139 2114; x_wconf 71' lang='lat' dir='ltr'>ductat,</span> <span class='ocrx_word' id='word_1_152' title='bbox 1160 2056 1193 2098; x_wconf 83' lang='lat' dir='ltr'>eo</span> <span class='ocrx_word' id='word_1_153' title='bbox 1296 2053 1297 2056; x_wconf 73' lang='grc'>’</span> 
     </span>
     <span class='ocr_line' id='line_1_20' title="bbox 349 2120 1060 2202; baseline 0 -17"><span class='ocrx_word' id='word_1_154' title='bbox 349 2127 431 2202; x_wconf 83' lang='lat' dir='ltr'>quod</span> <span class='ocrx_word' id='word_1_155' title='bbox 452 2127 617 2185; x_wconf 83' lang='lat' dir='ltr'>electionem</span> <span class='ocrx_word' id='word_1_156' title='bbox 639 2143 726 2184; x_wconf 85' lang='lat' dir='ltr'>suum</span> <span class='ocrx_word' id='word_1_157' title='bbox 749 2120 1060 2200; x_wconf 75' lang='lat' dir='ltr'>astuie‘proournsset.</span> 
     </span>
    </p>
   </div>
   <div class='ocr_carea' id='block_1_5' title="bbox 106 2249 1297 3556">
    <p class='ocr_par' dir='ltr' id='par_1_6' title="bbox 106 2249 1297 3556">
     <span class='ocr_line' id='line_1_21' title="bbox 141 2249 1297 2341; baseline -0.004 -15"><span class='ocrx_word' id='word_1_158' title='bbox 141 2249 145 2260; x_wconf 47' lang='lat'><strong>¹</strong></span> <span class='ocrx_word' id='word_1_159' title='bbox 248 2266 350 2325; x_wconf 83' lang='lat' dir='ltr'>Abbas</span> <span class='ocrx_word' id='word_1_160' title='bbox 372 2266 488 2341; x_wconf 87' lang='lat' dir='ltr'>quidam</span> <span class='ocrx_word' id='word_1_161' title='bbox 510 2265 548 2324; x_wconf 88' lang='lat' dir='ltr'>ad</span> <span class='ocrx_word' id='word_1_162' title='bbox 569 2265 715 2340; x_wconf 89' lang='lat' dir='ltr'>quandam</span> <span class='ocrx_word' id='word_1_163' title='bbox 735 2267 853 2324; x_wconf 85' lang='lat' dir='ltr'>veniens</span> <span class='ocrx_word' id='word_1_164' title='bbox 874 2265 1028 2339; x_wconf 87' lang='lat' dir='ltr'>inclusam,</span> <span class='ocrx_word' id='word_1_165' title='bbox 1058 2282 1146 2340; x_wconf 88' lang='lat' dir='ltr'>quam</span> <span class='ocrx_word' id='word_1_166' title='bbox 1166 2280 1218 2322; x_wconf 92' lang='lat' dir='ltr'>no·</span> <span class='ocrx_word' id='word_1_167' title='bbox 1296 2255 1297 2310; x_wconf 74' lang='lat' dir='ltr'>l</span> 
     </span>
     <span class='ocr_line' id='line_1_22' title="bbox 106 2353 1297 2429; baseline -0.004 -15"><span class='ocrx_word' id='word_1_168' title='bbox 106 2417 113 2429; x_wconf 52' lang='grc'>,</span> <span class='ocrx_word' id='word_1_169' title='bbox 185 2355 267 2414; x_wconf 82' lang='lat' dir='ltr'>verat</span> <span class='ocrx_word' id='word_1_170' title='bbox 286 2353 422 2412; x_wconf 90' lang='lat' dir='ltr'>leminam</span> <span class='ocrx_word' id='word_1_171' title='bbox 443 2369 505 2412; x_wconf 91' lang='lat' dir='ltr'>esse</span> <span class='ocrx_word' id='word_1_172' title='bbox 528 2357 669 2427; x_wconf 78' lang='lat' dir='ltr'>sanctam,</span> <span class='ocrx_word' id='word_1_173' title='bbox 702 2358 731 2410; x_wconf 90' lang='lat' dir='ltr'>et</span> <span class='ocrx_word' id='word_1_174' title='bbox 753 2353 854 2411; x_wconf 89' lang='lat' dir='ltr'>divinis</span> <span class='ocrx_word' id='word_1_175' title='bbox 875 2353 1100 2412; x_wconf 84' lang='lat' dir='ltr'>revelationibus</span> <span class='ocrx_word' id='word_1_176' title='bbox 1120 2368 1218 2411; x_wconf 87' lang='lat' dir='ltr'>assus·</span> <span class='ocrx_word' id='word_1_177' title='bbox 1296 2357 1297 2428; x_wconf 69' lang='lat' dir='ltr'>j</span> 
     </span>
     <span class='ocr_line' id='line_1_23' title="bbox 183 2439 1297 2516; baseline -0.006 -16"><span class='ocrx_word' id='word_1_178' title='bbox 183 2443 298 2515; x_wconf 86' lang='lat' dir='ltr'>iactam,</span> <span class='ocrx_word' id='word_1_179' title='bbox 320 2443 360 2498; x_wconf 85' lang='lat' dir='ltr'>ait</span> <span class='ocrx_word' id='word_1_180' title='bbox 373 2439 427 2497; x_wconf 88' lang='lat' dir='ltr'>illi:</span> <span class='ocrx_word' id='word_1_181' title='bbox 448 2440 530 2512; x_wconf 90' lang='lat' dir='ltr'>Peto,</span> <span class='ocrx_word' id='word_1_182' title='bbox 552 2455 639 2513; x_wconf 93' lang='lat' dir='ltr'>soror,</span> <span class='ocrx_word' id='word_1_183' title='bbox 661 2443 693 2496; x_wconf 90' lang='lat' dir='ltr'>ut</span> <span class='ocrx_word' id='word_1_184' title='bbox 707 2439 804 2499; x_wconf 90' lang='lat' dir='ltr'>Deum</span> <span class='ocrx_word' id='word_1_185' title='bbox 824 2456 909 2516; x_wconf 89' lang='lat' dir='ltr'>roges</span> <span class='ocrx_word' id='word_1_186' title='bbox 930 2455 982 2515; x_wconf 93' lang='lat' dir='ltr'>pro</span> <span class='ocrx_word' id='word_1_187' title='bbox 1004 2457 1059 2513; x_wconf 93' lang='lat' dir='ltr'>me,</span> <span class='ocrx_word' id='word_1_188' title='bbox 1082 2445 1218 2515; x_wconf 87' lang='lat' dir='ltr'>quatenus</span> <span class='ocrx_word' id='word_1_189' title='bbox 1296 2447 1297 2480; x_wconf 71' lang='lat' dir='ltr'>i</span> 
     </span>
     <span class='ocr_line' id='line_1_24' title="bbox 184 2525 1269 2602; baseline -0.007 -14"><span class='ocrx_word' id='word_1_190' title='bbox 184 2530 236 2588; x_wconf 92' lang='lat' dir='ltr'>tibi</span> <span class='ocrx_word' id='word_1_191' title='bbox 250 2527 399 2586; x_wconf 89' lang='lat' dir='ltr'>ostendere</span> <span class='ocrx_word' id='word_1_192' title='bbox 415 2525 555 2602; x_wconf 81' lang='lat' dir='ltr'>dignetur,</span> <span class='ocrx_word' id='word_1_193' title='bbox 576 2527 600 2584; x_wconf 93' lang='lat' dir='ltr'>si</span> <span class='ocrx_word' id='word_1_194' title='bbox 613 2528 639 2584; x_wconf 96' lang='lat' dir='ltr'>ei</span> <span class='ocrx_word' id='word_1_195' title='bbox 660 2525 781 2600; x_wconf 87' lang='lat' dir='ltr'>placeat,</span> <span class='ocrx_word' id='word_1_196' title='bbox 804 2526 923 2585; x_wconf 88' lang='lat' dir='ltr'>etmihi</span> <span class='ocrx_word' id='word_1_197' title='bbox 945 2525 1087 2602; x_wconf 84' lang='lat' dir='ltr'>expediat,</span> <span class='ocrx_word' id='word_1_198' title='bbox 1107 2539 1231 2585; x_wconf 88' lang='lat' dir='ltr'>manere.</span> <span class='ocrx_word' id='word_1_199' title='bbox 1265 2547 1269 2568; x_wconf 86' lang='lat'>·</span> 
     </span>
     <span class='ocr_line' id='line_1_25' title="bbox 184 2612 1297 2698; baseline -0.005 -24"><span class='ocrx_word' id='word_1_200' title='bbox 184 2619 214 2674; x_wconf 91' lang='lat' dir='ltr'>in</span> <span class='ocrx_word' id='word_1_201' title='bbox 242 2614 335 2673; x_wconf 88' lang='lat' dir='ltr'>olficio</span> <span class='ocrx_word' id='word_1_202' title='bbox 363 2613 449 2672; x_wconf 87' lang='lat' dir='ltr'>huius</span> <span class='ocrx_word' id='word_1_203' title='bbox 470 2613 613 2672; x_wconf 84' lang='lat' dir='ltr'>abbatiae.</span> <span class='ocrx_word' id='word_1_204' title='bbox 656 2612 727 2671; x_wconf 83' lang='lat' dir='ltr'>Mox</span> <span class='ocrx_word' id='word_1_205' title='bbox 753 2613 803 2672; x_wconf 93' lang='lat' dir='ltr'>illa</span> <span class='ocrx_word' id='word_1_206' title='bbox 824 2629 944 2689; x_wconf 86' lang='lat' dir='ltr'>surgens</span> <span class='ocrx_word' id='word_1_207' title='bbox 973 2615 1044 2671; x_wconf 88' lang='lat' dir='ltr'>abiit</span> <span class='ocrx_word' id='word_1_208' title='bbox 1064 2619 1095 2671; x_wconf 91' lang='lat' dir='ltr'>et</span> <span class='ocrx_word' id='word_1_209' title='bbox 1116 2613 1217 2682; x_wconf 85' lang='lat' dir='ltr'>oravit,</span> <span class='ocrx_word' id='word_1_210' title='bbox 1296 2613 1297 2698; x_wconf 62' lang='lat' dir='ltr'>l</span> 
     </span>
     <span class='ocr_line' id='line_1_26' title="bbox 179 2698 1297 2778; baseline -0.004 -18"><span class='ocrx_word' id='word_1_211' title='bbox 179 2702 361 2776; x_wconf 65' lang='lat' dir='ltr'>‘celeriusque</span> <span class='ocrx_word' id='word_1_212' title='bbox 381 2717 505 2775; x_wconf 88' lang='lat' dir='ltr'>reversa,</span> <span class='ocrx_word' id='word_1_213' title='bbox 527 2717 602 2775; x_wconf 89' lang='lat' dir='ltr'>quae</span> <span class='ocrx_word' id='word_1_214' title='bbox 624 2700 679 2758; x_wconf 93' lang='lat' dir='ltr'>sibi</span> <span class='ocrx_word' id='word_1_215' title='bbox 699 2699 816 2770; x_wconf 87' lang='lat' dir='ltr'>fuerant</span> <span class='ocrx_word' id='word_1_216' title='bbox 831 2699 974 2774; x_wconf 87' lang='lat' dir='ltr'>revelata,</span> <span class='ocrx_word' id='word_1_217' title='bbox 995 2698 1107 2758; x_wconf 84' lang='lat' dir='ltr'>Abbati</span> <span class='ocrx_word' id='word_1_218' title='bbox 1127 2699 1217 2757; x_wconf 81' lang='lat' dir='ltr'>mani·</span> <span class='ocrx_word' id='word_1_219' title='bbox 1296 2701 1297 2778; x_wconf 65' lang='lat' dir='ltr'>t</span> 
     </span>
     <span class='ocr_line' id='line_1_27' title="bbox 184 2784 1297 2862; baseline -0.006 -15"><span class='ocrx_word' id='word_1_220' title='bbox 184 2790 307 2847; x_wconf 86' lang='lat' dir='ltr'>lestavit.</span> <span class='ocrx_word' id='word_1_221' title='bbox 349 2787 415 2847; x_wconf 88' lang='lat' dir='ltr'>Nou</span> <span class='ocrx_word' id='word_1_222' title='bbox 437 2793 495 2861; x_wconf 92' lang='lat' dir='ltr'>est,</span> <span class='ocrx_word' id='word_1_223' title='bbox 522 2789 628 2862; x_wconf 89' lang='lat' dir='ltr'>inquit,</span> <span class='ocrx_word' id='word_1_224' title='bbox 656 2785 790 2845; x_wconf 88' lang='lat' dir='ltr'>voluntas</span> <span class='ocrx_word' id='word_1_225' title='bbox 810 2786 880 2860; x_wconf 92' lang='lat' dir='ltr'>Dei,</span> <span class='ocrx_word' id='word_1_226' title='bbox 904 2803 998 2861; x_wconf 88' lang='lat' dir='ltr'>neque</span> <span class='ocrx_word' id='word_1_227' title='bbox 1021 2786 1135 2861; x_wconf 88' lang='lat' dir='ltr'>expedit</span> <span class='ocrx_word' id='word_1_228' title='bbox 1155 2784 1216 2856; x_wconf 93' lang='lat' dir='ltr'>tibi,</span> <span class='ocrx_word' id='word_1_229' title='bbox 1296 2799 1297 2856; x_wconf 66' lang='lat' dir='ltr'>l</span> 
     </span>
     <span class='ocr_line' id='line_1_28' title="bbox 185 2869 1297 2948; baseline -0.004 -14"><span class='ocrx_word' id='word_1_230' title='bbox 185 2878 268 2934; x_wconf 91' lang='lat' dir='ltr'>utin</span> <span class='ocrx_word' id='word_1_231' title='bbox 295 2874 351 2934; x_wconf 89' lang='lat' dir='ltr'>bac</span> <span class='ocrx_word' id='word_1_232' title='bbox 377 2875 494 2933; x_wconf 82' lang='lat' dir='ltr'>abbatia</span> <span class='ocrx_word' id='word_1_233' title='bbox 515 2891 647 2947; x_wconf 85' lang='lat' dir='ltr'>maneas,</span> <span class='ocrx_word' id='word_1_234' title='bbox 673 2889 767 2948; x_wconf 89' lang='lat' dir='ltr'>neque</span> <span class='ocrx_word' id='word_1_235' title='bbox 790 2872 902 2933; x_wconf 88' lang='lat' dir='ltr'>salvare</span> <span class='ocrx_word' id='word_1_236' title='bbox 923 2875 1030 2948; x_wconf 88' lang='lat' dir='ltr'>poteris</span> <span class='ocrx_word' id='word_1_237' title='bbox 1051 2875 1080 2930; x_wconf 90' lang='lat' dir='ltr'>iu</span> <span class='ocrx_word' id='word_1_238' title='bbox 1102 2891 1137 2932; x_wconf 90' lang='lat' dir='ltr'>ea</span> <span class='ocrx_word' id='word_1_239' title='bbox 1157 2873 1216 2946; x_wconf 76' lang='lat' dir='ltr'>ani-</span> <span class='ocrx_word' id='word_1_240' title='bbox 1296 2869 1297 2930; x_wconf 82' lang='lat' dir='ltr'>i</span> 
     </span>
     <span class='ocr_line' id='line_1_29' title="bbox 185 2951 1297 3040; baseline -0.006 -19"><span class='ocrx_word' id='word_1_241' title='bbox 185 2979 263 3021; x_wconf 88' lang='lat' dir='ltr'>mam</span> <span class='ocrx_word' id='word_1_242' title='bbox 283 2967 374 3020; x_wconf 90' lang='lat' dir='ltr'>tuam.</span> <span class='ocrx_word' id='word_1_243' title='bbox 395 2958 511 3036; x_wconf 86' lang='lat' dir='ltr'>Quare?</span> <span class='ocrx_word' id='word_1_244' title='bbox 534 2960 607 3036; x_wconf 85' lang='lat' dir='ltr'>Quia</span> <span class='ocrx_word' id='word_1_245' title='bbox 620 2963 783 3036; x_wconf 87' lang='lat' dir='ltr'>symoniace</span> <span class='ocrx_word' id='word_1_246' title='bbox 797 2963 915 3018; x_wconf 86' lang='lat' dir='ltr'>intrasti.</span> <span class='ocrx_word' id='word_1_247' title='bbox 958 2959 1075 3019; x_wconf 87' lang='lat' dir='ltr'>Abbate</span> <span class='ocrx_word' id='word_1_248' title='bbox 1090 2964 1217 3034; x_wconf 88' lang='lat' dir='ltr'>stupente</span> <span class='ocrx_word' id='word_1_249' title='bbox 1296 2951 1297 3040; x_wconf 67' lang='lat' dir='ltr'>l</span> 
     </span>
     <span class='ocr_line' id='line_1_30' title="bbox 185 3041 1297 3124; baseline -0.008 -16"><span class='ocrx_word' id='word_1_250' title='bbox 185 3064 271 3124; x_wconf 87' lang='lat' dir='ltr'>super</span> <span class='ocrx_word' id='word_1_251' title='bbox 292 3048 348 3107; x_wconf 92' lang='lat' dir='ltr'>hoc</span> <span class='ocrx_word' id='word_1_252' title='bbox 369 3048 472 3121; x_wconf 86' lang='lat' dir='ltr'>verbo,</span> <span class='ocrx_word' id='word_1_253' title='bbox 494 3064 528 3105; x_wconf 90' lang='lat' dir='ltr'>ac</span> <span class='ocrx_word' id='word_1_254' title='bbox 551 3047 676 3105; x_wconf 89' lang='lat' dir='ltr'>dicente:</span> <span class='ocrx_word' id='word_1_255' title='bbox 699 3047 775 3123; x_wconf 86' lang='lat' dir='ltr'>Quid</span> <span class='ocrx_word' id='word_1_256' title='bbox 797 3053 841 3107; x_wconf 91' lang='lat' dir='ltr'>est</span> <span class='ocrx_word' id='word_1_257' title='bbox 862 3045 940 3122; x_wconf 89' lang='lat' dir='ltr'>quod</span> <span class='ocrx_word' id='word_1_258' title='bbox 960 3046 1098 3122; x_wconf 88' lang='lat' dir='ltr'>loqueris,</span> <span class='ocrx_word' id='word_1_259' title='bbox 1120 3041 1216 3105; x_wconf 83' lang='lat' dir='ltr'>soror?</span> <span class='ocrx_word' id='word_1_260' title='bbox 1296 3055 1297 3100; x_wconf 69' lang='lat' dir='ltr'>t</span> 
     </span>
     <span class='ocr_line' id='line_1_31' title="bbox 184 3117 1297 3213; baseline -0.003 -18"><span class='ocrx_word' id='word_1_261' title='bbox 184 3153 244 3195; x_wconf 92' lang='lat' dir='ltr'>non</span> <span class='ocrx_word' id='word_1_262' title='bbox 266 3137 340 3194; x_wconf 90' lang='lat' dir='ltr'>enim</span> <span class='ocrx_word' id='word_1_263' title='bbox 363 3134 433 3192; x_wconf 92' lang='lat' dir='ltr'>mihi</span> <span class='ocrx_word' id='word_1_264' title='bbox 454 3134 572 3192; x_wconf 89' lang='lat' dir='ltr'>alicuius</span> <span class='ocrx_word' id='word_1_265' title='bbox 595 3135 742 3208; x_wconf 89' lang='lat' dir='ltr'>symoniae</span> <span class='ocrx_word' id='word_1_266' title='bbox 763 3136 792 3192; x_wconf 90' lang='lat' dir='ltr'>in</span> <span class='ocrx_word' id='word_1_267' title='bbox 814 3134 952 3193; x_wconf 82' lang='lat' dir='ltr'>electione</span> <span class='ocrx_word' id='word_1_268' title='bbox 973 3129 1067 3213; x_wconf 80' lang='lat' dir='ltr'>mea⁶)</span> <span class='ocrx_word' id='word_1_269' title='bbox 1091 3125 1216 3193; x_wconf 82' lang='lat' dir='ltr'>conscius</span> <span class='ocrx_word' id='word_1_270' title='bbox 1296 3117 1297 3192; x_wconf 57' lang='grc' dir='ltr'><strong>ἶ</strong></span> 
     </span>
     <span class='ocr_line' id='line_1_32' title="bbox 185 3211 1297 3298; baseline -0.005 -17"><span class='ocrx_word' id='word_1_271' title='bbox 185 3241 265 3298; x_wconf 81' lang='lat' dir='ltr'>sum3</span> <span class='ocrx_word' id='word_1_272' title='bbox 286 3221 433 3297; x_wconf 88' lang='lat' dir='ltr'>respondit</span> <span class='ocrx_word' id='word_1_273' title='bbox 452 3220 508 3278; x_wconf 88' lang='lat' dir='ltr'>illa:</span> <span class='ocrx_word' id='word_1_274' title='bbox 529 3219 592 3296; x_wconf 88' lang='lat' dir='ltr'>Ego</span> <span class='ocrx_word' id='word_1_275' title='bbox 614 3219 665 3277; x_wconf 89' lang='lat' dir='ltr'>tibi</span> <span class='ocrx_word' id='word_1_276' title='bbox 687 3220 835 3279; x_wconf 89' lang='lat' dir='ltr'>ostendam</span> <span class='ocrx_word' id='word_1_277' title='bbox 856 3223 1021 3297; x_wconf 86' lang='lat' dir='ltr'>symoniace</span> <span class='ocrx_word' id='word_1_278' title='bbox 1042 3226 1072 3279; x_wconf 91' lang='lat' dir='ltr'>te</span> <span class='ocrx_word' id='word_1_279' title='bbox 1091 3223 1216 3278; x_wconf 88' lang='lat' dir='ltr'>intrasse.</span> <span class='ocrx_word' id='word_1_280' title='bbox 1296 3211 1297 3286; x_wconf 67' lang='grc' dir='ltr'>Ῑ</span> 
     </span>
     <span class='ocr_line' id='line_1_33' title="bbox 185 3301 1297 3383; baseline -0.006 -15"><span class='ocrx_word' id='word_1_281' title='bbox 185 3309 300 3368; x_wconf 89' lang='lat' dir='ltr'>Mortuo</span> <span class='ocrx_word' id='word_1_282' title='bbox 325 3315 506 3367; x_wconf 88' lang='lat' dir='ltr'>antecessore</span> <span class='ocrx_word' id='word_1_283' title='bbox 527 3313 587 3381; x_wconf 87' lang='lat' dir='ltr'>tuo,</span> <span class='ocrx_word' id='word_1_284' title='bbox 607 3313 640 3364; x_wconf 91' lang='lat' dir='ltr'>tu</span> <span class='ocrx_word' id='word_1_285' title='bbox 662 3306 699 3364; x_wconf 89' lang='lat' dir='ltr'>ad</span> <span class='ocrx_word' id='word_1_286' title='bbox 712 3307 859 3365; x_wconf 89' lang='lat' dir='ltr'>abbatiam</span> <span class='ocrx_word' id='word_1_287' title='bbox 881 3309 1010 3383; x_wconf 88' lang='lat' dir='ltr'>aspirans</span> <span class='ocrx_word' id='word_1_288' title='bbox 1032 3323 1090 3366; x_wconf 91' lang='lat' dir='ltr'>non</span> <span class='ocrx_word' id='word_1_289' title='bbox 1110 3304 1216 3382; x_wconf 92' lang='lat' dir='ltr'>simpli·</span> <span class='ocrx_word' id='word_1_290' title='bbox 1296 3301 1297 3354; x_wconf 63' lang='grc' dir='ltr'>ἒ</span> 
     </span>
     <span class='ocr_line' id='line_1_34' title="bbox 186 3392 1297 3469; baseline -0.001 -14"><span class='ocrx_word' id='word_1_291' title='bbox 186 3399 256 3456; x_wconf 91' lang='lat' dir='ltr'>citer</span> <span class='ocrx_word' id='word_1_292' title='bbox 283 3394 450 3469; x_wconf 87' lang='lat' dir='ltr'>ambulasti,</span> <span class='ocrx_word' id='word_1_293' title='bbox 480 3394 531 3452; x_wconf 93' lang='lat' dir='ltr'>sed</span> <span class='ocrx_word' id='word_1_294' title='bbox 562 3394 663 3452; x_wconf 86' lang='lat' dir='ltr'>iratres</span> <span class='ocrx_word' id='word_1_295' title='bbox 691 3399 756 3452; x_wconf 90' lang='lat' dir='ltr'>tuos</span> <span class='ocrx_word' id='word_1_296' title='bbox 788 3394 931 3469; x_wconf 90' lang='lat' dir='ltr'>simplices</span> <span class='ocrx_word' id='word_1_297' title='bbox 958 3394 1009 3453; x_wconf 88' lang='lat' dir='ltr'>tali</span> <span class='ocrx_word' id='word_1_298' title='bbox 1030 3393 1116 3452; x_wconf 86' lang='lat' dir='ltr'>modo</span> <span class='ocrx_word' id='word_1_299' title='bbox 1136 3392 1215 3451; x_wconf 87' lang='lat' dir='ltr'>nimis</span> <span class='ocrx_word' id='word_1_300' title='bbox 1296 3413 1297 3454; x_wconf 76' lang='lat' dir='ltr'>l</span> 
     </span>
     <span class='ocr_line' id='line_1_35' title="bbox 184 3475 1297 3556; baseline -0.005 -15"><span class='ocrx_word' id='word_1_301' title='bbox 184 3490 279 3542; x_wconf 85' lang='lat' dir='ltr'>astute</span> <span class='ocrx_word' id='word_1_302' title='bbox 292 3483 510 3542; x_wconf 89' lang='lat' dir='ltr'>circumvenisti.</span> <span class='ocrx_word' id='word_1_303' title='bbox 552 3480 617 3539; x_wconf 88' lang='lat' dir='ltr'>Non</span> <span class='ocrx_word' id='word_1_304' title='bbox 630 3487 810 3555; x_wconf 90' lang='lat' dir='ltr'>estnecesse,</span> <span class='ocrx_word' id='word_1_305' title='bbox 832 3482 938 3556; x_wconf 87' lang='lat' dir='ltr'>aiebas,</span> <span class='ocrx_word' id='word_1_306' title='bbox 960 3487 992 3539; x_wconf 92' lang='lat' dir='ltr'>ut</span> <span class='ocrx_word' id='word_1_307' title='bbox 1007 3481 1132 3556; x_wconf 85' lang='lat' dir='ltr'>aliquam</span> <span class='ocrx_word' id='word_1_308' title='bbox 1151 3494 1215 3555; x_wconf 91' lang='lat' dir='ltr'>per·</span> <span class='ocrx_word' id='word_1_309' title='bbox 1296 3475 1297 3556; x_wconf 66' lang='lat' dir='ltr'>J</span> 
     </span>
    </p>
   </div>
   <div class='ocr_carea' id='block_1_6' title="bbox 204 3557 1297 4170">
    <p class='ocr_par' dir='ltr' id='par_1_7' title="bbox 204 3557 1297 3966">
     <span class='ocr_line' id='line_1_36' title="bbox 1296 3557 1297 3590; baseline 0 0"><span class='ocrx_word' id='word_1_310' title='bbox 1296 3557 1297 3590; x_wconf 85' lang='lat' dir='ltr'>l</span> 
     </span>
     <span class='ocr_line' id='line_1_37' title="bbox 204 3665 1212 3737; baseline -0.005 -17"><span class='ocrx_word' id='word_1_311' title='bbox 204 3669 235 3737; x_wconf 83' lang='lat'>1)</span> <span class='ocrx_word' id='word_1_312' title='bbox 254 3668 272 3720; x_wconf 86' lang='grc' dir='ltr'><strong>Ρ</strong></span> <span class='ocrx_word' id='word_1_313' title='bbox 289 3670 321 3719; x_wconf 91' lang='lat' dir='ltr'>iu</span> <span class='ocrx_word' id='word_1_314' title='bbox 342 3684 440 3720; x_wconf 85' lang='lat' dir='ltr'>mauu.</span> <span class='ocrx_word' id='word_1_315' title='bbox 466 3696 497 3706; x_wconf 92' lang='lat'><em>-</em></span> <span class='ocrx_word' id='word_1_316' title='bbox 522 3667 554 3734; x_wconf 81' lang='lat'>2)</span> <span class='ocrx_word' id='word_1_317' title='bbox 579 3667 599 3720; x_wconf 89' lang='lat' dir='ltr'>B</span> <span class='ocrx_word' id='word_1_318' title='bbox 622 3675 804 3734; x_wconf 81' lang='lat' dir='ltr'>possentne.</span> <span class='ocrx_word' id='word_1_319' title='bbox 824 3696 854 3706; x_wconf 96' lang='lat'>-</span> <span class='ocrx_word' id='word_1_320' title='bbox 879 3665 949 3733; x_wconf 84' lang='lat' dir='ltr'>3)R</span> <span class='ocrx_word' id='word_1_321' title='bbox 973 3666 1159 3736; x_wconf 75' lang='lat' dir='ltr'>symoniam.</span> <span class='ocrx_word' id='word_1_322' title='bbox 1184 3693 1212 3704; x_wconf 90' lang='lat'>-</span> 
     </span>
     <span class='ocr_line' id='line_1_38' title="bbox 254 3735 1297 3806; baseline -0.004 -17"><span class='ocrx_word' id='word_1_323' title='bbox 254 3737 286 3805; x_wconf 80' lang='lat' dir='ltr'>l)</span> <span class='ocrx_word' id='word_1_324' title='bbox 310 3737 330 3788; x_wconf 82' lang='grc'>0</span> <span class='ocrx_word' id='word_1_325' title='bbox 352 3736 493 3804; x_wconf 83' lang='lat' dir='ltr'>qualiter</span> <span class='ocrx_word' id='word_1_326' title='bbox 525 3736 555 3788; x_wconf 90' lang='lat' dir='ltr'>id</span> <span class='ocrx_word' id='word_1_327' title='bbox 579 3736 720 3803; x_wconf 84' lang='lat' dir='ltr'>impleri,</span> <span class='ocrx_word' id='word_1_328' title='bbox 749 3735 937 3806; x_wconf 78' lang='lat' dir='ltr'>liqaaliter</span> <span class='ocrx_word' id='word_1_329' title='bbox 969 3735 1154 3804; x_wconf 87' lang='lat' dir='ltr'>adimplere.</span> <span class='ocrx_word' id='word_1_330' title='bbox 1183 3763 1210 3774; x_wconf 93' lang='lat'>·-</span> <span class='ocrx_word' id='word_1_331' title='bbox 1296 3739 1297 3754; x_wconf 66' lang='lat'>¹</span> 
     </span>
     <span class='ocr_line' id='line_1_39' title="bbox 254 3791 1297 3876; baseline -0.003 -18"><span class='ocrx_word' id='word_1_332' title='bbox 254 3807 286 3875; x_wconf 85' lang='lat'>5)</span> <span class='ocrx_word' id='word_1_333' title='bbox 304 3807 361 3859; x_wconf 91' lang='lat' dir='ltr'>libri</span> <span class='ocrx_word' id='word_1_334' title='bbox 379 3808 585 3875; x_wconf 80' lang='lat' dir='ltr'>excogitat-</span> <span class='ocrx_word' id='word_1_335' title='bbox 606 3815 769 3872; x_wconf 82' lang='lat' dir='ltr'>procurat.</span> <span class='ocrx_word' id='word_1_336' title='bbox 788 3836 819 3846; x_wconf 92' lang='lat'><em>-</em></span> <span class='ocrx_word' id='word_1_337' title='bbox 839 3807 872 3875; x_wconf 71' lang='lat' dir='ltr'>*J</span> <span class='ocrx_word' id='word_1_338' title='bbox 889 3806 979 3860; x_wconf 86' lang='lat' dir='ltr'>llomil.</span> <span class='ocrx_word' id='word_1_339' title='bbox 996 3807 1026 3860; x_wconf 93' lang='lat' dir='ltr'>ll.</span> <span class='ocrx_word' id='word_1_340' title='bbox 1045 3825 1069 3876; x_wconf 93' lang='lat' dir='ltr'>p.</span> <span class='ocrx_word' id='word_1_341' title='bbox 1087 3805 1129 3858; x_wconf 88' lang='lat'>50.</span> <span class='ocrx_word' id='word_1_342' title='bbox 1143 3802 1214 3870; x_wconf 76' lang='lat' dir='ltr'>-6J</span> <span class='ocrx_word' id='word_1_343' title='bbox 1296 3791 1297 3870; x_wconf 65' lang='lat' dir='ltr'>l</span> 
     </span>
     <span class='ocr_line' id='line_1_40' title="bbox 253 3876 1297 3966; baseline -0.005 -36"><span class='ocrx_word' id='word_1_344' title='bbox 253 3876 459 3931; x_wconf 81' lang='lat' dir='ltr'>lielsetious</span> <span class='ocrx_word' id='word_1_345' title='bbox 476 3893 522 3930; x_wconf 90' lang='lat' dir='ltr'>me</span> <span class='ocrx_word' id='word_1_346' title='bbox 540 3877 674 3930; x_wconf 81' lang='lat' dir='ltr'>sciente.</span> <span class='ocrx_word' id='word_1_347' title='bbox 1296 3877 1297 3966; x_wconf 60' lang='lat' dir='ltr'>p</span> 
     </span>
    </p>

    <p class='ocr_par' dir='ltr' id='par_1_8' title="bbox 1296 4129 1297 4170">
     <span class='ocr_line' id='line_1_41' title="bbox 1296 4129 1297 4170; baseline 0 0"><span class='ocrx_word' id='word_1_348' title='bbox 1296 4129 1297 4170; x_wconf 85' lang='lat' dir='ltr'>l</span> 
     </span>
    </p>
   </div>
   <div class='ocr_carea' id='block_1_7' title="bbox 0 0 1329 4330">
    <p class='ocr_par' dir='ltr' id='par_1_9' title="bbox 0 0 1329 4330">
     <span class='ocr_line' id='line_1_42' title="bbox 0 0 1329 4330; baseline 0 0"><span class='ocrx_word' id='word_1_349' title='bbox 0 0 1329 4330; x_wconf 95' lang='lat' dir='ltr'> </span> 
     </span>
    </p>
   </div>
  </div>
 </body>
</html>
