2664 4308
179 265 218 322 54
354 271 356 278 '
484 260 712 324 oleumcum
733 261 952 324 seruitia

177 375 310 460 praedari
328 385 422 444 conati
442 390 517 444 sunt.
552 385 593 444 Et
613 401 679 444 ecce
693 386 767 444 iusto
781 385 838 445 Dei
851 384 954 444 indicio
968 380 984 464 ¹)
1006 381 1063 444 duo
1084 401 1165 459 vasa,
1186 387 1217 444 vi

177 477 328 532 ventorum
341 472 439 544 eiecta,
457 471 620 531 naviculam
632 472 840 547 subverterunt,
859 474 993 547 ipsosque
1005 470 1165 547 praedones
1184 471 1216 528 in

177 557 349 634 profundum
369 557 557 616 dimerserunt
564 555 594 637 ²).
625 556 702 617 Acta
723 566 790 617 sunt
807 559 880 618 haec
893 561 922 618 in
936 559 1034 634 vigilia
1046 560 1137 636 sancti
1150 557 1216 634 Ny·
1313 625 1314 640 ,

179 643 272 704 oholai
290 644 498 719 postmodium
518 653 642 704 noctem.
673 644 783 721 Singuli
804 648 879 704 vitae
898 663 968 705 suae
987 648 1127 719 timentes,
1148 643 1217 704 Deo
1313 641 1314 658 ¹

178 730 386 808 supplicabant.
412 730 478 805 lpse
495 748 564 790 vero
581 733 626 791 vir
641 731 741 791 beatus
755 731 790 791 de
803 735 951 808 gurgustio
964 735 1047 792 navis
1058 730 1219 808 egrediens,

178 834 262 878 servo
284 833 336 877 suo
350 833 479 876 seorsum
492 817 577 877 ducto
591 818 797 878 confessionem
810 819 885 893 fecit,
906 825 935 878 et
947 820 1070 877 intravit.
1102 817 1218 878 Deinde

177 906 301 980 imagine
323 909 440 963 sanctae
461 904 518 963 Dei
540 903 691 963 Genitricis
712 905 852 980 eburnea,
884 922 972 980 quam
993 922 1106 980 semper
1125 921 1218 981 penes

178 1009 210 1050 sc
231 991 367 1065 habebat,
388 1006 484 1050 coram
506 1007 538 1051 se
558 993 661 1065 posita,
681 997 748 1050 ante
760 990 840 1052 illam
861 1009 892 1051 ae
914 994 1075 1067 prostravit,
1097 997 1125 1051 et
1147 1009 1217 1052 ora·

178 1081 233 1152 vit,
266 1083 353 1152 atque
380 1079 410 1136 iu
438 1079 501 1152 ipsa
513 1074 533 1156 ³)
562 1080 689 1137 oratione
709 1077 811 1137 leniter
831 1079 1012 1138 obdormivit.
1054 1077 1217 1153 Statimque

176 1167 271 1223 visum
301 1169 345 1223 cst
372 1166 398 1224 ei
420 1164 498 1238 quod
527 1164 674 1223 dominum
701 1163 862 1224 Amoldum
893 1167 922 1224 in
952 1164 1093 1239 Claustra,
1119 1165 1217 1224 virum

176 1257 309 1310 sanctum
335 1257 364 1310 et
384 1251 523 1326 probatae
543 1253 634 1324 vitae,
661 1256 790 1326 tempore
810 1251 986 1327 psalmodiae
1008 1248 1216 1331 cynnamum)

177 1337 302 1411 audiret3
335 1339 433 1412 sicque
466 1353 501 1396 ex
528 1339 592 1412 ipsa
622 1337 771 1398 dulcedine
803 1341 882 1397 vocis
915 1337 1130 1414 expergefactus
1162 1345 1217 1398 est
1313 1407 1314 1410 Ἴ

176 1423 248 1483 Erat
275 1425 351 1482 enim
378 1429 490 1498 tempus
503 1421 523 1503 ⁵)
545 1427 756 1483 matutinarum.
798 1424 964 1500 Intelligens
984 1426 1113 1499 protinus
1136 1425 1216 1499 quod
1313 1421 1314 1474 ἶ

177 1512 221 1570 vir
241 1513 332 1569 iustus
354 1510 457 1571 eadem
475 1510 547 1570 hora
568 1527 620 1585 pro
640 1511 709 1587 ipsis
731 1517 838 1586 oraret,
859 1510 952 1570 laetus
976 1513 1075 1586 exivit,
1096 1527 1216 1570 omnes-

178 1613 235 1672 que
262 1596 413 1656 consolans
441 1597 486 1656 his
514 1598 609 1656 verbis
638 1599 692 1656 ait:
721 1597 815 1656 Nolite
845 1600 959 1672 timere,
991 1597 1102 1656 nullum
1130 1597 1215 1656 nobis

177 1682 334 1759 periculum
355 1700 458 1743 nocere
479 1686 597 1759 poterit,
626 1682 772 1744 domiuum
792 1683 955 1743 Aruoldum
978 1685 1014 1744 de
1035 1689 1135 1742 sancto
1157 1683 1214 1744 Se-

176 1772 275 1829 vcrino
303 1763 477 1829 monachuin
504 1777 633 1832 nostrum
660 1769 758 1830 andivi
784 1771 1015 1846 cytharizantem.
1056 1769 1128 1828 Mox
1153 1772 1214 1831 vir·

176 1864 237 1917 tute
266 1855 363 1916 divina
391 1863 420 1916 ct
447 1859 554 1916 meritis
576 1859 678 1916 beatae
699 1857 823 1934 Virginis
842 1873 933 1932 quam
953 1859 1156 1931 invocaverat,
1185 1863 1214 1916 et

177 1945 234 2002 iam
263 1942 329 2002 dicti
350 1941 487 2017 Arnoldi,
514 1950 671 2019 tempestas
699 1942 800 2003 sedata
829 1951 880 2002 est.
923 1943 1005 2003 Haec
1035 1961 1101 2003 curu
1122 1943 1214 2004 relata

175 2030 296 2089 fuissent
317 2028 431 2089 domino
452 2029 619 2089 Hermanno
641 2029 747 2104 Priori,
774 2047 851 2089 nunc
872 2029 982 2110 Abbati
1002 2029 1074 2090 Loci
1095 2036 1213 2091 sanctae

176 2115 298 2191 Mariae,
327 2117 425 2174 statim
459 2115 605 2175 dominum
631 2115 791 2175 Amoldnm
819 2115 922 2175 horum
948 2134 1064 2192 prorsus
1091 2119 1213 2176 inscium

176 2205 300 2277 vocavit,
322 2207 351 2262 et
371 2202 440 2277 quid
460 2204 491 2260 in
510 2209 595 2263 nocte
619 2206 710 2262 saneti
730 2202 872 2280 Nycholai
891 2203 964 2275 inira
984 2205 1140 2262 matutinas
1162 2220 1214 2263 co·

176 2292 324 2366 gilaverit,
345 2288 394 2348 vel
415 2289 483 2366 quid
503 2291 544 2349 ibi
565 2292 655 2366 egerit
674 2291 868 2366 interrogavit.
912 2289 966 2348 Cui
986 2289 1034 2348 ille
1051 2289 1214 2365 respondit:

177 2375 290 2437 Credite
311 2374 394 2450 mihi,
424 2392 479 2451 ego
502 2376 676 2452 cythariravi
696 2375 745 2434 ibi.
788 2375 874 2451 Quali
902 2375 1011 2436 modo?
1033 2377 1133 2451 inquit
1176 2377 1216 2436 Et

174 2461 236 2522 ille:
259 2461 382 2538 Quando
404 2478 462 2521 non
483 2479 601 2537 possum
618 2462 724 2522 habere
743 2461 933 2537 devotionem,
955 2462 1009 2522 sub
1033 2463 1146 2524 cuculla
1168 2464 1216 2522 di-

175 2551 249 2624 gitos
279 2548 318 2608 ad
338 2549 549 2608 similitudinem
571 2548 771 2625 cytharizantis
793 2565 911 2622 moveo,
939 2556 968 2608 et
997 2549 1099 2610 cordas
1127 2550 1216 2610 corde

175 2643 272 2711 tango,
293 2637 391 2710 sicque
413 2637 516 2694 mentis
534 2642 677 2710 torporem
698 2635 736 2694 ad
751 2634 932 2696 devotionem
954 2638 1055 2696 excito.
1098 2636 1136 2695 Et
1156 2639 1216 2696 mi-

175 2728 254 2782 ratus
276 2728 319 2781 est
340 2722 421 2781 Prior
441 2724 539 2796 nimis,
567 2721 686 2780 audiens
707 2721 789 2781 haec.
832 2721 908 2797 Quia
928 2725 973 2781 vir
991 2723 1132 2782 litteratus
1155 2730 1217 2799 est,

175 2816 245 2885 puto
275 2809 405 2883 exemplo
426 2807 535 2868 Helisei
562 2801 651 2888 hoc⁵)
681 2825 747 2867 eum
767 2808 876 2883 facere,
907 2811 1016 2884 inquo
1045 2809 1083 2868 ad
1110 2825 1217 2870 vocem

175 2895 302 2972 psalterii
331 2897 472 2954 excitatus
501 2899 544 2954 est
572 2896 686 2971 spiritus
712 2894 879 2970 prophetiae
892 2890 921 2974 ⁷).
943 2929 985 2938 -
1007 2895 1047 2955 Ut
1068 2897 1144 2954 enim
1165 2904 1217 2956 ta-

175 2999 257 3043 ceam
279 2981 315 3041 de
335 2981 477 3055 fratribus,
498 2986 596 3041 tautae
617 2981 670 3040 iuit
687 2983 892 3057 compassionis
914 2984 990 3041 cirea
1009 3000 1161 3058 pauperes,
1183 2991 1219 3043 ut

173 3072 202 3128 in
216 3071 264 3129 via
278 3067 409 3143 directus,
429 3074 559 3143 petentes
573 3071 760 3144 praeveniret,
782 3086 818 3128 ex
829 3071 953 3128 nummis
974 3069 1029 3128 sibi
1049 3068 1088 3128 ad
1103 3087 1217 3144 expen-

174 3174 222 3216 sas
244 3154 317 3214 datis
337 3155 392 3214 illis
414 3157 569 3232 porrigens.
613 3154 686 3216 Cum
709 3155 754 3215 die
786 3155 911 3231 quadam
932 3154 1069 3216 scholaris
1089 3155 1217 3232 nudipes

103 3296 105 3303 ι
193 3269 1213 3338 1)nciudiciouer.-2Jsicltbrierram1x,r2.-³)act)l²irla.-

241 3341 274 3408 t)
293 3339 312 3391 B
331 3339 569 3404 chitharizare,
586 3340 799 3404 etaliisinlocis,
816 3338 969 3393 chithara
988 3341 1029 3392 vel
1042 3341 1215 3407 chythera.

242 3410 291 3474 Qui
315 3409 440 3460 scribendi
464 3409 553 3460 modus
571 3411 598 3461 in
614 3412 757 3462 memoriam
781 3409 840 3462 mihi
858 3419 961 3462 revocat
978 3411 1033 3464 illos
1052 3409 1216 3476 chorites,

243 3493 349 3548 quorum
373 3480 484 3530 meminit
509 3488 596 3532 auctor
619 3495 694 3546 supro
718 3479 765 3543 Vl,
789 3481 812 3530 5.
837 3495 862 3546 p.
886 3480 950 3532 354:
974 3479 1006 3532 ad
1030 3497 1103 3549 quem
1128 3480 1214 3534 locum

241 3548 419 3616 etymologiam
438 3548 528 3614 protuli
545 3551 732 3616 ineptissimam.
767 3549 829 3600 Nam
846 3550 888 3601 isti
900 3548 983 3600 clerici
1000 3565 1092 3601 nomen
1103 3565 1213 3617 accepe-

242 3626 314 3682 runt,
331 3633 383 3668 non
401 3634 415 3668 a
433 3618 539 3680 chorea,
557 3617 603 3670 sed
621 3634 635 3668 a
653 3619 750 3681 Chore,
767 3618 792 3669 id
811 3627 859 3681 est,
877 3617 950 3682 Gora,
967 3635 1041 3686 quem
1059 3621 1144 3672 vivum
1164 3619 1215 3671 de-

241 3686 343 3756 glutivit
360 3697 436 3739 terre.
472 3688 550 3739 Locus
568 3696 651 3739 antem
669 3687 785 3740 laudatus
802 3690 838 3740 sic
856 3697 895 3739 est
912 3688 1084 3756 accipiendus:
1104 3687 1150 3740 dus
1169 3691 1214 3754 iat,

240 3755 282 3808 dic
299 3757 353 3808 sich
371 3756 537 3880 eingedringt
555 3757 647 3822 haben,
664 3764 815 3816 untcretiitzt
832 3757 911 3809 durch
921 3758 962 3810 die
974 3758 1056 3810 liaeht
1073 3758 1119 3812 der
1130 3759 1214 3812 Gros-

241 3842 294 3879 aen.
315 3856 344 3866 -
364 3828 396 3897 5)
452 3827 539 3880 horu.
558 3857 590 3866 -
610 3828 642 3896 6)
659 3827 701 3882 BG
717 3827 804 3882 haec.
824 3857 855 3870 -
875 3828 907 3898 7)
925 3827 986 3899 seg.
1004 3828 1088 3895 rue,
1106 3828 1147 3880 15.
