2642 4330
463 285 522 350 'DE
543 285 813 352 DAEMONIBUS.
1094 291 1155 352 aot

119 417 152 470 et
182 408 380 488 theologorum
411 409 489 470 ducti
519 418 587 471 sunt
616 413 646 471 in
674 429 823 488 campum,
855 415 1003 472 eteorum
1024 407 1160 474 universo

119 495 207 557 Claro
236 503 264 558 et
289 497 397 574 populo
427 497 590 575 degradati,
622 505 651 559 et
678 501 707 557 in
729 499 856 559 adventu
881 498 984 575 Regis,
1014 500 1062 574 qui
1088 505 1157 560 hmo

118 599 258 660 praesens
277 601 336 644 non
365 591 440 659 erat,
472 588 574 645 exusti.
615 585 672 662 Qui
692 592 787 646 mente
808 586 951 644 obstinata
981 585 1092 646 nullum
1117 585 1157 647 ad

117 671 294 748 interrogata
314 670 424 731 dabant
443 687 627 748 responsum,
655 674 684 730 in
706 673 810 749 quibus
830 674 860 730 in
882 674 944 746 ipso
965 674 1064 731 mortis
1084 675 1156 732 arti-

118 756 184 816 culo
212 757 324 817 nullum
355 758 492 833 perpendi
522 764 637 834 poterat
667 760 858 834 poeniteutiae
889 758 1032 818 indicium.
1083 758 1157 820 Cum

117 842 290 905 ducerentur
301 843 340 904 ad
361 850 511 920 tormento,
531 851 612 904 tanta
635 851 733 905 exorto
755 853 798 926 est
819 846 891 905 aeris
912 845 1100 921 inclementia,
1122 853 1156 907 ut

115 947 201 992 nemo
224 930 369 990 dubitaret
390 933 458 1012 puin
486 931 524 990 ab
547 933 589 990 eis
610 948 660 990 aer
679 931 779 992 frrisset
800 933 972 1006 concitatus,
1004 949 1023 990 a
1051 933 1156 1008 quibus

115 1023 214 1084 tantus
243 1033 322 1076 error
342 1018 528 1076 morientibus
556 1018 647 1077 luerat
667 1035 829 1093 persuasus.
871 1017 907 1075 In
927 1019 991 1093 ipsu
1011 1024 1096 1078 nocte
1116 1021 1155 1095 is,

115 1106 164 1180 qui
176 1106 253 1165 inter
265 1120 316 1162 eos
328 1105 422 1179 potior
436 1104 604 1179 habebatur,
617 1104 654 1164 ad
668 1107 772 1164 ostium
791 1103 939 1164 cuiusdam
950 1103 1075 1164 inclusae
1088 1105 1156 1180 pul-

114 1207 197 1265 sans,
220 1206 287 1249 sero
309 1207 394 1249 suum
416 1207 540 1250 errorem
562 1191 709 1250 confessus
731 1197 787 1266 est,
815 1181 945 1250 asserens
966 1208 998 1250 se
1018 1209 1156 1267 magnum

113 1276 261 1353 hospitem
294 1293 356 1336 esse
383 1278 412 1335 in
444 1277 568 1352 inferno,
601 1283 630 1336 et
671 1279 794 1338 aeternis
814 1275 952 1336 incendiis
978 1276 1155 1354 deputatum.

113 1361 249 1438 Quatuor
270 1379 307 1422 ex
329 1365 369 1422 eis
390 1363 502 1424 fucrant
522 1365 683 1438 examinati,
705 1363 827 1423 sednon
849 1371 915 1422 sunt
937 1366 1087 1440 combusti,
1107 1366 1155 1424 vi-

113 1448 220 1509 delicet
241 1451 378 1526 magister
398 1449 539 1524 Garbrus,
556 1449 671 1510 Ulricus
691 1449 839 1525 sacerdos,
860 1449 1023 1525 Stephanus
1043 1451 1154 1512 Diaco-

110 1553 176 1611 nus,
197 1537 249 1612 qui
269 1542 410 1612 perpetuo
431 1537 534 1596 reclusi
554 1543 622 1596 sunt
642 1553 770 1613 carcere3
792 1536 894 1596 Petrus
915 1553 984 1597 vero
1000 1544 1155 1614 antequam

112 1629 281 1698 caperetur,
310 1640 379 1698 prae
401 1625 501 1682 timore
522 1621 681 1682 monachus
703 1624 821 1683 effectus
843 1629 896 1682 est.
938 1623 1077 1701 Magister
1097 1623 1154 1684 Al-

110 1712 238 1769 mericue
254 1705 281 1788 ¹),
303 1711 353 1784 qui
373 1709 535 1786 praedictae
548 1711 696 1786 prauitatis
709 1712 847 1786 magister
858 1710 959 1785 luerat,
981 1714 1088 1770 eiectus
1110 1719 1154 1772 est

113 1794 151 1856 de
169 1796 316 1870 cimiterio,
339 1798 413 1856 etin
425 1813 526 1872 campo
539 1796 677 1872 sepultus.
697 1796 809 1856 Eodem
820 1802 949 1872 tempore
969 1803 1154 1873 praeceptum

16 1957 19 1964 ι
112 1887 158 1942 est
178 1882 314 1957 Parisiis,
341 1899 378 1941 ne
401 1885 464 1958 quis
492 1883 565 1943 infra
585 1885 746 1948 triennium*
763 1882 872 1960 legeret
892 1883 980 1942 libros
1000 1884 1153 1952 naturales.

2 1983 3 2046 3
111 1967 193 2028 Libri
214 1970 344 2045 magistri
363 1968 476 2045 David,
505 1976 535 2029 et
554 1968 619 2030 libri
641 1968 744 2028 Gallici
771 1969 806 2028 de
827 1968 986 2045 theologia,
1014 1976 1153 2047 perpetuo

1 2052 2 2067 ¹
111 2053 241 2115 damnati
271 2061 339 2114 sunt
371 2061 400 2115 et
427 2058 528 2116 exusti.
576 2055 683 2131 Sicque
709 2070 762 2133 per
790 2055 847 2116 Dei
876 2058 999 2134 matiam
1027 2056 1153 2118 haeresis

2 2149 3 2154 ’
114 2147 214 2202 exorta
236 2143 350 2220 succisa
372 2148 423 2202 est.
472 2218 480 2232 Ι
541 2191 545 2195 .

449 2295 681 2360 ereremum
702 2279 821 2358 xxm.

170 2417 219 2477 De
239 2418 387 2478 haeretico
410 2418 495 2494 apud
517 2418 624 2479 Treoua
646 2399 757 2494 exuam,
780 2424 832 2497 qui
852 2437 883 2480 ec
904 2419 1017 2481 dicebat
1039 2438 1097 2480 esee

480 2505 626 2580 &iritum
646 2515 791 2567 carectum.

175 2625 234 2686 Vix
262 2629 330 2684 sunt
352 2623 408 2686 duo
430 2626 497 2684 anni
519 2625 622 2702 elapsi,
654 2627 732 2705 quod
761 2628 878 2704 quidum
907 2628 1021 2690 diabolo
1048 2627 1151 2705 plenus

108 2710 190 2788 apud
211 2711 320 2772 lheoas
332 2707 353 2791 ²)
375 2729 407 2772 se
429 2729 493 2772 esse
514 2711 650 2788 Spiritum
671 2721 803 2775 sanctum
822 2715 937 2792 publice
957 2716 1151 2792 praedicabat.

108 2797 200 2858 Cuius
220 2800 363 2858 insaniam
383 2799 481 2875 populi
502 2817 561 2859 non
581 2801 758 2878 sufferentes,
779 2804 808 2860 in
830 2808 908 2862 crete
928 2809 1100 2879 posuemnt‚
1122 2808 1151 2862 et

106 2886 226 2960 copioso
259 2886 327 2960 igne
359 2887 559 2962 circumposito
597 2888 628 2945 in
660 2890 814 2948 carbonem
845 2889 1023 2965 redegerunt.
1078 2886 1150 2949 ΝΟ-

103 2970 257 3032 VICIUS:
278 2969 355 3030 Puto
376 2975 465 3032 vitam
486 2973 600 3032 illorum
611 2975 734 3034 multum
755 2975 959 3036 exsecrabilem
981 2993 1053 3050 esse,
1074 2992 1150 3052 quo-

103 3075 172 3117 rum
193 3064 255 3118 tam
276 3057 362 3116 foedo
383 3065 427 3118 est
442 3127 447 3132 ,
460 3058 596 3119 doctrina.
633 3060 869 3121 MONAOHUS:
890 3061 931 3123 Ut
951 3062 1074 3138 amplius
1096 3061 1149 3122 de·

103 3146 220 3205 testeris
235 3143 443 3205 haereticorum
464 3151 567 3221 sectas,
588 3163 677 3208 unum
698 3150 750 3209 tibi
772 3148 808 3209 de
820 3148 933 3209 illorum
954 3151 1015 3210 vita
1027 3149 1148 3210 subiun-

106 3249 179 3309 gam
202 3229 375 3306 exemplum.

448 3385 681 3448 CAPITULUM
700 3388 816 3450 XXIV.

389 3509 437 3568 De
461 3509 611 3568 haereticis
639 3509 860 3570 Verooeuetbuo.

170 3629 314 3706 Tempore
334 3628 476 3689 Frederici
498 3629 681 3705 Imperatoris
710 3648 775 3690 cum
796 3632 903 3692 Lucius
924 3633 1007 3709 Papa
1032 3621 1147 3694 iecisset

100 3715 239 3779 Veronae
261 3717 377 3776 civitate
396 3715 588 3775 Lombordiae
608 3732 735 3791 moram,
756 3718 852 3777 multis
872 3725 932 3779 tam
952 3719 1145 3781 Ecclesiarum

7 3887 13 3902 .
122 3847 157 3918 1)
172 3849 193 3902 B
210 3848 412 3915 Amelricus,
425 3847 449 3929 'G
466 3848 658 3903 Emelricue.
678 3881 709 3891 -
727 3852 761 3920 2)
779 3852 882 3921 Troyes.
