<?xml version="1.0" encoding="UTF-8"?>
<!DOCTYPE html PUBLIC "-//W3C//DTD XHTML 1.0 Transitional//EN"
    "http://www.w3.org/TR/xhtml1/DTD/xhtml1-transitional.dtd">
<html xmlns="http://www.w3.org/1999/xhtml" xml:lang="en" lang="en">
 <head>
  <title>
</title>
<meta http-equiv="Content-Type" content="text/html;charset=utf-8" />
  <meta name='ocr-system' content='tesseract 3.04.00' />
  <meta name='ocr-capabilities' content='ocr_page ocr_carea ocr_par ocr_line ocrx_word'/>
</head>
<body>
  <div class='ocr_page' id='page_1' title='image "./caesariiheister05stragoog/caesariiheister05stragoog_0036.png"; bbox 0 0 2580 4316; ppageno 0'>
   <div class='ocr_carea' id='block_1_1' title="bbox 416 276 1109 342">
    <p class='ocr_par' dir='ltr' id='par_1_1' title="bbox 416 276 1109 342">
     <span class='ocr_line' id='line_1_1' title="bbox 416 276 1109 342; baseline 0.003 -2"><span class='ocrx_word' id='word_1_1' title='bbox 416 279 476 340; x_wconf 82' lang='lat' dir='ltr'>DE</span> <span class='ocrx_word' id='word_1_2' title='bbox 500 276 779 341; x_wconf 77' lang='lat' dir='ltr'>CONVERSIONE.</span> <span class='ocrx_word' id='word_1_3' title='bbox 1071 279 1109 342; x_wconf 82' lang='lat'>21</span> 
     </span>
    </p>
   </div>
   <div class='ocr_carea' id='block_1_2' title="bbox 86 398 1114 810">
    <p class='ocr_par' dir='ltr' id='par_1_2' title="bbox 86 398 1114 810">
     <span class='ocr_line' id='line_1_2' title="bbox 90 398 1113 482; baseline 0.005 -21"><span class='ocrx_word' id='word_1_4' title='bbox 90 401 198 461; x_wconf 77' lang='lat' dir='ltr'>meinos</span> <span class='ocrx_word' id='word_1_5' title='bbox 218 402 359 462; x_wconf 64' lang='lat' dir='ltr'>scotavit</span> <span class='ocrx_word' id='word_1_6' title='bbox 370 398 400 482; x_wconf 92' lang='lat'>¹).</span> <span class='ocrx_word' id='word_1_7' title='bbox 446 401 547 462; x_wconf 77' lang='lat' dir='ltr'>Scissis</span> <span class='ocrx_word' id='word_1_8' title='bbox 569 405 654 462; x_wconf 87' lang='lat' dir='ltr'>etiam</span> <span class='ocrx_word' id='word_1_9' title='bbox 676 403 778 463; x_wconf 73' lang='lat' dir='ltr'>ceorlis</span> <span class='ocrx_word' id='word_1_10' title='bbox 799 419 900 464; x_wconf 88' lang='lat' dir='ltr'>carnes</span> <span class='ocrx_word' id='word_1_11' title='bbox 928 402 1039 464; x_wconf 89' lang='lat' dir='ltr'>illorum</span> <span class='ocrx_word' id='word_1_12' title='bbox 1061 422 1113 466; x_wconf 85' lang='lat' dir='ltr'>oa-</span> 
     </span>
     <span class='ocr_line' id='line_1_3' title="bbox 89 485 1114 567; baseline 0.005 -20"><span class='ocrx_word' id='word_1_13' title='bbox 89 485 163 563; x_wconf 81' lang='lat' dir='ltr'>idos,</span> <span class='ocrx_word' id='word_1_14' title='bbox 192 492 270 565; x_wconf 88' lang='lat' dir='ltr'>quasi</span> <span class='ocrx_word' id='word_1_15' title='bbox 290 506 346 565; x_wconf 88' lang='lat' dir='ltr'>pro</span> <span class='ocrx_word' id='word_1_16' title='bbox 369 489 517 564; x_wconf 87' lang='lat' dir='ltr'>remedio,</span> <span class='ocrx_word' id='word_1_17' title='bbox 544 492 629 566; x_wconf 87' lang='lat' dir='ltr'>capiti</span> <span class='ocrx_word' id='word_1_18' title='bbox 650 493 712 556; x_wconf 88' lang='lat' dir='ltr'>eins</span> <span class='ocrx_word' id='word_1_19' title='bbox 732 490 810 550; x_wconf 86' lang='lat' dir='ltr'>nudo</span> <span class='ocrx_word' id='word_1_20' title='bbox 831 493 1039 567; x_wconf 87' lang='lat' dir='ltr'>imposuerunt,</span> <span class='ocrx_word' id='word_1_21' title='bbox 1060 492 1114 552; x_wconf 91' lang='lat' dir='ltr'>sed</span> 
     </span>
     <span class='ocr_line' id='line_1_4' title="bbox 88 575 1113 660; baseline 0.006 -26"><span class='ocrx_word' id='word_1_22' title='bbox 88 575 147 634; x_wconf 85' lang='lat' dir='ltr'>nihil</span> <span class='ocrx_word' id='word_1_23' title='bbox 166 578 189 634; x_wconf 89' lang='lat' dir='ltr'>ei</span> <span class='ocrx_word' id='word_1_24' title='bbox 206 577 389 652; x_wconf 78' lang='lat' dir='ltr'>protuerunt.</span> <span class='ocrx_word' id='word_1_25' title='bbox 433 577 500 636; x_wconf 89' lang='lat' dir='ltr'>Non</span> <span class='ocrx_word' id='word_1_26' title='bbox 521 579 596 638; x_wconf 89' lang='lat' dir='ltr'>enim</span> <span class='ocrx_word' id='word_1_27' title='bbox 616 584 748 654; x_wconf 84' lang='lat' dir='ltr'><strong>poterant</strong></span> <span class='ocrx_word' id='word_1_28' title='bbox 777 594 876 638; x_wconf 89' lang='lat' dir='ltr'>carnes</span> <span class='ocrx_word' id='word_1_29' title='bbox 904 576 1040 660; x_wconf 84' lang='lat' dir='ltr'>rabiom²)</span> <span class='ocrx_word' id='word_1_30' title='bbox 1063 597 1113 640; x_wconf 87' lang='lat' dir='ltr'>sa-</span> 
     </span>
     <span class='ocr_line' id='line_1_5' title="bbox 87 663 1112 743; baseline 0.006 -23"><span class='ocrx_word' id='word_1_31' title='bbox 87 678 157 735; x_wconf 85' lang='lat' dir='ltr'>nare,</span> <span class='ocrx_word' id='word_1_32' title='bbox 181 680 304 738; x_wconf 90' lang='lat' dir='ltr'>poenam</span> <span class='ocrx_word' id='word_1_33' title='bbox 333 666 510 741; x_wconf 81' lang='lat' dir='ltr'>apostasiae.</span> <span class='ocrx_word' id='word_1_34' title='bbox 552 663 632 734; x_wconf 82' lang='lat' dir='ltr'>Audi</span> <span class='ocrx_word' id='word_1_35' title='bbox 654 671 683 724; x_wconf 93' lang='lat' dir='ltr'>et</span> <span class='ocrx_word' id='word_1_36' title='bbox 703 664 781 724; x_wconf 85' lang='lat' dir='ltr'>aliud</span> <span class='ocrx_word' id='word_1_37' title='bbox 810 665 972 743; x_wconf 79' lang='lat' dir='ltr'>eiamplum</span> <span class='ocrx_word' id='word_1_38' title='bbox 999 665 1035 726; x_wconf 85' lang='lat' dir='ltr'>de</span> <span class='ocrx_word' id='word_1_39' title='bbox 1056 666 1112 726; x_wconf 88' lang='lat' dir='ltr'>alio</span> 
     </span>
     <span class='ocr_line' id='line_1_6' title="bbox 86 751 190 810; baseline 0 -2"><span class='ocrx_word' id='word_1_40' title='bbox 86 751 190 810; x_wconf 75' lang='lat' dir='ltr'>novicio.</span> 
     </span>
    </p>
   </div>
   <div class='ocr_carea' id='block_1_3' title="bbox 439 937 760 1008">
    <p class='ocr_par' dir='ltr' id='par_1_3' title="bbox 439 937 760 1008">
     <span class='ocr_line' id='line_1_7' title="bbox 439 937 760 1008; baseline 0.003 -8"><span class='ocrx_word' id='word_1_41' title='bbox 439 937 670 1008; x_wconf 80' lang='lat' dir='ltr'>CAPITULUM</span> <span class='ocrx_word' id='word_1_42' title='bbox 689 941 760 1001; x_wconf 89' lang='lat' dir='ltr'>XV.</span> 
     </span>
    </p>
   </div>
   <div class='ocr_carea' id='block_1_4' title="bbox 94 1059 1103 1226">
    <p class='ocr_par' dir='ltr' id='par_1_4' title="bbox 94 1059 1103 1226">
     <span class='ocr_line' id='line_1_8' title="bbox 94 1059 1103 1138; baseline 0.004 -20"><span class='ocrx_word' id='word_1_43' title='bbox 94 1059 134 1118; x_wconf 85' lang='lat' dir='ltr'>De</span> <span class='ocrx_word' id='word_1_44' title='bbox 151 1060 300 1121; x_wconf 63' lang='lat' dir='ltr'>merendo</span> <span class='ocrx_word' id='word_1_45' title='bbox 322 1068 423 1122; x_wconf 77' lang='lat' dir='ltr'>morte</span> <span class='ocrx_word' id='word_1_46' title='bbox 443 1062 626 1122; x_wconf 81' lang='lat' dir='ltr'>Banneoonis</span> <span class='ocrx_word' id='word_1_47' title='bbox 647 1066 761 1136; x_wconf 72' lang='lat' dir='ltr'>amicti,</span> <span class='ocrx_word' id='word_1_48' title='bbox 784 1069 812 1122; x_wconf 85' lang='lat' dir='ltr'>ot</span> <span class='ocrx_word' id='word_1_49' title='bbox 834 1063 916 1138; x_wconf 77' lang='lat' dir='ltr'>qnod</span> <span class='ocrx_word' id='word_1_50' title='bbox 934 1079 997 1122; x_wconf 80' lang='lat' dir='ltr'>aon</span> <span class='ocrx_word' id='word_1_51' title='bbox 1017 1063 1103 1122; x_wconf 81' lang='lat' dir='ltr'>liccat</span> 
     </span>
     <span class='ocr_line' id='line_1_9' title="bbox 244 1149 943 1226; baseline -0.003 -17"><span class='ocrx_word' id='word_1_52' title='bbox 244 1152 374 1209; x_wconf 57' lang='lat' dir='ltr'>novicio</span> <span class='ocrx_word' id='word_1_53' title='bbox 395 1149 491 1208; x_wconf 82' lang='lat' dir='ltr'>redire</span> <span class='ocrx_word' id='word_1_54' title='bbox 513 1149 556 1207; x_wconf 86' lang='lat' dir='ltr'>ad</span> <span class='ocrx_word' id='word_1_55' title='bbox 574 1150 724 1210; x_wconf 81' lang='lat' dir='ltr'>sacculum</span> <span class='ocrx_word' id='word_1_56' title='bbox 740 1156 812 1226; x_wconf 81' lang='lat' dir='ltr'>post</span> <span class='ocrx_word' id='word_1_57' title='bbox 831 1155 943 1209; x_wconf 82' lang='lat' dir='ltr'>volum.</span> 
     </span>
    </p>
   </div>
   <div class='ocr_carea' id='block_1_5' title="bbox 80 1285 1121 3102">
    <p class='ocr_par' dir='ltr' id='par_1_5' title="bbox 80 1285 1121 3102">
     <span class='ocr_line' id='line_1_10' title="bbox 136 1285 1113 1364; baseline 0 -19"><span class='ocrx_word' id='word_1_58' title='bbox 136 1285 217 1346; x_wconf 84' lang='lat' dir='ltr'>Miles</span> <span class='ocrx_word' id='word_1_59' title='bbox 253 1287 379 1363; x_wconf 82' lang='lat' dir='ltr'>qnidam</span> <span class='ocrx_word' id='word_1_60' title='bbox 407 1286 544 1346; x_wconf 87' lang='lat' dir='ltr'>Benneco</span> <span class='ocrx_word' id='word_1_61' title='bbox 579 1289 707 1361; x_wconf 90' lang='lat' dir='ltr'>nomine,</span> <span class='ocrx_word' id='word_1_62' title='bbox 741 1287 777 1346; x_wconf 90' lang='lat' dir='ltr'>de</span> <span class='ocrx_word' id='word_1_63' title='bbox 816 1287 885 1347; x_wconf 87' lang='lat' dir='ltr'>villa</span> <span class='ocrx_word' id='word_1_64' title='bbox 921 1286 1113 1364; x_wconf 85' lang='lat' dir='ltr'>Palmirsdorp</span> 
     </span>
     <span class='ocr_line' id='line_1_11' title="bbox 83 1371 1114 1454; baseline 0.002 -22"><span class='ocrx_word' id='word_1_65' title='bbox 83 1375 218 1451; x_wconf 82' lang='lat' dir='ltr'>onnndus,</span> <span class='ocrx_word' id='word_1_66' title='bbox 250 1392 373 1434; x_wconf 88' lang='lat' dir='ltr'>mecum</span> <span class='ocrx_word' id='word_1_67' title='bbox 401 1374 626 1451; x_wconf 88' lang='lat' dir='ltr'>inprobatione</span> <span class='ocrx_word' id='word_1_68' title='bbox 654 1376 783 1433; x_wconf 84' lang='lat' dir='ltr'>novicius</span> <span class='ocrx_word' id='word_1_69' title='bbox 792 1371 813 1454; x_wconf 80' lang='lat'>³)</span> <span class='ocrx_word' id='word_1_70' title='bbox 835 1374 902 1447; x_wconf 83' lang='lat' dir='ltr'>luit,</span> <span class='ocrx_word' id='word_1_71' title='bbox 934 1377 977 1434; x_wconf 82' lang='lat' dir='ltr'>vir</span> <span class='ocrx_word' id='word_1_72' title='bbox 999 1374 1114 1452; x_wconf 87' lang='lat' dir='ltr'>quidem</span> 
     </span>
     <span class='ocr_line' id='line_1_12' title="bbox 81 1457 1114 1540; baseline 0 -20"><span class='ocrx_word' id='word_1_73' title='bbox 81 1457 192 1540; x_wconf 76' lang='lat' dir='ltr'>aetata⁴)</span> <span class='ocrx_word' id='word_1_74' title='bbox 223 1461 430 1539; x_wconf 82' lang='lat' dir='ltr'>grandaevus,</span> <span class='ocrx_word' id='word_1_75' title='bbox 459 1460 512 1520; x_wconf 89' lang='lat' dir='ltr'>sed</span> <span class='ocrx_word' id='word_1_76' title='bbox 541 1463 616 1520; x_wconf 84' lang='lat' dir='ltr'>circa</span> <span class='ocrx_word' id='word_1_77' title='bbox 643 1464 820 1537; x_wconf 86' lang='lat' dir='ltr'>propositum</span> <span class='ocrx_word' id='word_1_78' title='bbox 851 1461 993 1538; x_wconf 84' lang='lat' dir='ltr'>religionis</span> <span class='ocrx_word' id='word_1_79' title='bbox 1020 1463 1114 1520; x_wconf 88' lang='lat' dir='ltr'>minus</span> 
     </span>
     <span class='ocr_line' id='line_1_13' title="bbox 82 1547 1114 1623; baseline 0 -17"><span class='ocrx_word' id='word_1_80' title='bbox 82 1547 199 1608; x_wconf 82' lang='lat' dir='ltr'>devotus.</span> <span class='ocrx_word' id='word_1_81' title='bbox 242 1548 350 1608; x_wconf 90' lang='lat' dir='ltr'>Multis</span> <span class='ocrx_word' id='word_1_82' title='bbox 372 1547 465 1607; x_wconf 90' lang='lat' dir='ltr'>modis</span> <span class='ocrx_word' id='word_1_83' title='bbox 486 1554 612 1608; x_wconf 86' lang='lat' dir='ltr'>tentatus</span> <span class='ocrx_word' id='word_1_84' title='bbox 634 1555 663 1607; x_wconf 89' lang='lat' dir='ltr'>et</span> <span class='ocrx_word' id='word_1_85' title='bbox 682 1550 713 1606; x_wconf 94' lang='lat' dir='ltr'>in</span> <span class='ocrx_word' id='word_1_86' title='bbox 734 1550 889 1608; x_wconf 83' lang='lat' dir='ltr'>tentatione</span> <span class='ocrx_word' id='word_1_87' title='bbox 910 1551 1018 1623; x_wconf 88' lang='lat' dir='ltr'>vietus,</span> <span class='ocrx_word' id='word_1_88' title='bbox 1048 1564 1114 1608; x_wconf 88' lang='lat' dir='ltr'>enm</span> 
     </span>
     <span class='ocr_line' id='line_1_14' title="bbox 81 1632 1114 1715; baseline 0.001 -22"><span class='ocrx_word' id='word_1_89' title='bbox 81 1651 132 1694; x_wconf 94' lang='lat' dir='ltr'>non</span> <span class='ocrx_word' id='word_1_90' title='bbox 150 1638 352 1711; x_wconf 80' lang='lat' dir='ltr'>acquiesceret</span> <span class='ocrx_word' id='word_1_91' title='bbox 374 1632 522 1715; x_wconf 82' lang='lat' dir='ltr'>oonsilic⁶)</span> <span class='ocrx_word' id='word_1_92' title='bbox 542 1639 675 1709; x_wconf 84' lang='lat' dir='ltr'>fratrum,</span> <span class='ocrx_word' id='word_1_93' title='bbox 709 1637 782 1694; x_wconf 89' lang='lat' dir='ltr'>sicut</span> <span class='ocrx_word' id='word_1_94' title='bbox 804 1637 881 1694; x_wconf 89' lang='lat' dir='ltr'>oanis</span> <span class='ocrx_word' id='word_1_95' title='bbox 903 1635 941 1694; x_wconf 84' lang='lat' dir='ltr'>ad</span> <span class='ocrx_word' id='word_1_96' title='bbox 962 1637 1114 1710; x_wconf 82' lang='lat' dir='ltr'>vomitum,</span> 
     </span>
     <span class='ocr_line' id='line_1_15' title="bbox 80 1719 1115 1802; baseline 0.001 -22"><span class='ocrx_word' id='word_1_97' title='bbox 80 1723 116 1781; x_wconf 91' lang='lat' dir='ltr'>sio</span> <span class='ocrx_word' id='word_1_98' title='bbox 135 1725 217 1783; x_wconf 91' lang='lat' dir='ltr'>miser</span> <span class='ocrx_word' id='word_1_99' title='bbox 225 1719 246 1802; x_wconf 80' lang='lat'>⁶)</span> <span class='ocrx_word' id='word_1_100' title='bbox 269 1739 410 1783; x_wconf 85' lang='lat' dir='ltr'>reversus</span> <span class='ocrx_word' id='word_1_101' title='bbox 432 1728 476 1780; x_wconf 87' lang='lat' dir='ltr'>est</span> <span class='ocrx_word' id='word_1_102' title='bbox 496 1720 535 1780; x_wconf 87' lang='lat' dir='ltr'>ad</span> <span class='ocrx_word' id='word_1_103' title='bbox 556 1721 710 1780; x_wconf 89' lang='lat' dir='ltr'>saeculnm.</span> <span class='ocrx_word' id='word_1_104' title='bbox 753 1721 886 1782; x_wconf 85' lang='lat' dir='ltr'>Secunda</span> <span class='ocrx_word' id='word_1_105' title='bbox 906 1725 971 1781; x_wconf 79' lang='lat' dir='ltr'>vice</span> <span class='ocrx_word' id='word_1_106' title='bbox 992 1721 1023 1781; x_wconf 86' lang='lat' dir='ltr'>id</span> <span class='ocrx_word' id='word_1_107' title='bbox 1041 1724 1115 1782; x_wconf 86' lang='lat' dir='ltr'>seti-</span> 
     </span>
     <span class='ocr_line' id='line_1_16' title="bbox 80 1807 1115 1886; baseline 0.002 -18"><span class='ocrx_word' id='word_1_108' title='bbox 80 1815 154 1883; x_wconf 81' lang='lat' dir='ltr'>tsm,</span> <span class='ocrx_word' id='word_1_109' title='bbox 173 1817 357 1886; x_wconf 85' lang='lat' dir='ltr'>praeventus</span> <span class='ocrx_word' id='word_1_110' title='bbox 378 1807 555 1883; x_wconf 85' lang='lat' dir='ltr'>infirmitate,</span> <span class='ocrx_word' id='word_1_111' title='bbox 582 1811 613 1867; x_wconf 91' lang='lat' dir='ltr'>in</span> <span class='ocrx_word' id='word_1_112' title='bbox 635 1808 720 1867; x_wconf 93' lang='lat' dir='ltr'>domo</span> <span class='ocrx_word' id='word_1_113' title='bbox 740 1811 855 1884; x_wconf 83' lang='lat' dir='ltr'>propria</span> <span class='ocrx_word' id='word_1_114' title='bbox 875 1810 905 1867; x_wconf 93' lang='lat' dir='ltr'>in</span> <span class='ocrx_word' id='word_1_115' title='bbox 925 1808 1026 1870; x_wconf 84' lang='lat' dir='ltr'>habitu</span> <span class='ocrx_word' id='word_1_116' title='bbox 1047 1825 1115 1870; x_wconf 85' lang='lat' dir='ltr'>sae·</span> 
     </span>
     <span class='ocr_line' id='line_1_17' title="bbox 82 1894 1116 1973; baseline -0.002 -17"><span class='ocrx_word' id='word_1_117' title='bbox 82 1894 159 1956; x_wconf 81' lang='lat' dir='ltr'>colari</span> <span class='ocrx_word' id='word_1_118' title='bbox 189 1897 269 1956; x_wconf 88' lang='lat' dir='ltr'>diem</span> <span class='ocrx_word' id='word_1_119' title='bbox 299 1897 407 1956; x_wconf 86' lang='lat' dir='ltr'>clausit</span> <span class='ocrx_word' id='word_1_120' title='bbox 434 1901 606 1971; x_wconf 83' lang='lat' dir='ltr'>extremum,</span> <span class='ocrx_word' id='word_1_121' title='bbox 637 1895 749 1954; x_wconf 89' lang='lat' dir='ltr'>nullum</span> <span class='ocrx_word' id='word_1_122' title='bbox 774 1898 966 1973; x_wconf 87' lang='lat' dir='ltr'>poenitentiae</span> <span class='ocrx_word' id='word_1_123' title='bbox 995 1896 1116 1956; x_wconf 87' lang='lat' dir='ltr'>demon·</span> 
     </span>
     <span class='ocr_line' id='line_1_18' title="bbox 81 1981 1116 2058; baseline 0.001 -17"><span class='ocrx_word' id='word_1_124' title='bbox 81 1989 163 2043; x_wconf 84' lang='lat' dir='ltr'>strans</span> <span class='ocrx_word' id='word_1_125' title='bbox 183 1984 336 2044; x_wconf 86' lang='lat' dir='ltr'>indicium.</span> <span class='ocrx_word' id='word_1_126' title='bbox 381 1981 438 2058; x_wconf 89' lang='lat' dir='ltr'>Qui</span> <span class='ocrx_word' id='word_1_127' title='bbox 460 1999 526 2042; x_wconf 92' lang='lat' dir='ltr'>cum</span> <span class='ocrx_word' id='word_1_128' title='bbox 546 1988 711 2058; x_wconf 88' lang='lat' dir='ltr'>moreretur,</span> <span class='ocrx_word' id='word_1_129' title='bbox 733 1988 829 2042; x_wconf 84' lang='lat' dir='ltr'>tantus</span> <span class='ocrx_word' id='word_1_130' title='bbox 841 1982 894 2041; x_wconf 88' lang='lat' dir='ltr'>fuit</span> <span class='ocrx_word' id='word_1_131' title='bbox 910 1985 985 2042; x_wconf 85' lang='lat' dir='ltr'>circs</span> <span class='ocrx_word' id='word_1_132' title='bbox 999 1983 1116 2042; x_wconf 85' lang='lat' dir='ltr'>domum</span> 
     </span>
     <span class='ocr_line' id='line_1_19' title="bbox 82 2068 1118 2146; baseline -0.003 -15"><span class='ocrx_word' id='word_1_133' title='bbox 82 2068 156 2132; x_wconf 77' lang='lat' dir='ltr'>flatus</span> <span class='ocrx_word' id='word_1_134' title='bbox 175 2077 351 2145; x_wconf 85' lang='lat' dir='ltr'>ventorum,</span> <span class='ocrx_word' id='word_1_135' title='bbox 379 2075 461 2130; x_wconf 88' lang='lat' dir='ltr'>tanta</span> <span class='ocrx_word' id='word_1_136' title='bbox 481 2087 567 2146; x_wconf 87' lang='lat' dir='ltr'>super</span> <span class='ocrx_word' id='word_1_137' title='bbox 587 2075 696 2128; x_wconf 89' lang='lat' dir='ltr'>tectum</span> <span class='ocrx_word' id='word_1_138' title='bbox 716 2068 868 2128; x_wconf 84' lang='lat' dir='ltr'>multitudo</span> <span class='ocrx_word' id='word_1_139' title='bbox 891 2085 1053 2145; x_wconf 79' lang='lat' dir='ltr'>cormmm,</span> <span class='ocrx_word' id='word_1_140' title='bbox 1085 2075 1118 2128; x_wconf 89' lang='lat' dir='ltr'>nt</span> 
     </span>
     <span class='ocr_line' id='line_1_20' title="bbox 83 2152 1117 2236; baseline -0.002 -20"><span class='ocrx_word' id='word_1_141' title='bbox 83 2165 192 2234; x_wconf 83' lang='lat' dir='ltr'>excepte</span> <span class='ocrx_word' id='word_1_142' title='bbox 211 2177 276 2218; x_wconf 90' lang='lat' dir='ltr'>una</span> <span class='ocrx_word' id='word_1_143' title='bbox 302 2156 402 2217; x_wconf 82' lang='lat' dir='ltr'>vetula</span> <span class='ocrx_word' id='word_1_144' title='bbox 423 2173 522 2216; x_wconf 91' lang='lat' dir='ltr'>omnes</span> <span class='ocrx_word' id='word_1_145' title='bbox 544 2156 581 2215; x_wconf 85' lang='lat' dir='ltr'>de</span> <span class='ocrx_word' id='word_1_146' title='bbox 603 2155 687 2216; x_wconf 85' lang='lat' dir='ltr'>domo</span> <span class='ocrx_word' id='word_1_147' title='bbox 709 2158 798 2216; x_wconf 87' lang='lat' dir='ltr'>territi</span> <span class='ocrx_word' id='word_1_148' title='bbox 810 2152 830 2236; x_wconf 78' lang='grc' dir='ltr'>τ)</span> <span class='ocrx_word' id='word_1_149' title='bbox 852 2156 982 2232; x_wconf 87' lang='lat' dir='ltr'>fugerent</span> <span class='ocrx_word' id='word_1_150' title='bbox 1003 2161 1033 2216; x_wconf 91' lang='lat' dir='ltr'>et</span> <span class='ocrx_word' id='word_1_151' title='bbox 1051 2173 1117 2215; x_wconf 93' lang='lat' dir='ltr'>mo-</span> 
     </span>
     <span class='ocr_line' id='line_1_21' title="bbox 82 2237 1117 2319; baseline 0.001 -17"><span class='ocrx_word' id='word_1_152' title='bbox 82 2245 190 2304; x_wconf 84' lang='lat' dir='ltr'>rientem</span> <span class='ocrx_word' id='word_1_153' title='bbox 212 2245 393 2305; x_wconf 87' lang='lat' dir='ltr'>desererent.</span> <span class='ocrx_word' id='word_1_154' title='bbox 435 2237 513 2302; x_wconf 84' lang='lat' dir='ltr'>Ecce</span> <span class='ocrx_word' id='word_1_155' title='bbox 535 2241 613 2318; x_wconf 87' lang='lat' dir='ltr'>quali</span> <span class='ocrx_word' id='word_1_156' title='bbox 633 2249 724 2303; x_wconf 92' lang='lat' dir='ltr'>morte</span> <span class='ocrx_word' id='word_1_157' title='bbox 746 2244 920 2318; x_wconf 88' lang='lat' dir='ltr'>moriuntur,</span> <span class='ocrx_word' id='word_1_158' title='bbox 943 2243 992 2319; x_wconf 90' lang='lat' dir='ltr'>qui</span> <span class='ocrx_word' id='word_1_159' title='bbox 1012 2261 1031 2303; x_wconf 86' lang='lat' dir='ltr'>a</span> <span class='ocrx_word' id='word_1_160' title='bbox 1051 2243 1117 2303; x_wconf 93' lang='lat' dir='ltr'>Deo</span> 
     </span>
     <span class='ocr_line' id='line_1_22' title="bbox 82 2328 1120 2406; baseline 0.003 -18"><span class='ocrx_word' id='word_1_161' title='bbox 82 2331 217 2392; x_wconf 85' lang='lat' dir='ltr'>recedunt</span> <span class='ocrx_word' id='word_1_162' title='bbox 262 2328 472 2391; x_wconf 80' lang='lat' dir='ltr'>NOVlOIUS:</span> <span class='ocrx_word' id='word_1_163' title='bbox 504 2329 580 2388; x_wconf 89' lang='lat' dir='ltr'>Puto</span> <span class='ocrx_word' id='word_1_164' title='bbox 610 2333 677 2406; x_wconf 89' lang='lat' dir='ltr'>quia</span> <span class='ocrx_word' id='word_1_165' title='bbox 710 2331 794 2390; x_wconf 84' lang='lat' dir='ltr'>flatus</span> <span class='ocrx_word' id='word_1_166' title='bbox 826 2329 874 2389; x_wconf 90' lang='lat' dir='ltr'>ille</span> <span class='ocrx_word' id='word_1_167' title='bbox 901 2337 1053 2391; x_wconf 83' lang='lat' dir='ltr'>ventorum</span> <span class='ocrx_word' id='word_1_168' title='bbox 1089 2337 1120 2391; x_wconf 89' lang='lat' dir='ltr'>et</span> 
     </span>
     <span class='ocr_line' id='line_1_23' title="bbox 82 2413 1118 2497; baseline 0.002 -21"><span class='ocrx_word' id='word_1_169' title='bbox 82 2419 159 2479; x_wconf 81' lang='lat' dir='ltr'>turba</span> <span class='ocrx_word' id='word_1_170' title='bbox 180 2420 386 2478; x_wconf 70' lang='lat' dir='ltr'>oscitantium</span> <span class='ocrx_word' id='word_1_171' title='bbox 407 2432 558 2476; x_wconf 83' lang='lat' dir='ltr'>corvorum</span> <span class='ocrx_word' id='word_1_172' title='bbox 579 2416 696 2476; x_wconf 83' lang='lat' dir='ltr'>evidens</span> <span class='ocrx_word' id='word_1_173' title='bbox 716 2413 825 2497; x_wconf 48' lang='lat' dir='ltr'>menti</span> <span class='ocrx_word' id='word_1_174' title='bbox 847 2419 961 2494; x_wconf 86' lang='lat' dir='ltr'>signum</span> <span class='ocrx_word' id='word_1_175' title='bbox 980 2435 1118 2493; x_wconf 84' lang='lat' dir='ltr'>praesen·</span> 
     </span>
     <span class='ocr_line' id='line_1_24' title="bbox 83 2501 1119 2580; baseline -0.001 -15"><span class='ocrx_word' id='word_1_176' title='bbox 83 2506 134 2565; x_wconf 84' lang='lat' dir='ltr'>tiae</span> <span class='ocrx_word' id='word_1_177' title='bbox 161 2505 393 2566; x_wconf 86' lang='lat' dir='ltr'>daemoniorum.</span> <span class='ocrx_word' id='word_1_178' title='bbox 435 2501 672 2564; x_wconf 83' lang='lat' dir='ltr'><strong>MONAOHUS:</strong></span> <span class='ocrx_word' id='word_1_179' title='bbox 700 2504 790 2564; x_wconf 89' lang='lat' dir='ltr'>Plane</span> <span class='ocrx_word' id='word_1_180' title='bbox 818 2505 860 2563; x_wconf 84' lang='lat' dir='ltr'>ite</span> <span class='ocrx_word' id='word_1_181' title='bbox 887 2511 946 2580; x_wconf 79' lang='lat' dir='ltr'>ost3</span> <span class='ocrx_word' id='word_1_182' title='bbox 975 2507 1016 2564; x_wconf 89' lang='lat' dir='ltr'>ait</span> <span class='ocrx_word' id='word_1_183' title='bbox 1044 2507 1119 2564; x_wconf 93' lang='lat' dir='ltr'>enim</span> 
     </span>
     <span class='ocr_line' id='line_1_25' title="bbox 84 2590 1120 2668; baseline 0.002 -18"><span class='ocrx_word' id='word_1_184' title='bbox 84 2590 222 2653; x_wconf 80' lang='lat' dir='ltr'>Salvator:</span> <span class='ocrx_word' id='word_1_185' title='bbox 256 2592 356 2652; x_wconf 83' lang='lat' dir='ltr'>Nemo</span> <span class='ocrx_word' id='word_1_186' title='bbox 377 2593 494 2650; x_wconf 76' lang='lat' dir='ltr'>mittens</span> <span class='ocrx_word' id='word_1_187' title='bbox 515 2609 640 2650; x_wconf 82' lang='lat' dir='ltr'>manum</span> <span class='ocrx_word' id='word_1_188' title='bbox 668 2591 710 2650; x_wconf 85' lang='lat' dir='ltr'>ud</span> <span class='ocrx_word' id='word_1_189' title='bbox 736 2597 875 2650; x_wconf 79' lang='lat' dir='ltr'>aratrum</span> <span class='ocrx_word' id='word_1_190' title='bbox 907 2597 935 2650; x_wconf 84' lang='lat' dir='ltr'>et</span> <span class='ocrx_word' id='word_1_191' title='bbox 966 2595 1120 2668; x_wconf 79' lang='lat' dir='ltr'>respiciens</span> 
     </span>
     <span class='ocr_line' id='line_1_26' title="bbox 85 2673 1119 2756; baseline 0.002 -19"><span class='ocrx_word' id='word_1_192' title='bbox 85 2685 167 2754; x_wconf 81' lang='lat' dir='ltr'>reiro,</span> <span class='ocrx_word' id='word_1_193' title='bbox 189 2687 283 2756; x_wconf 80' lang='lat' dir='ltr'>aptus</span> <span class='ocrx_word' id='word_1_194' title='bbox 306 2684 349 2737; x_wconf 81' lang='lat' dir='ltr'>ast</span> <span class='ocrx_word' id='word_1_195' title='bbox 369 2695 462 2752; x_wconf 70' lang='lat' dir='ltr'>scyno</span> <span class='ocrx_word' id='word_1_196' title='bbox 485 2677 634 2737; x_wconf 72' lang='lat' dir='ltr'>coelorum</span> <span class='ocrx_word' id='word_1_197' title='bbox 642 2673 674 2756; x_wconf 78' lang='lat'>⁹).</span> <span class='ocrx_word' id='word_1_198' title='bbox 709 2677 793 2737; x_wconf 87' lang='lat' dir='ltr'>Miles</span> <span class='ocrx_word' id='word_1_199' title='bbox 814 2679 878 2752; x_wconf 90' lang='lat' dir='ltr'>iste,</span> <span class='ocrx_word' id='word_1_200' title='bbox 900 2679 1119 2755; x_wconf 83' lang='lat' dir='ltr'>qrniaperapo-</span> 
     </span>
     <span class='ocr_line' id='line_1_27' title="bbox 85 2763 1120 2840; baseline -0.001 -13"><span class='ocrx_word' id='word_1_201' title='bbox 85 2763 195 2827; x_wconf 75' lang='lat' dir='ltr'>etesium</span> <span class='ocrx_word' id='word_1_202' title='bbox 222 2767 303 2826; x_wconf 89' lang='lat' dir='ltr'>r&#39;etro</span> <span class='ocrx_word' id='word_1_203' title='bbox 335 2767 476 2840; x_wconf 87' lang='lat' dir='ltr'>respexit,</span> <span class='ocrx_word' id='word_1_204' title='bbox 510 2764 545 2824; x_wconf 88' lang='lat' dir='ltr'>de</span> <span class='ocrx_word' id='word_1_205' title='bbox 575 2764 660 2840; x_wconf 86' lang='lat' dir='ltr'>culpa</span> <span class='ocrx_word' id='word_1_206' title='bbox 688 2781 746 2823; x_wconf 93' lang='lat' dir='ltr'>non</span> <span class='ocrx_word' id='word_1_207' title='bbox 771 2765 957 2840; x_wconf 84' lang='lat' dir='ltr'>poenitendo,</span> <span class='ocrx_word' id='word_1_208' title='bbox 985 2767 1120 2826; x_wconf 87' lang='lat' dir='ltr'>ministris</span> 
     </span>
     <span class='ocr_line' id='line_1_28' title="bbox 86 2847 1121 2931; baseline 0.004 -21"><span class='ocrx_word' id='word_1_209' title='bbox 86 2852 227 2928; x_wconf 85' lang='lat' dir='ltr'>gehennae</span> <span class='ocrx_word' id='word_1_210' title='bbox 249 2853 290 2912; x_wconf 80' lang='lat' dir='ltr'>de</span> <span class='ocrx_word' id='word_1_211' title='bbox 311 2867 344 2911; x_wconf 87' lang='lat' dir='ltr'>se</span> <span class='ocrx_word' id='word_1_212' title='bbox 363 2847 394 2931; x_wconf 88' lang='lat'>¹⁰)</span> <span class='ocrx_word' id='word_1_213' title='bbox 414 2851 552 2928; x_wconf 85' lang='lat' dir='ltr'>gaudium</span> <span class='ocrx_word' id='word_1_214' title='bbox 571 2851 646 2910; x_wconf 86' lang='lat' dir='ltr'>fecit.</span> <span class='ocrx_word' id='word_1_215' title='bbox 688 2849 891 2912; x_wconf 79' lang='lat' dir='ltr'><strong>NOVIOIUS&#39;:</strong></span> <span class='ocrx_word' id='word_1_216' title='bbox 924 2853 955 2912; x_wconf 89' lang='lat' dir='ltr'>Si</span> <span class='ocrx_word' id='word_1_217' title='bbox 975 2858 1056 2913; x_wconf 81' lang='lat' dir='ltr'>tanta</span> <span class='ocrx_word' id='word_1_218' title='bbox 1077 2860 1121 2914; x_wconf 87' lang='lat' dir='ltr'>cst</span> 
     </span>
     <span class='ocr_line' id='line_1_29' title="bbox 87 2934 1121 3018; baseline 0 -18"><span class='ocrx_word' id='word_1_219' title='bbox 87 2939 166 3016; x_wconf 80' lang='lat' dir='ltr'>eulpa</span> <span class='ocrx_word' id='word_1_220' title='bbox 186 2942 304 3000; x_wconf 86' lang='lat' dir='ltr'>novicio</span> <span class='ocrx_word' id='word_1_221' title='bbox 323 2934 352 3018; x_wconf 85' lang='lat'>¹¹)</span> <span class='ocrx_word' id='word_1_222' title='bbox 373 2937 465 2998; x_wconf 88' lang='lat' dir='ltr'>redire</span> <span class='ocrx_word' id='word_1_223' title='bbox 486 2938 524 2998; x_wconf 75' lang='lat' dir='ltr'>sol</span> <span class='ocrx_word' id='word_1_224' title='bbox 545 2938 706 3014; x_wconf 82' lang='lat' dir='ltr'>saeculnm,</span> <span class='ocrx_word' id='word_1_225' title='bbox 736 2938 804 3014; x_wconf 86' lang='lat' dir='ltr'>quid</span> <span class='ocrx_word' id='word_1_226' title='bbox 833 2945 877 2998; x_wconf 89' lang='lat' dir='ltr'>est</span> <span class='ocrx_word' id='word_1_227' title='bbox 905 2939 983 3015; x_wconf 84' lang='lat' dir='ltr'>quod</span> <span class='ocrx_word' id='word_1_228' title='bbox 1004 2948 1121 3000; x_wconf 86' lang='lat' dir='ltr'>sanctus</span> 
     </span>
     <span class='ocr_line' id='line_1_30' title="bbox 88 3024 1121 3102; baseline 0.004 -19"><span class='ocrx_word' id='word_1_229' title='bbox 88 3024 257 3088; x_wconf 86' lang='lat' dir='ltr'>Benedictus</span> <span class='ocrx_word' id='word_1_230' title='bbox 278 3027 435 3101; x_wconf 88' lang='lat' dir='ltr'>praecepit,</span> <span class='ocrx_word' id='word_1_231' title='bbox 456 3031 489 3085; x_wconf 90' lang='lat' dir='ltr'>ut</span> <span class='ocrx_word' id='word_1_232' title='bbox 509 3025 636 3102; x_wconf 86' lang='lat' dir='ltr'>perlecta</span> <span class='ocrx_word' id='word_1_233' title='bbox 655 3025 755 3102; x_wconf 84' lang='lat' dir='ltr'>regula</span> <span class='ocrx_word' id='word_1_234' title='bbox 775 3027 929 3086; x_wconf 83' lang='lat' dir='ltr'>novicioin</span> <span class='ocrx_word' id='word_1_235' title='bbox 947 3026 1121 3088; x_wconf 87' lang='lat' dir='ltr'>haecverba</span> 
     </span>
    </p>
   </div>
   <div class='ocr_carea' id='block_1_6' title="bbox 89 3111 1122 3366">
    <p class='ocr_par' dir='ltr' id='par_1_6' title="bbox 89 3111 1122 3366">
     <span class='ocr_line' id='line_1_31' title="bbox 89 3111 1121 3191; baseline 0.005 -21"><span class='ocrx_word' id='word_1_236' title='bbox 89 3111 207 3174; x_wconf 84' lang='lat' dir='ltr'>dicatur:</span> <span class='ocrx_word' id='word_1_237' title='bbox 236 3115 318 3174; x_wconf 86' lang='lat' dir='ltr'>Ecce</span> <span class='ocrx_word' id='word_1_238' title='bbox 344 3111 393 3171; x_wconf 85' lang='lat' dir='ltr'>lex</span> <span class='ocrx_word' id='word_1_239' title='bbox 419 3113 473 3171; x_wconf 89' lang='lat' dir='ltr'>sub</span> <span class='ocrx_word' id='word_1_240' title='bbox 497 3131 555 3188; x_wconf 88' lang='lat' dir='ltr'>qna</span> <span class='ocrx_word' id='word_1_241' title='bbox 575 3111 695 3186; x_wconf 85' lang='lat' dir='ltr'>militare</span> <span class='ocrx_word' id='word_1_242' title='bbox 716 3114 776 3172; x_wconf 82' lang='lat' dir='ltr'>vis:</span> <span class='ocrx_word' id='word_1_243' title='bbox 804 3115 829 3172; x_wconf 93' lang='lat' dir='ltr'>si</span> <span class='ocrx_word' id='word_1_244' title='bbox 849 3118 931 3188; x_wconf 89' lang='lat' dir='ltr'>potes</span> <span class='ocrx_word' id='word_1_245' title='bbox 953 3115 1121 3191; x_wconf 89' lang='lat' dir='ltr'>observare,</span> 
     </span>
     <span class='ocr_line' id='line_1_32' title="bbox 89 3197 1121 3277; baseline 0.006 -21"><span class='ocrx_word' id='word_1_246' title='bbox 89 3200 243 3277; x_wconf 77' lang='lat' dir='ltr'>ingredere3</span> <span class='ocrx_word' id='word_1_247' title='bbox 274 3203 299 3259; x_wconf 91' lang='lat' dir='ltr'>si</span> <span class='ocrx_word' id='word_1_248' title='bbox 320 3216 379 3258; x_wconf 93' lang='lat' dir='ltr'>non</span> <span class='ocrx_word' id='word_1_249' title='bbox 400 3205 495 3275; x_wconf 89' lang='lat' dir='ltr'>potes,</span> <span class='ocrx_word' id='word_1_250' title='bbox 523 3197 596 3258; x_wconf 92' lang='lat' dir='ltr'>liber</span> <span class='ocrx_word' id='word_1_251' title='bbox 617 3198 752 3260; x_wconf 73' lang='lat' dir='ltr'>discede?</span> <span class='ocrx_word' id='word_1_252' title='bbox 795 3198 1031 3260; x_wconf 84' lang='lat' dir='ltr'><strong>MONACHUS:</strong></span> <span class='ocrx_word' id='word_1_253' title='bbox 1053 3201 1121 3262; x_wconf 89' lang='lat' dir='ltr'>Ma-</span> 
     </span>
     <span class='ocr_line' id='line_1_33' title="bbox 90 3282 1122 3366; baseline 0.002 -20"><span class='ocrx_word' id='word_1_254' title='bbox 90 3286 147 3346; x_wconf 79' lang='lat' dir='ltr'>vult</span> <span class='ocrx_word' id='word_1_255' title='bbox 165 3293 284 3350; x_wconf 88' lang='lat' dir='ltr'>sanetus</span> <span class='ocrx_word' id='word_1_256' title='bbox 305 3292 389 3364; x_wconf 89' lang='lat' dir='ltr'>pater</span> <span class='ocrx_word' id='word_1_257' title='bbox 409 3287 482 3346; x_wconf 90' lang='lat' dir='ltr'>inter</span> <span class='ocrx_word' id='word_1_258' title='bbox 502 3285 559 3346; x_wconf 90' lang='lat' dir='ltr'>duo</span> <span class='ocrx_word' id='word_1_259' title='bbox 581 3285 658 3347; x_wconf 80' lang='lat' dir='ltr'>mala</span> <span class='ocrx_word' id='word_1_260' title='bbox 673 3282 701 3366; x_wconf 85' lang='lat'>¹²)</span> <span class='ocrx_word' id='word_1_261' title='bbox 724 3287 869 3346; x_wconf 87' lang='lat' dir='ltr'>novicium</span> <span class='ocrx_word' id='word_1_262' title='bbox 891 3287 1036 3349; x_wconf 84' lang='lat' dir='ltr'>discedere</span> <span class='ocrx_word' id='word_1_263' title='bbox 1046 3296 1122 3349; x_wconf 91' lang='lat' dir='ltr'>tem-</span> 
     </span>
    </p>
   </div>
   <div class='ocr_carea' id='block_1_7' title="bbox 109 3435 1158 3910">
    <p class='ocr_par' dir='ltr' id='par_1_7' title="bbox 109 3435 1158 3910">
     <span class='ocr_line' id='line_1_34' title="bbox 109 3435 1123 3508; baseline 0.005 -22"><span class='ocrx_word' id='word_1_264' title='bbox 109 3435 137 3504; x_wconf 98' lang='grc'>1)</span> <span class='ocrx_word' id='word_1_265' title='bbox 153 3435 173 3490; x_wconf 89' lang='grc'><strong>0</strong></span> <span class='ocrx_word' id='word_1_266' title='bbox 189 3437 321 3504; x_wconf 83' lang='lat' dir='ltr'>saepius</span> <span class='ocrx_word' id='word_1_267' title='bbox 338 3436 492 3502; x_wconf 80' lang='lat' dir='ltr'>vocabat,</span> <span class='ocrx_word' id='word_1_268' title='bbox 509 3437 529 3489; x_wconf 90' lang='lat' dir='ltr'>B</span> <span class='ocrx_word' id='word_1_269' title='bbox 547 3437 711 3490; x_wconf 86' lang='lat' dir='ltr'>celebrius</span> <span class='ocrx_word' id='word_1_270' title='bbox 729 3438 961 3490; x_wconf 72' lang='lat' dir='ltr'>nominarin—</span> <span class='ocrx_word' id='word_1_271' title='bbox 980 3439 1013 3508; x_wconf 88' lang='lat'>2)</span> <span class='ocrx_word' id='word_1_272' title='bbox 1030 3441 1068 3490; x_wconf 90' lang='lat' dir='ltr'>sic</span> <span class='ocrx_word' id='word_1_273' title='bbox 1083 3439 1123 3492; x_wconf 90' lang='lat' dir='ltr'>le-</span> 
     </span>
     <span class='ocr_line' id='line_1_35' title="bbox 155 3507 1123 3575; baseline 0.002 -17"><span class='ocrx_word' id='word_1_274' title='bbox 155 3507 279 3575; x_wconf 76' lang='lat' dir='ltr'>gendnm,</span> <span class='ocrx_word' id='word_1_275' title='bbox 303 3521 356 3558; x_wconf 89' lang='lat' dir='ltr'>non</span> <span class='ocrx_word' id='word_1_276' title='bbox 381 3507 532 3571; x_wconf 83' lang='lat' dir='ltr'>rabidae,</span> <span class='ocrx_word' id='word_1_277' title='bbox 558 3515 587 3560; x_wconf 88' lang='lat' dir='ltr'>ut</span> <span class='ocrx_word' id='word_1_278' title='bbox 613 3507 732 3560; x_wconf 83' lang='lat' dir='ltr'>exhibent</span> <span class='ocrx_word' id='word_1_279' title='bbox 757 3507 821 3560; x_wconf 86' lang='lat' dir='ltr'>libri.</span> <span class='ocrx_word' id='word_1_280' title='bbox 865 3508 923 3560; x_wconf 82' lang='lat' dir='ltr'>lllox</span> <span class='ocrx_word' id='word_1_281' title='bbox 940 3507 980 3559; x_wconf 86' lang='lat' dir='ltr'>BP</span> <span class='ocrx_word' id='word_1_282' title='bbox 1006 3508 1123 3562; x_wconf 85' lang='lat' dir='ltr'>sedare</span> 
     </span>
     <span class='ocr_line' id='line_1_36' title="bbox 156 3575 1124 3646; baseline 0.002 -18"><span class='ocrx_word' id='word_1_283' title='bbox 156 3592 305 3644; x_wconf 82' lang='lat' dir='ltr'>poenum,</span> <span class='ocrx_word' id='word_1_284' title='bbox 322 3575 343 3632; x_wconf 85' lang='grc'><strong>0</strong></span> <span class='ocrx_word' id='word_1_285' title='bbox 360 3578 478 3631; x_wconf 82' lang='lat' dir='ltr'>vitium</span> <span class='ocrx_word' id='word_1_286' title='bbox 495 3576 621 3630; x_wconf 87' lang='lat' dir='ltr'>sedare.</span> <span class='ocrx_word' id='word_1_287' title='bbox 641 3607 672 3616; x_wconf 97' lang='lat'>-</span> <span class='ocrx_word' id='word_1_288' title='bbox 692 3578 724 3644; x_wconf 83' lang='grc'>3)</span> <span class='ocrx_word' id='word_1_289' title='bbox 741 3577 762 3629; x_wconf 99' lang='grc'><strong>0</strong></span> <span class='ocrx_word' id='word_1_290' title='bbox 778 3577 932 3630; x_wconf 82' lang='lat' dir='ltr'>novicius</span> <span class='ocrx_word' id='word_1_291' title='bbox 959 3579 992 3629; x_wconf 90' lang='lat' dir='ltr'>in</span> <span class='ocrx_word' id='word_1_292' title='bbox 1009 3578 1124 3646; x_wconf 85' lang='lat' dir='ltr'>proba-</span> 
     </span>
     <span class='ocr_line' id='line_1_37' title="bbox 158 3644 1124 3716; baseline 0 -18"><span class='ocrx_word' id='word_1_293' title='bbox 158 3649 254 3698; x_wconf 82' lang='lat' dir='ltr'>tione.</span> <span class='ocrx_word' id='word_1_294' title='bbox 274 3675 306 3686; x_wconf 92' lang='lat'><em>-</em></span> <span class='ocrx_word' id='word_1_295' title='bbox 326 3644 358 3712; x_wconf 85' lang='grc'>4)</span> <span class='ocrx_word' id='word_1_296' title='bbox 377 3655 488 3698; x_wconf 79' lang='lat' dir='ltr'>aerata</span> <span class='ocrx_word' id='word_1_297' title='bbox 505 3662 546 3699; x_wconf 91' lang='lat' dir='ltr'>om</span> <span class='ocrx_word' id='word_1_298' title='bbox 563 3648 593 3700; x_wconf 89' lang='lat' dir='ltr'>ll.</span> <span class='ocrx_word' id='word_1_299' title='bbox 614 3675 645 3686; x_wconf 90' lang='lat'><em>-</em></span> <span class='ocrx_word' id='word_1_300' title='bbox 670 3648 702 3715; x_wconf 86' lang='grc'>5)</span> <span class='ocrx_word' id='word_1_301' title='bbox 720 3646 741 3698; x_wconf 99' lang='grc'><strong>0</strong></span> <span class='ocrx_word' id='word_1_302' title='bbox 758 3647 918 3699; x_wconf 88' lang='lat' dir='ltr'>consiliis.</span> <span class='ocrx_word' id='word_1_303' title='bbox 938 3675 970 3684; x_wconf 92' lang='lat'>-·</span> <span class='ocrx_word' id='word_1_304' title='bbox 987 3649 1019 3716; x_wconf 92' lang='grc'>6)</span> <span class='ocrx_word' id='word_1_305' title='bbox 1036 3648 1057 3700; x_wconf 99' lang='grc'><strong>0</strong></span> <span class='ocrx_word' id='word_1_306' title='bbox 1074 3646 1124 3699; x_wconf 82' lang='lat' dir='ltr'>arlrl</span> 
     </span>
     <span class='ocr_line' id='line_1_38' title="bbox 157 3715 1158 3785; baseline 0.001 -18"><span class='ocrx_word' id='word_1_307' title='bbox 157 3715 220 3768; x_wconf 87' lang='lat' dir='ltr'>ille.</span> <span class='ocrx_word' id='word_1_308' title='bbox 242 3745 273 3754; x_wconf 94' lang='lat'>—</span> <span class='ocrx_word' id='word_1_309' title='bbox 293 3716 325 3784; x_wconf 84' lang='grc'>7)</span> <span class='ocrx_word' id='word_1_310' title='bbox 344 3717 462 3768; x_wconf 84' lang='lat' dir='ltr'>territi</span> <span class='ocrx_word' id='word_1_311' title='bbox 479 3731 519 3768; x_wconf 89' lang='lat' dir='ltr'>orn</span> <span class='ocrx_word' id='word_1_312' title='bbox 536 3717 557 3768; x_wconf 88' lang='lat' dir='ltr'><strong>B</strong></span> <span class='ocrx_word' id='word_1_313' title='bbox 575 3724 601 3768; x_wconf 86' lang='lat' dir='ltr'>et</span> <span class='ocrx_word' id='word_1_314' title='bbox 618 3733 649 3784; x_wconf 86' lang='lat' dir='ltr'>pr</span> <span class='ocrx_word' id='word_1_315' title='bbox 666 3717 694 3770; x_wconf 90' lang='grc'>0.</span> <span class='ocrx_word' id='word_1_316' title='bbox 715 3745 746 3754; x_wconf 91' lang='grc'>-</span> <span class='ocrx_word' id='word_1_317' title='bbox 764 3717 796 3785; x_wconf 88' lang='grc'>8)</span> <span class='ocrx_word' id='word_1_318' title='bbox 814 3715 855 3768; x_wconf 91' lang='grc' dir='ltr'><strong>Βο</strong></span> <span class='ocrx_word' id='word_1_319' title='bbox 873 3716 945 3768; x_wconf 84' lang='lat' dir='ltr'>luit.</span> <span class='ocrx_word' id='word_1_320' title='bbox 965 3745 996 3755; x_wconf 91' lang='lat'>-</span> <span class='ocrx_word' id='word_1_321' title='bbox 1015 3718 1047 3785; x_wconf 83' lang='grc'>9)</span> <span class='ocrx_word' id='word_1_322' title='bbox 1065 3719 1123 3770; x_wconf 84' lang='lat' dir='ltr'>luo.</span> <span class='ocrx_word' id='word_1_323' title='bbox 1156 3746 1158 3750; x_wconf 94' lang='lat'>·</span> 
     </span>
     <span class='ocr_line' id='line_1_39' title="bbox 159 3784 1124 3910; baseline 0.002 -74"><span class='ocrx_word' id='word_1_324' title='bbox 159 3785 183 3849; x_wconf 82' lang='grc'>9,</span> <span class='ocrx_word' id='word_1_325' title='bbox 199 3787 241 3908; x_wconf 66' lang='grc' dir='ltr'>ῗῖ.</span> <span class='ocrx_word' id='word_1_326' title='bbox 262 3813 293 3824; x_wconf 90' lang='grc'>-</span> <span class='ocrx_word' id='word_1_327' title='bbox 310 3785 364 3910; x_wconf 66' lang='grc'>11)0)</span> <span class='ocrx_word' id='word_1_328' title='bbox 382 3784 421 3838; x_wconf 85' lang='lat' dir='ltr'>da</span> <span class='ocrx_word' id='word_1_329' title='bbox 444 3791 483 3836; x_wconf 74' lang='lat' dir='ltr'>&#39;sc</span> <span class='ocrx_word' id='word_1_330' title='bbox 508 3802 549 3838; x_wconf 84' lang='lat' dir='ltr'>our</span> <span class='ocrx_word' id='word_1_331' title='bbox 565 3786 615 3839; x_wconf 80' lang='grc' dir='ltr'>ΒΡ.</span> <span class='ocrx_word' id='word_1_332' title='bbox 637 3815 665 3825; x_wconf 94' lang='lat'><em>-</em></span> <span class='ocrx_word' id='word_1_333' title='bbox 693 3785 741 3852; x_wconf 88' lang='grc'>11)</span> <span class='ocrx_word' id='word_1_334' title='bbox 758 3784 778 3839; x_wconf 93' lang='grc'><strong>0</strong></span> <span class='ocrx_word' id='word_1_335' title='bbox 795 3787 1004 3838; x_wconf 83' lang='lat' dir='ltr'>noviciorum.</span> <span class='ocrx_word' id='word_1_336' title='bbox 1024 3815 1056 3826; x_wconf 91' lang='lat'><em>-</em></span> <span class='ocrx_word' id='word_1_337' title='bbox 1076 3786 1124 3853; x_wconf 78' lang='lat'>12)</span> 
     </span>
     <span class='ocr_line' id='line_1_40' title="bbox 159 3869 340 3908; baseline 0.006 -2"><span class='ocrx_word' id='word_1_338' title='bbox 159 3869 199 3907; x_wconf 84' lang='lat' dir='ltr'>nra</span> <span class='ocrx_word' id='word_1_339' title='bbox 218 3871 235 3908; x_wconf 84' lang='lat' dir='ltr'>a</span> <span class='ocrx_word' id='word_1_340' title='bbox 252 3871 294 3908; x_wconf 90' lang='lat' dir='ltr'>om</span> <span class='ocrx_word' id='word_1_341' title='bbox 334 3893 340 3907; x_wconf 92' lang='lat'><em>.</em></span> 
     </span>
    </p>
   </div>
   <div class='ocr_carea' id='block_1_8' title="bbox 0 0 1312 4316">
    <p class='ocr_par' dir='ltr' id='par_1_8' title="bbox 0 0 1312 4316">
     <span class='ocr_line' id='line_1_41' title="bbox 0 0 1312 4316; baseline 0 0"><span class='ocrx_word' id='word_1_342' title='bbox 0 0 1312 4316; x_wconf 95' lang='lat' dir='ltr'> </span> 
     </span>
    </p>
   </div>
  </div>
 </body>
</html>
