2642 4330
59 383 60 388 Ν
175 303 236 362 aaa
494 297 722 363 nrsrmorro
744 282 896 381 curari

174 441 240 484 cum
261 421 299 482 ad
320 419 464 498 quoddam
485 441 586 482 nemus
608 427 741 498 venisset,
763 429 859 484 tantus
880 426 966 484 timor
988 431 1017 484 et
1029 423 1130 486 horror
1144 444 1213 488 eum

172 513 292 585 invasit,
320 515 353 568 ut
382 525 480 568 omnes
510 510 559 584 pili
582 513 681 586 capitis
704 514 780 586 eius,
808 515 882 572 sicut
904 511 959 572 dici
980 513 1067 588 solet,
1096 532 1212 574 sursum

173 601 354 675 erigerentur,
377 602 405 655 et
426 596 520 672 gelido
543 597 646 656 sudore
669 615 768 657 omnes
791 600 851 658 eius
874 605 951 658 artus
965 595 982 678 ¹)
1004 599 1212 676 perfunderen-

120 735 127 750 ,
173 693 228 744 tur.
271 684 364 760 Quem
385 689 482 742 tamon
491 680 511 763 ²)
534 687 605 742 tanti
632 685 756 744 horroris
785 703 873 745 causa
898 686 988 745 latere
1014 703 1073 746 non
1100 691 1211 764 potuit,

173 775 241 848 quia
261 789 329 831 mox
350 776 390 828 ut·
411 770 509 829 cordos
538 770 576 829 ad
603 789 703 830 nemus
730 775 831 847 vertit,
859 772 1004 832 homiuem
1023 777 1211 834 teterrimum

171 862 251 918 iuxta
272 859 403 917 arborem
425 860 495 915 satis
517 857 605 916 altam
627 864 701 916 stare
730 862 886 934 conspexit.
930 860 985 935 Qui
1012 877 1047 919 eo
1080 863 1210 922 intuente

171 948 201 1004 in
221 951 365 1005 momento
387 943 460 1003 adeo
484 945 636 1003 crescendo
659 946 795 1022 ascendit,
817 952 849 1004 ut
870 945 963 1006 eidem
980 948 1075 1007 arbori
1096 965 1209 1024 aequa-

171 1037 263 1109 retur;
287 1035 361 1100 circa
382 1048 469 1106 quem
489 1031 583 1107 fragor
603 1033 738 1090 arborum
761 1040 790 1091 et
810 1035 889 1090 nimii
908 1033 1035 1094 fremitus
1056 1041 1209 1096 ventorum

172 1121 377 1179 excitabantur.
419 1118 547 1176 Territus
569 1118 793 1194 supramodum
816 1121 958 1195 sacerdos,
979 1119 1050 1197 fugit
1059 1117 1099 1201 ³),
1121 1139 1210 1197 quem

172 1207 303 1266 diabolus
336 1223 402 1264 cum
430 1205 541 1264 turbine
570 1223 589 1263 a
620 1212 701 1281 tergo
730 1208 899 1282 insequens,
925 1225 1016 1282 usque
1044 1208 1081 1266 ad
1108 1209 1224 1268 villam'

171 1293 266 1353 Rode
285 1310 343 1352 non
379 1292 511 1350 deseruit.
561 1292 667 1351 Postea
698 1310 763 1352 cum
797 1293 875 1352 idem
903 1294 1037 1353 sacerdos
1066 1297 1208 1355 visionem

171 1381 255 1440 simul
277 1385 306 1439 et
325 1382 456 1437 timorem
478 1395 616 1438 converso
640 1380 769 1439 coenobii
786 1380 900 1439 Veteris
921 1379 1038 1457 Montis,
1059 1381 1207 1442 Richardo

170 1470 293 1541 nomine,
314 1468 446 1528 recitaret
455 1458 487 1544 ⁴),
508 1465 564 1540 iile,
586 1468 660 1524 sicut
680 1468 725 1528 vir
747 1463 836 1546 erat⁵)
858 1467 1021 1543 religiosus,
1042 1469 1208 1545 religiosum

171 1557 197 1614 ei
218 1555 339 1614 verbum
359 1552 519 1627 respondit:
542 1552 674 1628 Domine,
695 1555 802 1628 inquit,
825 1554 1032 1629 ecclesiastice,
1054 1558 1078 1614 si
1099 1555 1137 1614 ad
1159 1555 1207 1614 di-

170 1643 238 1701 vina
271 1636 398 1719 eundo⁶)
420 1639 562 1714 psalmum
590 1642 619 1696 in
652 1657 685 1701 os
711 1646 838 1699 vestrum
867 1640 1117 1721 assumsissetis⁷),
1147 1659 1208 1702 nou
1312 1653 1313 1678 ¹

169 1729 254 1788 vobis
275 1728 347 1786 haec
368 1729 398 1784 in
420 1729 468 1785 via
489 1728 658 1785 evenissent.
702 1727 806 1786 Terror
825 1726 871 1786 ille
893 1745 987 1803 poena
1008 1731 1119 1804 peccati
1143 1729 1208 1788 fuit.

170 1815 311 1874 Diabolus
332 1831 433 1874 revera
453 1815 535 1872 timet
555 1813 706 1888 psalmum,
727 1830 787 1874 non
807 1813 943 1890 gladium.
988 1814 1103 1891 Corpus
1124 1819 1207 1890 eiua,
1312 1857 1313 1862 η

170 1909 203 1964 ut
224 1904 265 1963 ait
285 1900 353 1977 Job,
375 1903 432 1959 imo
454 1900 596 1959 Dominus
618 1901 656 1959 ab
678 1899 747 1975 Job,
769 1905 856 1977 quast
876 1909 961 1961 acuta
976 1901 1089 1978 fusilia,
1109 1921 1207 1978 ‚squa-

169 1986 255 2062 mia⁸)
278 2007 308 2048 se
329 1987 592 2063 comprimentibus.
635 1984 831 2065 Deputubitss
850 1991 937 2064 quusi
953 1989 1059 2064 puteas
1073 1989 1208 2065 ,ferrum

170 2085 198 2138 et
230 2079 316 2152 quast
348 2077 461 2150 ttpnnm
488 2075 655 2149 putridum,
690 2093 747 2133 aea.
796 2075 868 2133 Noa
901 2082 942 2134 est
973 2079 1061 2152 super
1094 2083 1208 2136 terrum

163 2171 312 2242 potestus,
342 2180 420 2238 quae
441 2168 629 2236 comparetur
652 2158 732 2237 ei¹⁰).
774 2159 977 2221 NOVIOIUS:
1000 2162 1080 2222 Sicut
1101 2162 1209 2240 colligo

170 2269 205 2312 ex
225 2250 270 2310 his
299 2249 395 2308 verbis
417 2250 509 2307 sancti
529 2247 604 2322 Job,
634 2249 658 2306 si
681 2247 787 2306 diaboli
807 2249 897 2307 virtus
918 2248 1007 2326 ligata
1036 2256 1064 2309 et
1085 2249 1211 2312 limitata

169 2355 227 2398 non
249 2342 332 2409 esset,
354 2334 448 2394 nullus
463 2333 610 2393 hominurn
624 2335 780 2395 subsistere
795 2340 894 2410 posset
908 2333 947 2416 ¹¹).
969 2334 1210 2396 MONACHUS:

170 2423 253 2501 Quod
283 2429 380 2481 autem
415 2420 559 2479 homiuem
587 2421 701 2480 laedere
729 2436 787 2482 non
815 2423 914 2498 possit,
939 2425 994 2481 nisi
1026 2429 1163 2498 quantum
1189 2442 1211 2485 a

168 2511 233 2570 Deo
254 2511 336 2569 fuerit
346 2510 510 2584 permissus,
531 2508 628 2568 indue
649 2508 734 2568 huius
756 2507 942 2568 distinctionis
963 2510 1032 2570 satis
1053 2509 1210 2572 manifesto

168 2599 220 2657 tibi
241 2595 366 2674 pandam
389 2594 528 2670 exemplo.
846 2603 847 2608 ’

520 2711 752 2794 carmenum
772 2733 851 2794 utu.

148 2851 150 2855 ⁸
232 2859 280 2918 Dc
302 2858 505 2932 campanario,
528 2874 615 2931 quem
637 2855 773 2916 diabotus
795 2856 947 2916 bamtutd
967 2858 1000 2914 itt
1014 2858 1144 2932 piceam

547 2945 637 3002 castri
664 2942 821 3019 Yatnbutp.

232 3048 267 3107 In
288 3046 357 3106 villa
379 3046 512 3121 quadam,
534 3043 600 3105 a'nte
620 3063 728 3121 paucos
751 3047 1002 3106 annosDioeeesis
1021 3045 1211 3124 coloniensis,

168 3152 243 3213 quae
271 3132 399 3193 Ambula
414 3129 443 3213 ¹²)
469 3139 596 3208 vocatur,
619 3136 815 3209 campanarius
831 3131 860 3216 ¹³)
882 3135 943 3213 fuit,
965 3139 994 3194 et
1014 3133 1086 3192 forte
1107 3128 1209 3195 'adhuc
1312 3135 1313 3216 g

186 3253 217 3322 1)
234 3249 276 3304 Bc
293 3260 385 3302 artus
408 3251 487 3301 cius.
511 3278 541 3289 -
561 3249 593 3317 2)
611 3249 631 3304 G
655 3251 761 3301 ctiam.
779 3279 813 3288 —
838 3251 869 3319 3)
887 3249 908 3302 G
930 3251 1095 3302 transivit.
1114 3279 1146 3288 -
1172 3249 1209 3316 4)

236 3320 298 3375 ACP
311 3335 477 3378 ,converso
494 3327 611 3371 nostro
629 3318 792 3372 Richardo
810 3321 985 3383 recitaret,
1003 3318 1023 3370 B
1040 3317 1208 3371 Richardo

236 3405 401 3443 converso
429 3397 541 3441 nostro
570 3390 738 3440 recitaret.
758 3419 789 3428 -
815 3390 846 3457 5)
864 3388 948 3442 ABGP
971 3397 1030 3441 est.
1050 3419 1081 3428 -
1106 3388 1138 3455 6)
1162 3387 1209 3442 Bc

236 3459 342 3513 eundo
360 3458 399 3509 ad
415 3457 531 3510 divina.
551 3488 582 3497 -
602 3459 633 3524 7)
651 3457 692 3510 BG
709 3459 925 3511 sumsissetis.
945 3489 976 3499 —
995 3457 1060 3526 eJtt
1079 3472 1209 3524 compa·
1312 3459 1313 3464 ’

134 3531 140 3540 “
237 3538 323 3582 ctum
347 3531 501 3596 squamis3
524 3544 583 3580 mox
599 3527 639 3580 GP
662 3537 743 3580 sese.
763 3558 793 3568 -
813 3529 845 3597 9)
863 3529 884 3581 n
905 3528 1084 3596 reputabit.
1103 3556 1133 3566 -
1155 3527 1208 3596 10)

235 3599 283 3652 Job
302 3598 350 3663 41,
368 3599 392 3649 6.
412 3600 453 3650 18.
472 3599 513 3650 24.
533 3629 564 3637 -
585 3597 633 3663 11)
650 3597 691 3649 BC
709 3597 920 3651 subsisteret.
939 3628 971 3636 -
991 3598 1039 3666 12)
1057 3599 1079 3648 si
1096 3594 1208 3649 Ambula
1312 3617 1313 3620 ¹

236 3678 296 3722 ante
313 3683 408 3736 paucos
426 3684 504 3719 annos
523 3667 650 3719 bioecesis
662 3667 819 3720 Coloniensis
835 3667 891 3730 fuit,
908 3668 987 3736 liquet
1005 3683 1060 3719 eam
1078 3682 1129 3718 uon
1146 3681 1208 3718 esse
1312 3715 1313 3740 ,

235 3739 320 3792 villam
338 3737 443 3790 Amelen
466 3753 545 3805 prope
566 3736 697 3789 Juiiacum.
731 3737 806 3789 Forte
828 3737 990 3806 intelligenda
1008 3745 1047 3788 est
1065 3736 1123 3788 villa
1140 3736 1208 3788 Am-
1312 3745 1313 3796 t

235 3809 319 3873 blava,
336 3807 411 3860 hodie
429 3807 500 3860 Amet
518 3808 593 3870 dicte,
611 3809 708 3874 sitaque
726 3807 758 3858 ad
775 3807 878 3860 fluvium
890 3807 1013 3860 Ambieve
1030 3821 1110 3875 prope
1128 3807 1207 3874 oppi-
1312 3817 1313 3888 ᾗ

236 3880 295 3932 dum
313 3879 338 3932 S.
356 3873 424 3931 vim.
444 3909 475 3918 -
495 3877 543 3946 13)
561 3877 602 3930 BC
618 3879 843 3945 campanarius
861 3876 994 3948 quidam.
