2538 4314
157 235 218 310 iro
471 246 698 310 blanuscum
721 246 869 308 nunnus

434 455 700 552 bisulduno
732 455 912 550 ttulit

206 649 334 732 M:
389 643 1139 731 connnsswnila
1253 699 1254 704 Ν

442 817 901 871 ——mw-wa—
938 847 942 854 .

536 979 769 1041 CAPITULUM
790 979 814 1038 Ι.

174 1108 254 1185 Quid
273 1111 310 1166 sit
332 1104 482 1182 confessio,
506 1106 602 1180 qualis
625 1121 683 1162 esse
705 1102 816 1177 debeat,
839 1119 917 1179 quoe
940 1104 1000 1161 etus
1022 1104 1059 1160 sit
1082 1104 1181 1171 uirtus,

569 1194 634 1267 quis
651 1191 779 1266 fruetus.

220 1315 308 1374 SINE
331 1313 470 1373 desiderio
494 1312 678 1372 confessionis
708 1314 776 1388 quia
788 1305 804 1391 ¹)
825 1310 1000 1370 infructuosa
1029 1315 1075 1370 est
1103 1310 1191 1367 omnis

81 1453 83 1460 ,
155 1404 305 1474 contritio,
327 1400 424 1460 videre
447 1399 585 1459 debemus
608 1399 676 1473 quid
698 1401 734 1458 sit
756 1398 911 1472 confessio,
941 1397 1032 1472 qualis
1055 1413 1119 1455 esso
1140 1395 1190 1454 de-

156 1491 230 1562 beat,
253 1505 326 1564 quae
349 1489 385 1546 sit
407 1489 467 1546 eius
488 1489 589 1560 virtus,
610 1488 674 1561 quis
696 1486 812 1544 fruetus.
854 1483 1058 1543 NOVICIUS:
1081 1483 1112 1542 Si
1133 1484 1191 1542 siue

154 1578 299 1652 proposito
316 1575 505 1634 ueniessionis
526 1573 653 1632 informis
675 1579 719 1630 est
751 1573 896 1646 contritio,
928 1572 1123 1630 necessarium
1151 1574 1192 1627 est

154 1665 226 1722 seire
247 1665 311 1735 ista,
332 1663 451 1720 noviciis
473 1663 604 1734 maxime,
627 1661 675 1734 qui
697 1676 764 1719 mox
785 1665 852 1734 post
873 1660 1091 1718 conversionem
1112 1673 1191 1716 suam

155 1751 251 1808 omnia
271 1754 410 1824 peecata,
433 1764 507 1822 quae
530 1748 740 1820 eommiseumt,
761 1751 893 1806 tenentur
914 1744 1025 1804 Abbati
1046 1761 1100 1804 suo
1123 1759 1190 1802 eon·

154 1836 241 1896 litori:
275 1837 348 1920 sieut
376 1853 439 1894 snm
468 1851 488 1892 a
514 1840 542 1893 to
575 1833 708 1908 edoctus,
738 1840 767 1892 et
793 1835 824 1892 in
852 1835 1021 1908 memetipso
1052 1836 1190 1908 expertus.

154 1921 390 1982 MONACHUS:
413 1920 560 1980 Confessio
582 1926 694 1979 tantum
715 1922 824 1979 bonum
847 1925 898 1994 est,
920 1925 952 1978 ut
973 1919 1035 1978 solo
1058 1920 1119 1978 eius
1141 1916 1190 1975 de-

154 2009 265 2084 siderio,
288 2010 399 2068 etiamsi
420 2010 575 2068 necessitas
598 2014 694 2066 aetum
706 2004 727 2086 ²)
750 2007 892 2080 excludat,
914 2012 1034 2082 peecata
1046 2005 1190 2064 dimittan-
1253 2035 1254 2042 κ

154 2105 208 2156 tur.
252 2095 336 2156 Unde
357 2095 510 2154 Psalmista
532 2095 613 2153 dicit:
650 2096 743 2152 Diui:
774 2093 938 2170 Oovqttebor
967 2094 1127 2152 advers-um
1149 2109 1191 2148 nee
1253 2087 1254 2092 ’

154 2187 314 2243 iniustitias
335 2201 416 2240 meas
437 2184 587 2256 Domino,
616 2188 643 2239 et
673 2188 706 2240 tu
727 2185 863 2240 remisisti
883 2184 1063 2256 impietatem
1081 2180 1191 2254 peccati

79 2311 84 2318 -
154 2275 211 2328 mei
219 2268 252 2347 ³).
294 2269 371 2340 Dixi,
392 2269 423 2326 id
445 2275 497 2343 est,
519 2268 683 2327 deliberavi.
726 2266 929 2328 NOVIOIUS:
959 2266 1035 2343 Quid
1057 2272 1103 2326 est
1125 2282 1190 2324 oon-

154 2357 262 2416 iessio?
305 2353 545 2415 MONACHUS:
567 2355 647 2415 Scire
669 2353 767 2428 debes,
788 2355 929 2430 triplicem
951 2371 1014 2416 osse
1037 2353 1190 2412 contessio-

155 2462 230 2518 nem,
251 2443 352 2515 laudis,
373 2441 448 2517 fidei,
470 2444 592 2501 oriminis
604 2437 635 2521 6).
678 2441 725 2500 De
748 2443 926 2501 confessione
947 2441 1040 2500 laudis
1061 2439 1191 2500 Salvator

154 2535 183 2590 in
204 2530 362 2606 Evangelio
386 2529 467 2588 dicit:
508 2528 653 2605 Confiteor
676 2528 741 2601 tibi,
771 2526 866 2588 Pater
872 2571 881 2603 ,
910 2530 1040 2587 Domine
1074 2528 1145 2608 coeli
1166 2531 1190 2580 nt
1253 2519 1254 2562 ἶ

156 2615 294 2690 morast).
337 2617 383 2675 De
406 2616 583 2675 confessione
605 2615 672 2674 fidoi
695 2615 762 2674 dicit
783 2615 957 2691 Apostolus:
982 2614 1078 2673 Corde
1099 2613 1190 2671 oredi-

157 2713 207 2764 twr
228 2705 271 2764 ud
290 2707 442 2776 iustitium,
466 2721 516 2762 ore
539 2710 639 2762 autem
661 2703 803 2778 confessio
822 2704 856 2778 fit
878 2703 920 2760 od
939 2703 1066 2760 salutem
1075 2696 1107 2778 6)
1138 2699 1191 2770 vDe

156 2792 332 2851 consessione
353 2808 422 2850 vero
444 2791 568 2848 oriminis
589 2793 630 2849 ait
650 2789 809 2866 Apostolus
830 2788 976 2848 Jaoobus:
1011 2786 1191 2864 Confitomini

157 2880 336 2937 atterutrum
366 2884 492 2952 peccata
519 2884 633 2949 vestro,
663 2884 698 2935 ut
726 2873 920 2954 saldaniam.
973 2875 1090 2933 Initium
1119 2874 1190 2931 enim
1223 2902 1227 2910 ·
1253 2879 1254 2884 ’

156 2967 279 3024 iustitiae
302 2966 441 3023 eordessio
463 2970 647 3038 peccatorum
670 2968 721 3022 est.
764 2962 848 3022 Unde
870 2964 1007 3038 scriptum
1029 2959 1190 3020 estinlibro

156 3052 417 3111 Machabaeornm:
446 3050 546 3108 Jonas
569 3051 727 3125 praecedet
754 3068 807 3108 nos
834 3053 865 3108 tn
895 3040 1050 3125 bellumv,
1077 3047 1107 3108 id
1136 3051 1191 3111 ost,

157 3140 305 3198 confessio.
350 3138 496 3196 Confessio
525 3139 647 3196 on'minis
677 3143 733 3211 est,
762 3153 814 3211 per
842 3154 930 3211 qnam
958 3136 1049 3194 latens
1082 3135 1190 3192 animae
1253 3179 1254 3194 r

157 3227 274 3285 morbus
296 3227 435 3300 aperitur,
462 3240 512 3298 spe
541 3225 643 3283 veniae
674 3223 900 3298 consequendae.
942 3222 1025 3281 Haeo
1047 3219 1191 3294 multiplex

49 3313 54 3330 '
158 3330 221 3372 osse
243 3313 337 3386 debet,
359 3312 534 3384 voluntaria,
556 3311 689 3369 festinata
700 3306 731 3390 ⁹),
754 3311 859 3385 debita,
880 3308 1051 3382 verecunda,
1072 3322 1190 3384 genera-

156 3401 198 3474 lis,
221 3399 360 3475 specialis,
382 3397 572 3470 individualis,
594 3397 680 3471 nuda,
701 3400 826 3474 integra,
849 3397 988 3470 discreta,
1009 3393 1191 3460 accusatoria,
1253 3395 1254 3406 ¹

157 3505 264 3560 amara,
285 3486 414 3560 sollicita,
436 3484 612 3558 meticulosa,
634 3487 710 3557 vera,
732 3487 922 3557 aestimativa,
943 3483 1048 3557 hilaris,
1072 3480 1191 3557 propria,

177 3621 206 3688 1)
224 3620 245 3674 C
262 3619 311 3670 add
329 3619 463 3671 inutilis
486 3626 527 3678 et.
548 3648 578 3657 -
599 3619 630 3686 2)
648 3618 690 3670 llll
709 3619 810 3686 ipsum
836 3627 949 3670 actum.
971 3648 1000 3656 -
1021 3618 1052 3684 3)
1070 3614 1132 3667 Psal.
1151 3612 1190 3672 31,

227 3693 252 3741 5.
273 3720 303 3728 -
332 3691 363 3756 4)
382 3689 424 3741 ΒΙ)
443 3697 475 3738 et
500 3689 656 3739 criminis.
677 3719 707 3728 -
736 3689 767 3756 5)
787 3688 873 3740 Matth.
894 3689 935 3751 11,
953 3689 995 3739 25.
1015 3718 1045 3727 -
1074 3683 1189 3753 maon.

209 3760 269 3822 ··10,
290 3760 330 3810 td.
349 3789 381 3797 -
400 3759 431 3826 7)
449 3758 501 3809 Jac.
520 3760 544 3822 5,
564 3759 605 3810 16.
625 3789 657 3798 -
676 3759 707 3826 8)
726 3757 806 3810 llaob.
825 3759 888 3824 1„2,
905 3759 947 3811 66.
964 3790 993 3798 -
1012 3759 1044 3824 9)
1063 3757 1081 3813 R
1100 3753 1190 3808 lustiq

227 3844 278 3891 na,
295 3827 336 3878 bic
354 3837 379 3878 et
397 3828 469 3878 intra.
