2622 4322
102 349 110 358 ‚
246 343 253 354 ,
378 287 387 312 “
462 280 515 342 DE
537 279 801 350 TENTATIONE.
1083 287 1143 344 221
1212 343 1222 360 ,

114 399 252 478 quaedam
275 401 479 464 consolationis
498 403 645 480 impendit,
666 404 717 465 aed
739 421 840 481 parum
860 403 1023 480 illlproiuit
1053 403 1146 466 Nocte

113 489 234 564 quadam
257 507 329 550 cum
349 493 471 550 maxime
493 491 529 550 de
550 491 606 551 boc
627 494 756 552 novicius
778 497 949 568 tentaretur,
971 491 1042 551 vidit
1063 509 1096 552 se
1116 494 1146 550 in

111 578 214 635 somnis
237 594 261 636 a*
281 577 456 652 quibusdam
472 577 617 653 militibus,
638 578 791 654 aliquando
802 581 922 638 inimicis
931 581 999 654 suis,
1019 577 1146 654 undique

111 661 263 738 vallatum,
294 680 350 723 nee
378 662 493 740 aliquod
514 665 615 741 rebrgr'i
634 682 785 740 superesse
805 665 972 732 subsidium.
1015 664 1146 741 Cumque

109 755 222 825 putaret
244 750 368 810 celerius
390 767 422 810 se
436 748 452 832 ¹)
475 769 537 812 esse
560 752 730 826 capiendum
751 751 799 812 vel
818 750 1061 826 interficiendum,
1084 751 1146 812 cla·

109 839 196 896 mavit
219 836 259 897 ad
282 837 441 898 Dominum
464 837 574 898 dicens:
602 838 740 913 Domine,
760 839 851 898 bbere
871 856 918 898 me
939 841 968 896 in
989 837 1045 898 bac
1065 838 1145 898 bora.

107 921 144 981 Et
163 926 410 1000 circumspiciens,
431 942 498 984 mox
518 925 590 985 vidit
611 928 766 985 exercitum
788 924 1004 986 candidatorum
1014 924 1051 984 de
1059 925 1146 1002 longe

107 1012 283 1087 venientem,
305 1012 416 1087 sibique
437 1014 467 1070 in
488 1012 626 1070 auxilium
646 1018 856 1087 properantem
897 1011 1019 1088 Signifer
1039 1018 1145 1086 autern,

107 1099 154 1172 qui
174 1099 390 1174 praecedebat,
422 1115 473 1174 pro
506 1101 588 1175 signo
609 1099 722 1158 militari
742 1097 868 1159 Alleluia
888 1095 1061 1177 asinaliter²)
1083 1098 1145 1158 ela-

106 1187 211 1260 mavit,
241 1186 345 1245 crebro
367 1185 397 1244 id
418 1191 565 1261 repetens,
587 1203 645 1261 qua
664 1185 867 1246 vociteratione
888 1185 986 1244 hostes
1007 1186 1096 1244 territi
1117 1191 1146 1244 et

106 1269 226 1346 dispersi
248 1272 352 1349 lugam
381 1274 518 1347 inierunt,
549 1274 695 1332 novioium
723 1271 816 1332 solum
847 1272 1046 1347 relinquentes.
1089 1270 1145 1348 Qui

106 1359 344 1435 expergefactus,
375 1375 434 1418 non
455 1358 548 1418 solum
569 1361 686 1436 gavisus
708 1366 803 1418 estse
824 1359 912 1418 inisse
932 1358 1086 1418 liberatum
1106 1359 1144 1417 ab

105 1441 173 1524 cisi)
197 1449 251 1522 qui
274 1463 341 1505 eum
363 1445 609 1506 circumdederant
628 1447 658 1504 in
679 1452 819 1506 noctunra
838 1448 957 1520 visione,
969 1444 1045 1520 sed,
1067 1444 1145 1520 quod

105 1533 196 1608 magis
236 1549 308 1594 eum
340 1534 479 1610 angebat,
511 1531 658 1608 praedicta
685 1532 818 1592 videlicet
845 1535 1009 1592 tentatione.
1056 1531 1145 1591 Mane

100 1617 251 1679 'accedens
273 1619 312 1679 ad
322 1619 458 1694 Priorem,
480 1620 550 1678 dixit
572 1621 679 1680 eisatis
701 1619 837 1678 hilariter:
859 1619 943 1696 Rogo
954 1635 1016 1692 vos,
1030 1617 1144 1678 domine
1187 1631 1196 1646 ¹

105 1703 192 1780 Prior,
215 1713 254 1766 ut
274 1705 371 1765 adhuc
392 1707 478 1766 altius
498 1713 529 1766 et
549 1707 647 1765 lortius
670 1708 790 1766 cantetis
810 1705 935 1766 Alleluia
956 1723 1042 1782 super
1058 1712 1146 1782 caput

106 1808 209 1852 mcum.
257 1792 324 1853 Non
345 1809 392 1852 me
413 1793 517 1852 amodo
539 1794 668 1852 turbabit
695 1793 803 1852 clamor
835 1792 947 1852 divinae
975 1792 1083 1868 laudis;
1096 1861 1103 1874 ·
1116 1799 1145 1851 et

105 1881 240 1940 recitavit
261 1882 288 1939 ei
309 1881 449 1939 visionem
468 1897 521 1956 per
542 1879 678 1939 ordinena
721 1879 782 1938 Istc
802 1880 885 1938 nobis
906 1878 1002 1938 retulit
1026 1885 1145 1938 sanctae

105 1965 471 2027 recordationisWaltcms
494 1966 529 2026 de
550 1966 684 2041 Birbech,
705 1969 755 2042 qui
777 1964 899 2026 eundem
910 1964 1086 2024 Gerardum
1093 1960 1144 2044 et)

105 2053 175 2112 vidit
197 2059 231 2113 et
252 2054 379 2130 agnovit.
421 2010 727 2113 N0V101Us21³l1t0
756 2055 843 2112 etiam
868 2051 1020 2111 nonnullos
1041 2069 1145 2112 mona·

106 2138 172 2200 ahos
199 2140 237 2200 de
258 2141 406 2217 apostasia
427 2142 538 2216 tentari.
580 2136 816 2199 MONACHUS:
833 2119 934 2198 Multi
965 2139 1002 2198 de
1024 2155 1060 2198 ea
1079 2145 1145 2198 tsn-

105 2231 213 2303 tantur,
236 2232 266 2286 et
288 2226 405 2286 viriliter
430 2209 614 2286 reluctantur.
657 2225 716 2284 Alii
747 2231 907 2300 tentantur,
942 2232 971 2285 et
1002 2231 1062 2285 tam
1090 2242 1145 2284 vo-

104 2311 217 2374 luntate
251 2331 340 2388 qnam
368 2329 455 2390 opere
475 2330 591 2388 prorsus
623 2319 800 2387 superantur.
843 2311 967 2389 Quidam
989 2328 1059 2372 vero
1080 2319 1146 2372 ten-

106 2405 216 2476 tantur,
239 2406 268 2459 et
290 2406 431 2477 concepta
452 2400 607 2474 voluntate,
630 2399 731 2458 divinis
753 2399 976 2460 revelationibus
1003 2402 1064 2458 sive
1097 2416 1146 2458 or·

107 2485 253 2562 dinatione
274 2493 342 2546 ante
356 2503 456 2546 casum
476 2493 656 2547 revocantur.
699 2486 835 2546 Nonnulli
847 2503 917 2545 vero
928 2485 1049 2563 flagellis
1064 2486 1146 2546 cobi-

106 2572 220 2634 bentur.
269 2572 471 2634 NOVICIUS:
503 2574 551 2633 De
572 2573 616 2634 bis
637 2573 708 2632 mihi
730 2573 808 2634 dicen
829 2572 968 2649 exempla.
1010 2571 1146 2634 MONA-

109 2658 224 2740 CHUS:
246 2660 294 2720 De
320 2662 419 2737 primis
441 2666 470 2719 ct
491 2661 639 2735 secundis,
661 2663 729 2736 quia
749 2661 868 2720 tentatio
891 2676 990 2719 eorum
1011 2662 1081 2720 satis
1102 2667 1146 2719 est

107 2750 227 2823 nutam,
251 2763 311 2806 non
333 2753 377 2807 est
397 2763 515 2807 necesse
536 2748 587 2806 tibi
610 2746 703 2812 dicare
724 2746 864 2822 exempla
907 2746 955 2806 De
984 2749 1146 2808 novissimis

108 2851 175 2896 vero
197 2835 250 2896 tibi
272 2833 368 2894 dicam
389 2833 467 2910 quod
488 2833 594 2894 audivi.

453 3023 688 3085 oarrrunrnu
709 3024 772 3084 nv.
779 3020 809 3106 ι)

127 3149 176 3208 De
196 3147 344 3207 monacho
365 3150 398 3205 in
420 3146 593 3222 Ottirburp,
616 3151 668 3222 qui
682 3165 741 3222 per
761 3147 956 3228 andedum.-
976 3140 1124 3206 Diabolus

193 3233 360 3312 rpredetr'a·
382 3241 453 3293 ante
469 3233 665 3379 1)ιάἂῇἳῶ
674 3237 878 3380 αῶιιιιιαιίονιι
893 3236 1060 3310 epanodos

47 3397 53 3410 Ι
170 3442 334 3503 Monachus
363 3401 480 3517 quidam
509 3440 544 3502 de
575 3439 737 3519 Ottirburg,
769 3447 842 3502 teste
869 3442 983 3503 domino
1013 3439 1144 3518 Philippo

110 3528 223 3591 Abbatc
246 3532 317 3604 eius,
339 3531 388 3603 qui
409 3529 482 3589 hae'c
504 3528 615 3604 retulit,
636 3535 696 3588 tam
718 3525 833 3608 duras⁵)
857 3530 1027 3588 tantafioncs
1048 3530 1145 3588 incur-

128 3647 158 3716 1)
174 3647 215 3700 ΒΡ
237 3663 271 3700 se
289 3646 498 3699 celerius-
466 3647 555 3715 -2)
572 3645 634 3698 Puu
656 3646 821 3710 finaliter,
837 3643 1029 3708 Araivalir,
1040 3644 1066 3696 n
1084 3647 1145 3696 sai·

175 3716 283 3781 valer,
306 3715 524 3780 cviraliter,
547 3716 612 3768 inl)
633 3714 782 3769 vocabulum
805 3731 893 3768 rasura
917 3714 1092 3767 deletumeat.
1111 3743 1143 3754 -

174 3787 398 3856 ιιιοιιιι
422 3783 1088 3855 Jeraddtb*)110m11111.p.1ue.—
1112 3783 1144 3862 5)

175 3865 235 3911 tam
254 3856 357 3910 duras
374 3853 424 3907 add
435 3855 487 3910 BC
