2654 4308
162 231 200 290 87
473 225 700 294 DISTINCTIO
725 229 889 294 OCTAVA

163 356 309 414 eramenta
321 349 485 414 mirabiliter
497 351 708 429 quodammodo
724 369 863 413 renovare
884 369 941 411 non
963 352 1075 429 desinit,
1095 371 1201 418 seeun-

162 437 232 498 dum
260 437 410 514 praedicta
427 441 570 498 visionum
596 456 702 515 genera
731 441 789 498 suis
819 439 927 500 dilectis
956 446 986 500 et
1007 440 1104 501 electis
1124 460 1199 502 nunc

163 527 192 584 in
212 526 330 588 infanda
352 532 381 586 ct
401 527 530 600 pueritia,
550 543 627 586 nune
648 528 676 584 in
691 526 885 588 adolescentia
900 533 928 589 et
948 529 1096 590 iuventute
1117 545 1214 591 suam·

161 613 352 688 praesentiam
374 612 520 688 exhibens,
542 615 615 674 sieut
636 615 785 688 sequentia
806 612 992 676 declarabunt
1013 615 1152 692 exempla.

520 767 754 850 CAPITULUM
774 767 850 851 Π.“3)

185 891 234 951 De
254 891 404 951 sacerdote
430 893 480 950 cui
499 893 642 950 nativitus
666 890 772 951 Christi
792 895 825 951 ia
846 896 955 952 somnis
975 895 1108 954 roveloto
1130 903 1181 955 cet.

228 1012 369 1074 Sacerdos
392 1011 508 1088 quidam
531 1011 663 1074 dedomo
685 1017 792 1088 nostre,
814 1013 882 1073 dum
904 1012 939 1074 de
954 1022 1132 1075 sacramento
1154 1017 1201 1076 in-

164 1102 334 1166 carnationis
356 1099 459 1165 Christi
479 1099 602 1175 plurima
624 1101 768 1178 cogitaret,
790 1105 874 1160 noete
896 1100 1021 1177 quadarn
1041 1104 1201 1178 pervisum

159 1190 192 1254 ,in
214 1189 370 1246 nativitatis
392 1185 519 1246 eiusdem
540 1193 639 1266 raptus
661 1193 705 1245 est
727 1186 912 1246 diversorIum
925 1183 951 1267 ¹).
993 1189 1028 1246 In
1050 1206 1106 1264 quo
1130 1188 1200 1249 dum

163 1274 274 1337 audiret
295 1269 389 1352 quw)
422 1275 503 1348 virgo
537 1278 613 1332 esset
632 1275 774 1349 paritura,
804 1273 961 1350 respondit:
993 1275 1121 1335 Christus
1149 1293 1201 1338 se-

163 1361 220 1420 mel
251 1367 336 1420 natus
369 1366 425 1434 est,
465 1360 558 1419 denuo
587 1362 667 1418 nasci
694 1377 752 1420 non
784 1363 895 1435 poterit
958 1360 989 1420 Si
1017 1365 1097 1439 virgo
1126 1362 1201 1423 haec

162 1449 289 1525 pentuma
317 1452 379 1521 est,
414 1445 517 1522 aliquis
537 1445 679 1522 propheta
699 1465 821 1524 magnus
844 1447 880 1505 de
905 1465 940 1506 ea
967 1457 1119 1524 nascetur,
1140 1468 1200 1510 non

164 1534 302 1594 Christus.
371 1533 429 1592 Vix
471 1533 561 1592 verba
593 1532 722 1609 finierat,
765 1540 794 1592 et
829 1550 897 1608 ecce
938 1533 988 1594 illa
1020 1537 1080 1594 sine
1120 1539 1200 1596 omni

164 1621 261 1680 dolore
295 1622 406 1696 peperit
433 1619 542 1694 filium,
575 1621 734 1696 pannisque
763 1621 922 1682 involutum
955 1622 1096 1681 monacho
1129 1641 1200 1700 por·

162 1708 281 1784 rigebat
332 1706 427 1786 Quem
454 1705 501 1766 ille
532 1708 606 1765 inter
625 1706 744 1766 brachia
765 1725 819 1766 sua
846 1707 1000 1784 colligens,
1021 1726 1056 1768 ac
1077 1708 1201 1770 deoscu-
1306 1733 1307 1742 ¹

162 1795 234 1870 laus,
255 1791 423 1872 mysterium
450 1792 601 1868 intellexit,
629 1798 657 1852 et
678 1799 759 1852 motu
781 1793 937 1854 dulcedinis
957 1795 1033 1856 illius
1054 1796 1202 1876 evigilans,
1306 1787 1307 1818 ³

162 1884 332 1958 praemissas
354 1881 548 1956 cogitationes,
569 1885 628 1938 tam
649 1880 773 1940 iocunda
789 1883 899 1943 visione
919 1889 1123 1959 remuneratas,
1143 1887 1201 1943 mi·

162 1971 239 2030 nime
260 1967 410 2028 dubitavit.
451 1966 528 2026 Ecce
549 1968 622 2026 visio
643 1967 718 2028 haee
739 1967 973 2047 spiritualis-luit,
990 1969 1041 2028 sed
1053 1971 1203 2030 insomnis

161 2055 247 2120 iacta
298 2053 395 2114 Aliam
426 2053 494 2114 huic
522 2053 694 2132 subiungam
729 2056 883 2130 visionem,
924 2073 1011 2134 quam
1040 2055 1202 2118 discernere

161 2159 220 2202 non
241 2158 367 2220 possum,
388 2145 484 2200 utrum
504 2141 534 2198 in
556 2143 662 2200 scmrds
679 2143 740 2200 sive
761 2159 812 2218 per
833 2141 936 2204 urentis
958 2159 1107 2208 excessum
1128 2160 1202 2204 eon·

160 2231 263 2308 tigerit,
283 2234 399 2306 propter
421 2226 598 2287 diversorum
618 2227 793 2289 relationem.

494 2381 727 2444 cAPquJLUM
747 2383 802 2443 111.
811 2380 861 2466 33)

285 2491 361 2550 Item
383 2489 418 2548 de
438 2505 540 2548 sorore
563 2487 713 2548 ΟῙιιὶιιὶιιιι
735 2495 763 2548 et
785 2489 887 2548 codem
908 2493 1074 2553 concitate.

225 2610 366 2670 Dominus
387 2609 581 2673 venerabilem
602 2612 741 2687 virginem
763 2609 934 2674 Christinam
953 2613 1032 2674 cuitu
1061 2615 1091 2674 in
1112 2630 1202 2718 prae

161 2697 329 2760 cedentibus
340 2699 477 2758 memorre
487 2696 587 2756 habita
608 2700 688 2771 est,
680 2715 710 2756 ur
723 2697 824 2774 Bergis
834 2693 855 2778 3)
877 2699 1131 2776 sanctimonialem,
1152 2703 1202 2762 vi·

160 2789 242 2847 none
262 2801 332 2844 suae
363 2775 521 2845 nativitatis
541 2783 696 2844 laetificare
715 2785 831 2860 volens,
864 2791 991 2860 tempore
1023 2787 1150 2862 quodam
1173 2789 1203 2848 ei

159 2891 226 2935 etun
247 2877 337 2933 matre
359 2877 389 2931 et
408 2869 520 2946 Joseplr
540 2873 686 2946 apparuit,
714 2873 816 2946 pennis
836 2870 989 2948 involutus,
1011 2876 1067 2934 et
1060 2891 1089 2932 m
1110 2891 1202 2952 prae·

157 2962 238 3038 sepio
260 2958 422 3020 reclinatus.
465 2957 555 3016 Erant
575 2958 651 3018 enim
671 2956 758 3018 iidem
778 2958 923 3036 panniculi
943 2958 1018 3019 lanai
1040 2967 1069 3020 et
1089 2959 1202 3036 albia

156 3050 260 3125 pannis
280 3061 410 3106 sororum
435 3043 505 3102 nihil
533 3043 702 3107 differentes.
753 3044 857 3106 Fascia
877 3062 945 3106 roro
981 3064 1040 3122 qua
1067 3049 1203 3109 membra

158 3139 218 3196 eius
239 3133 327 3210 ligata
349 3136 444 3206 erent,
466 3131 551 3206 grisei
572 3129 673 3190 eoloris
695 3129 855 3192 videbstru.
897 3131 988 3194 Vides
1009 3140 1118 3210 quanta
1130 3135 1201 3196 ·hu-

156 3222 270 3295 militas,
292 3224 401 3297 quanta
420 3219 513 3293 pietas
534 3219 564 3278 in
584 3216 641 3278 Dei
662 3217 730 3280 lilio
772 3218 890 3280 Paancs
911 3235 979 3282 suos
1000 3223 1102 3297 pennis
1117 3221 1207 3286 ordi*

154 3312 199 3371 nis
220 3306 396 3368 conformare
418 3303 550 3381 dignatus
573 3310 631 3379 est,
657 3311 690 3366 ut
711 3305 834 3382 amplius
855 3305 904 3366 illa
924 3303 1041 3387 beaw)
1070 3307 1107 3368 de
1127 3325 1201 3370 sus·

149 3401 238 3472 cepto
261 3394 361 3454 habitu
382 3391 579 3469 gratularetur.
629 3390 728 3454 Simile
752 3392 905 3452 hubesin
875 3395 1070 3470 insuperiori
1092 3395 1201 3456 distin·

104 3488 111 3501 ⁸
153 3485 247 3544 ctione
269 3479 394 3558 capitulo
416 3484 496 3540 sexto
520 3477 639 3554 moino,
660 3479 711 3538 ubi
733 3478 848 3540 domino
871 3478 1033 3542 Christiano
1055 3481 1092 3544 de
1105 3481 1201 3544 Clau-

169 3597 309 3668 *Jllomil
327 3596 381 3664 lp
383 3595 501 3647 .67.-
521 3595 553 3662 1)
572 3592 749 3648 stabulum-
768 3594 801 3663 7)
818 3593 859 3648 BC
898 3596 1015 3648 u.-od
1034 3598 1069 3636 ὓ*
1070 3599 1200 3667 JH0mil

220 3668 239 3720 l.
258 3683 283 3734 p.
301 3666 393 3718 67.-
413 3663 488 3733 3)16
506 3673 554 3728 est,
571 3666 596 3715 in
613 3664 698 3717 ltlonte
715 3673 816 3720 senous
785 3595 1088 3736 )Wr}lrurgis.-)
1002 3667 1073 3720 coni.
1083 3667 1138 3735 Vll,
1152 3671 1199 3729 at.

220 3736 263 3790 BP
288 3735 425 3804 Burgis3
430 3664 495 3786 )sed
522 3733 673 3798 inlraVill,
701 3735 916 3788 anaunensium
942 3735 1043 3792 codices
1063 3742 1147 3795 ιοιτιί
1170 3743 1199 3798 in

219 3806 328 3859 lectione
345 3805 521 3875 Bergis-
540 3805 573 3874 4)
591 3803 612 3856 B
630 3803 767 3872 emplius
786 3803 980 3860 exhilarate.
