2594 4302
123 221 129 233 ’
196 263 257 326 rso
538 262 768 326 nrsrmooro
787 261 899 326 sons

511 431 744 498 camisum
764 432 914 498 XXVIII.

255 551 269 574 ²
311 558 360 618 De
379 557 531 620 roooedote
552 558 684 620 claustri
704 562 737 619 ire
758 563 842 621 orem
862 559 1002 620 mardoo
1022 559 1107 637 &dre

473 661 617 708 cononem
640 646 773 708 meroe
800 650 880 708 visus
901 653 952 708 ert.

256 765 293 826 In
314 764 527 828 Hemmemode
552 767 686 828 sacerdos
707 766 825 845 quidam
845 783 934 830 senex
954 765 1099 830 Hemloos
1117 766 1224 828 nomine

193 857 262 914 ante
281 870 392 930 paucos
411 871 525 915 menses
546 853 697 915 donnons
719 861 778 932 est,
802 857 846 918 vir
867 863 984 917 sanctus
1006 858 1161 931 otiosius,
1182 856 1225 930 tori
1267 901 1268 940 r

193 942 276 1000 annis
303 939 432 1016 plurimis
459 941 489 999 in
516 939 619 1001 eodem
645 941 784 1003 coenobio
805 941 898 1002 iuerat
918 943 1048 1004 sacriste:
1088 941 1146 1002 Hie
1167 959 1225 1001 eum
1267 943 1268 952 ’

193 1025 240 1088 (de
270 1026 395 1104 quadam
422 1027 452 1086 ln
474 1025 563 1088 ohoro
584 1042 787 1093 conversorum
808 1029 847 1090 ed
868 1029 958 1090 altare
980 1027 1072 1090 senoil
1090 1026 1226 1090 Johannis

191 1111 342 1190 Baptistae
370 1113 527 1175 celebraret
538 1111 571 1195 ¹),
600 1115 717 1190 qnidam
747 1131 783 1176 ex
811 1119 955 1178 conversis
985 1115 1226 1177 circumstantibus
1268 1165 1269 1196 3

191 1199 372 1262 Salvatorem
399 1201 429 1260 in
457 1201 552 1278 effigie
578 1199 703 1262 hoannis
730 1204 760 1261 ln
786 1201 1002 1264 menibuseius
1025 1202 1227 1280 contemplatus

193 1293 246 1349 est.
287 1285 355 1364 Ipse
376 1294 473 1348 temen
494 1287 628 1348 sacerdos
648 1305 707 1349 non
728 1287 808 1350 vidit.
850 1289 934 1352 Haeo
958 1289 1028 1350 mihi
1049 1289 1147 1352 retulit
1167 1289 1226 1365 qui·

189 1371 261 1435 'dem
283 1388 319 1435 ex
339 1375 498 1436 senioribus
520 1375 623 1435 domus
644 1375 728 1436 illins.

509 1527 757 1592 sermoni
781 1531 904 1593 XXIX.
967 1585 971 1591 .

247 1651 295 1712 De
315 1649 493 1712 Hermanno
513 1649 629 1712 Abbate
656 1657 689 1712 ire
710 1657 794 1714 enisos
816 1653 954 1714 monimo
975 1651 1125 1714 Henriotts
1147 1648 1183 1712 de

451 1739 534 1799 Horo
557 1737 706 1800 &tritum
726 1739 801 1800 oidii
822 1743 854 1800 ire
874 1743 974 1800 mosa.

258 1859 333 1922 dum
362 1861 394 1920 in
421 1859 524 1921 eodem
546 1859 677 1922 Claustm
706 1867 744 1922 et·
763 1861 803 1922 ad
822 1861 899 1922 idem
920 1868 953 1922 ut
973 1866 1046 1938 puto
1066 1859 1160 1922 altare
1182 1859 1228 1922 do·

192 1949 289 2010 minus
308 1947 492 2010 Hermennus
513 1947 559 2007 die
581 1947 707 2024 quedam
728 1950 847 2010 misem
861 1948 976 2024 diceret,
997 1947 1143 2010 Henrieus
1165 1963 1228 2008 oon·

145 2071 147 2080 ,
193 2053 294 2098 versus
315 2035 353 2096 de
368 2035 453 2111 Hert,
473 2036 554 2094 ouius
574 2049 663 2112 snpra
683 2051 772 2111 sseps
793 2037 917 2111 memini,
937 2037 967 2094 ln
989 2051 1100 2096 oenone
1123 2035 1229 2096 oolam-

193 2123 262 2184 bam
293 2123 357 2182 miri
385 2121 517 2182 eandoris
544 2122 624 2182 iuxta
645 2121 766 2182 calicem
786 2121 859 2182 vidit
879 2121 1060 2182 residentem.
1102 2121 1229 2182 Viditet

189 2215 261 2272 ante
271 2211 465 2286 sumptionem
485 2208 623 2268 Infantem
635 2209 867 2285 pulcherrimum,
889 2211 939 2286 qui
960 2225 995 2270 ex
1016 2209 1155 2270 manibus
1174 2209 1228 2268 eius

160 2353 168 2378 ,
193 2313 285 2373 nsque
312 2296 352 2358 ed
378 2297 571 2356 summitatem
599 2297 691 2356 erucis
712 2294 868 2380 escendere
888 2298 968 2356 visus
989 2301 1043 2357 est.
1086 2295 1149 2372 Qui
1167 2309 1229 2354 mox

191 2381 371 2444 descendens
398 2383 453 2442 sub
482 2385 579 2458 speeie
605 2385 688 2459 panis
716 2399 736 2442 e
763 2382 912 2443 sacerdote
940 2389 1074 2458 sumptus
1093 2389 1148 2442 est
1190 2382 1229 2440 Ex

191 2484 252 2548 qna
277 2472 387 2531 risione
415 2469 555 2546 colligitur
583 2469 662 2544 errori
682 2470 737 2529 sub
759 2471 856 2544 specie
875 2471 958 2545 pmis
981 2471 1018 2529 sit
1037 2471 1148 2530 veritae
1170 2485 1229 2528 eor·

191 2559 269 2635 poris
290 2557 451 2632 Dominiei‚
479 2563 508 2618 et
529 2555 609 2632 qnod
627 2555 678 2616 illa
698 2555 848 2616 ineffabilis
869 2556 1152 2616 transsubstantiatio
1180 2569 1228 2614 atr—

192 2646 324 2706 otoritate
334 2644 385 2704 liat
394 2643 515 2720 Spiritus
529 2645 629 2704 saneti
650 2642 834 2714 Hermsnnus
848 2659 917 2702 vero
931 2645 1073 2704 vlsionem
1085 2642 1229 2702 nonridit

190 2730 396 2792 NOVIGIUS:
420 2731 469 2790 De
489 2729 575 2790 malis
602 2729 799 2790 sacerdotibus
832 2732 961 2805 qrrsestio
983 2729 1053 2788 mihi
1072 2729 1155 2790 nulle
1176 2733 1228 2802 est;

191 2831 280 2897 quare
301 2824 400 2880 entem
420 2818 490 2878 boni
503 2816 668 2876 sacerdotes
690 2834 757 2876 eum
778 2833 864 2892 quem
885 2819 914 2875 in
928 2815 1011 2876 altari
1029 2831 1093 2876 esse
1114 2815 1230 2877 eredunt

189 2921 250 2967 non
270 2905 402 2981 videant,
423 2907 494 2965 satin
514 2903 648 2964 admiror.
689 2901 927 2964 MONACHUS:
952 2903 993 2963 Ut
1012 2919 1072 2964 non
1092 2901 1229 2974 videndo,

190 2993 243 3054 ssd
265 2992 408 3056 eredendo
436 2990 559 3067 amplius
580 2995 750 3052 mereanmr.
791 2989 881 3050 Fides
901 2990 1069 3051 nonhabet
1089 2992 1233 3062 meritam,

190 3087 224 3140 ul
252 3082 294 3142 ait
315 3076 470 3158 (elegosine
479 3073 510 3157 ²),
537 3079 584 3138 oui
610 3078 738 3138 humens
763 3078 836 3138 ratio
858 3077 978 3153 praebet
999 3079 1229 3154 experimontum.

191 3166 265 3228 Cum
291 3166 371 3228 idem
389 3165 573 3226 Hermennns
600 3170 670 3224 tuno
690 3164 772 3224 Prior
800 3165 925 3224 existens
953 3166 984 3223 in
1005 3161 1230 3235 Hennensis,

189 3260 275 3316 noete
298 3253 424 3330 quadam
444 3252 517 3312 Infra
537 3254 693 3312 matutinas
712 3250 811 3310 Deum
831 3255 958 3326 orasset,
977 3256 1010 3310 ut
1030 3251 1086 3312 sibi
1105 3248 1229 3310 revelas

189 3337 328 3422 adoaldi
358 3340 522 3418 dignaretur
551 3337 588 3398 ds
616 3343 694 3398 statu
721 3353 791 3413 suo,
822 3353 892 3398 mox
918 3343 951 3396 ut
978 3336 1107 3397 residens
1134 3334 1229 3398 oeulos

190 3429 307 3503 elausit,
336 3426 453 3504 qiidam
484 3427 511 3486 ei
531 3428 667 3486 nsanos
687 3425 792 3485 fotrum
812 3425 843 3486 in
864 3418 975 3504 qnalill
997 3424 1100 3502 soyphi
1120 3441 1139 3484 e
1161 3439 1229 3484 eon·

189 3510 363 3597 vientibus⁵)
400 3514 509 3591 portari
547 3512 642 3572 solent
680 3513 808 3589 argentei
849 3510 983 3571 ostendii.
1038 3511 1106 3588 Ipso
1143 3525 1227 3581 vero,

208 3631 240 3703 ¹³
256 3629 279 3752 ¹1³
296 3627 869 3767 iiiiii{inlisisinlisis
882 3622 1227 3751 lililililtiil

258 3768 291 3836 ³]
308 3768 374 3822 ssco
398 3768 522 3838 aliquid
549 3766 848 3834 revelare-013
869 3782 941 3837 quo.
961 3760 1045 3837 -'5)
1062 3763 1126 3820 Bor
1153 3777 1224 3817 corr-

258 3838 465 3905 viventius,
493 3837 516 3892 G
544 3836 869 3892 commorientibus.
