2594 4302
387 304 390 314 ’
420 325 475 386 us
500 325 727 388 missenus
1029 331 1087 388 241

58 460 181 525 tempore
212 455 245 507 ut
276 447 396 508 militem
430 467 514 508 suum
543 449 625 508 Deus
657 454 795 523 tentaret,
823 451 898 508 sicut
929 448 1032 528 legitur
1053 448 1089 510 do

57 543 153 598 sancto
175 533 251 610 Job,
273 533 401 610 permisit
422 543 455 594 ut
477 535 578 594 domus
602 539 661 596 eius
682 534 813 595 incendio
834 537 947 612 periret.
989 536 1089 596 Flam-

55 627 109 684 mis
130 640 196 681 vero
219 624 333 697 sopitis,
356 640 422 682 cunr
445 625 541 682 omnia
562 639 636 698 quae
657 623 770 682 incendi
790 629 937 698 poterant,
958 625 987 681 in
1009 626 1089 683 cine·

55 729 115 770 rem
127 709 244 768 luissent
264 707 389 782 redacta,
410 709 550 784 particula
570 711 659 768 vestis
680 711 741 768 eius
764 725 851 784 quam
872 726 942 772 crux
963 727 1089 786 occupa-

55 803 142 871 verat,
162 799 273 872 integra
294 799 367 855 inter
383 795 495 856 favillas
510 802 554 855 est
574 802 696 872 reperta
727 794 766 854 Et
779 795 872 854 mirati
893 802 960 854 sunt
980 813 1090 872 omnes,

54 891 161 946 tantam
193 889 310 942 sanctae
339 885 430 942 erucis
445 908 448 912 ·
462 886 598 942 virtutem
631 884 738 958 ubique
774 881 934 942 dilatantes.
991 883 1089 944 Simile

54 969 222 1031 miraculum
242 972 272 1028 in
291 969 350 1034 ,alio
374 969 439 1028 loco
462 973 592 1046 contigit,
614 972 690 1030 sicut
710 969 807 1028 audivi
833 987 852 1028 a
873 970 1010 1046 magistro
1031 969 1088 1032 Jo-

53 1060 146 1118 hanne
166 1057 287 1117 Decano
309 1055 448 1131 Aquensi.

370 1227 603 1290 CAPITULUM
627 1229 778 1289 XXXIII.

91 1352 165 1410 liam
187 1350 223 1410 de
239 1368 332 1430 poeno
355 1351 514 1514 condatem,
535 1369 614 1496 zon}
635 1355 729 1412 mnan
750 1369 829 1427 qnae
850 1352 1056 1427 drcumlipoto

474 1446 562 1498 unat
582 1441 593 1496 i
615 1456 694 1498 cesa.

117 1558 223 1618 Retulit
260 1559 330 1618 milri
361 1565 390 1618 et
421 1558 500 1618 aliud
536 1558 571 1619 de
605 1561 710 1618 virtute
751 1561 843 1618 crucis
858 1555 875 1637 ¹)
911 1527 1089 1620 miraculum.

51 1645 198 1731 Matrona,
219 1647 325 1720 inquit,
347 1646 489 1723 quaedam
515 1662 629 1706 crucem
651 1652 816 1721 susceptam
836 1663 922 1722 pomo
946 1646 1089 1706 circumli-

49 1734 144 1810 gavit,
173 1725 271 1807 siequc
292 1750 379 1808 super
407 1743 535 1792 asserem¹
562 1725 641 1791 iuxta
673 1735 805 1808 piropum
817 1728 838 1811 ²)
870 1736 900 1791 in
929 1750 987 1808 quo
1015 1735 1089 1810 ignis

49 1819 171 1880 ardebat
191 1826 344 1895 utrumque
366 1819 450 1878 simul
476 1836 587 1894 ponens
615 1820 749 1878 abcessit
800 1818 893 1895 Casu,
920 1822 978 1880 imo
1011 1819 1088 1896 qnod

49 1909 145 1967 verius
166 1912 211 1964 est
230 1905 287 1965 Dei
308 1912 392 1980 nutu,
421 1923 540 1981 pomum
572 1924 638 1965 cum
660 1923 744 1965 curce
763 1909 794 1965 in
816 1907 956 1966 carbones
976 1907 1089 1982 lapsum

48 2000 103 2056 est.
144 1993 217 2052 Post
236 1993 381 2054 modicum
402 1993 508 2052 femina
528 2009 658 2066 reversa,
687 2009 754 2051 cum
781 1994 938 2068 repositum
966 2011 1089 2070 quaere-

48 2086 94 2140 ret
114 2096 167 2139 nec
187 2081 334 2153 Inveniet,
354 2081 442 2138 tristis
464 2079 499 2138 de
523 2096 619 2154 cruce,
639 2082 735 2156 iguem
755 2086 935 2158 perscrutata
956 2088 1008 2140 eut
1050 2080 1088 2140 Et

50 2184 119 2227 ecce
139 2183 258 2241 pomum
280 2167 350 2226 vidit
371 2169 399 2224 in
421 2168 576 2226 carbonem
597 2166 759 2241 redactum,
791 2183 894 2226 zonam
915 2183 985 2226 vero
1006 2166 1089 2227 leva·

49 2256 93 2312 vit
114 2256 257 2312 intactam.
302 2245 387 2329 Quod
407 2271 459 2328 pro
482 2270 587 2330 magno
608 2248 745 2312 miraculo
768 2261 919 2328 reputans,
942 2253 1088 2328 praedicto

47 2339 178 2400 Johanni
198 2343 336 2399 recitavit
377 2339 581 2401 NOVIGIUS:
603 2339 678 2399 Satis
700 2347 745 2400 est
764 2341 893 2400 mirabile
915 2340 993 2415 quod
1013 2341 1089 2402 idem

20 2487 25 2502 ,
47 2427 346 2508 elementum-eodem
368 2435 514 2486 momento
535 2429 577 2486 sic
597 2429 627 2485 in
648 2444 680 2486 ro
708 2427 822 2486 diversa
846 2433 979 2486 naturam
1006 2445 1089 2488 suam

47 2511 184 2593 mutan).
228 2513 467 2574 MONACHUS:
490 2514 556 2573 Hoc
577 2513 638 2574 fieri
658 2531 711 2591 pro
733 2514 897 2574 diversitate
915 2517 1089 2589 moritorum,

48 2600 225 2678 quibusdam
246 2602 298 2660 tibi
319 2602 444 2676 pandam
465 2600 612 2677 exemplis.

373 2791 606 2852 CAPITULUM
626 2791 775 2852 XXXIV.

48 2915 100 2976 De
122 2913 226 2970 clerico
249 2914 301 2987 qui
322 2930 342 2970 a
363 2916 512 2972 meretrice
533 2913 700 2990 infamatus
720 2913 887 2972 incendium
915 2931 977 2972 non
998 2917 1093 2972 sarsit.

119 3033 274 3110 Gerungus
288 3031 483 3092 Scholasticus
500 3033 669 3108 Bonnense,
689 3051 781 3110 nuper
802 3037 919 3094 veniens
941 3034 977 3094 de
999 3033 1094 3094 studio

46 3117 217 3193 Pa'risiensi‚
238 3119 386 3179 historiam
407 3119 504 3178 retulit
525 3122 594 3178 satis
617 3121 783 3196 mirabilem,
804 3125 953 3181 recentiori
966 3128 1094 3197 tempora

45 3209 131 3268 illam
146 3223 278 3267 asserens
292 3212 412 3283 gestaru.
444 3205 603 3279 Familiam,
624 3210 725 3282 inquit,
747 3208 895 3267 cuiusdam
916 3210 971 3267 'viri
991 3208 1096 3268 nobilis

46 3305 142 3372 atque
156 3296 281 3370 potentis
296 3292 332 3352 de
346 3293 476 3365 Francia,
493 3295 624 3351 meretrix
631 3289 653 3373 ιι)
668 3297 800 3370 speciosa
814 3296 995 3376 sequebatur.
1023 3294 1096 3354 Cum

46 3399 110 3460 qna
127 3399 195 3440 cum
205 3378 226 3459 ι)
241 3381 322 3438 multi
337 3378 528 3438 indifferenter
541 3388 700 3454 peccarent,
719 3380 837 3440 clericus
852 3381 968 3457 quidam
981 3382 1097 3459 religio-

45 3488 100 3529 sus
124 3467 256 3528 eiusdem
270 3466 374 3527 nobilis
396 3465 570 3541 capellanus,
593 3466 628 3525 de
650 3468 837 3527 subversione
853 3469 976 3528 familiae
990 3469 1098 3543 dolens,

46 3557 202 3616 dominum
225 3552 269 3612 his
291 3555 386 3613 verbis
410 3553 552 3613 allocutus
575 3560 619 3611 est
640 3553 752 3614 dicens:
776 3552 875 3613 Omnis
898 3572 971 3630 pene
992 3554 1100 3615 familia

46 3650 152 3704 vestra
180 3643 335 3701 meretricis
369 3639 454 3699 huius
492 3637 708 3720 contubernio⁶)
737 3645 940 3717 corrumpitur,
977 3658 1098 3717 quorum
1163 3687 1165 3693 Α

68 3761 102 3828 1)
121 3757 212 3812 Boou
231 3767 363 3810 sanctae
382 3759 497 3810 crucis,
517 3757 590 3825 52)
603 3773 726 3824 pyropus,
743 3757 767 3810 id
782 3767 830 3820 cst,
847 3759 928 3810 locus.
947 3757 997 3810 Sed
1013 3766 1101 3810 auctor

56 3834 57 3837 ’
122 3829 234 3882 fortasse
252 3831 352 3896 scrtpsit
374 3829 533 3894 pirogum.
554 3856 584 3866 ·-
605 3829 637 3894 ³)
656 3827 699 3884 ΒΡ
726 3829 876 3880 mutavit.
893 3856 922 3868 -
943 3828 975 3896 d)
994 3826 1035 3882 CF
1052 3827 1100 3879 add

124 3898 292 3968 quaedam,
311 3927 343 3937 -
363 3899 395 3963 5)
414 3895 434 3950 Β
453 3896 533 3953 dum.
554 3925 583 3934 -
597 3897 674 3965 ‹fflss
692 3897 879 3950 concubitu.

214 3967 367 4047 'ld
