2580 4316
168 261 208 318 30
452 270 454 280 ¹
493 260 720 322 DISTINOTIO
740 261 870 322 PRIMA

168 400 269 442 versus
290 383 382 457 luerit,
404 400 488 441 mane
509 383 646 442 familiam
667 402 749 443 suam
767 385 882 444 flentem
897 403 962 443 eum
972 402 1047 445 nave
1060 382 1076 465 ¹)
1087 386 1208 460 remisit,

168 477 197 529 et
217 470 346 529 habitum
369 469 536 546 regulariter
557 470 678 529 induens
700 472 851 531 nobiscum
872 474 1035 547 permansit.

483 660 734 724 cAPITULUM
753 661 871 722 XXIV.

395 766 444 824 De
464 769 651 824 conversione
673 764 789 825 Goloct
810 767 976 826 sacerdotis.

192 909 194 914 '
235 903 337 962 Frater
349 903 487 963 Gerlacus
502 905 635 964 sacerdos
648 910 676 962 ct
682 901 702 984 ²)
721 904 878 963 monachus
889 909 985 962 noster
997 909 1112 978 propter
1122 903 1208 978 signa

170 993 254 1049 unius
277 991 444 1066 devotionis,
466 1008 552 1066 quam
574 993 601 1048 in
614 991 739 1066 quodam
753 990 895 1050 monacho
910 997 1008 1048 nostro
1030 989 1110 1064 vidit,
1131 992 1208 1048 sicut

169 1077 239 1134 mihi
262 1078 407 1137 confessus
429 1084 487 1154 cst,
516 1081 640 1154 primum
662 1081 856 1137 conversionis
879 1094 1006 1136 amorem
1029 1078 1159 1152 concepit
1174 1073 1207 1156 ³).

170 1164 225 1222 Die
237 1165 365 1238 quadam
379 1182 443 1223 cum
454 1163 612 1223 monachus
622 1164 678 1238 ille,
690 1182 774 1240 quem
785 1165 859 1222 bene
870 1166 954 1237 nosti,
974 1166 1093 1222 missam
1102 1165 1131 1220 in
1143 1165 1207 1221 eins

169 1251 306 1325 parochia
328 1251 491 1324 celebraret,
515 1257 625 1309 tantam
647 1251 802 1310 secundum
825 1251 1059 1309 consuetudinem
1081 1250 1206 1326 gratiam

170 1337 297 1396 habebat
309 1334 331 1417 ⁴)
352 1337 549 1412 lacrimarum,
570 1344 603 1396 ut
625 1337 780 1412 Gerlacus,
813 1340 862 1412 qui
882 1344 998 1412 propter
1018 1338 1206 1395 ministerium

171 1423 318 1483 exlatere
340 1425 444 1498 stabat,
466 1423 587 1483 eandem
607 1425 793 1492 ¹considerans
815 1426 951 1500 gratiam,
973 1424 1117 1482 admirans
1139 1422 1206 1481 Do-

170 1513 279 1568 minum
301 1509 496 1586 magnificaret
511 1506 540 1589 ⁵).
583 1511 628 1569 Ex
648 1511 698 1570 illa
719 1509 790 1570 hora
811 1513 852 1568 ita
874 1513 967 1585 coepit
989 1510 1117 1569 ordinem
1139 1509 1206 1569 dili-

170 1614 247 1673 gere,
268 1603 300 1655 ut
321 1613 380 1656 non
402 1599 568 1672 quiesceret,
590 1596 681 1657 donec
703 1616 777 1656 unus
800 1615 835 1656 ex
850 1597 954 1655 ordinis
970 1599 1099 1673 personis
1115 1596 1206 1656 fieret.

172 1683 266 1742 Multa
286 1684 338 1740 tibi
359 1682 452 1742 adhuc
475 1683 567 1743 dicere
589 1701 705 1760 possem
720 1681 741 1765 ⁶)
765 1685 800 1744 de
821 1684 884 1758 his,
907 1687 956 1759 qui
978 1683 1108 1759 exemplo
1131 1683 1206 1742 alio-

172 1790 235 1829 rum
258 1771 388 1829 conversi
409 1777 490 1846 sunt3
514 1769 564 1829 sed
586 1773 718 1830 brevitati
736 1769 909 1830 studendum
921 1776 972 1829 est.
1000 1768 1206 1830 NOVICIUS:

171 1857 216 1915 Ex
237 1856 282 1915 his
305 1874 378 1933 quae
399 1859 457 1916 iam
479 1857 591 1933 audivi,
614 1863 721 1917 certum
743 1865 805 1933 est,
827 1857 898 1916 alios
921 1860 1048 1917 converti
1069 1875 1120 1932 per
1142 1873 1206 1915 ser-

171 1961 286 2003 monem
308 1944 528 2019 exhortationis,
549 1944 620 2003 alios
641 1962 693 2020 per
714 1947 850 2004 virtutem
872 1947 1022 2018 orationis,
1053 1943 1207 2003 nonnullos

173 2031 233 2090 solo
255 2030 387 2106 exemplo
408 2030 561 2107 religionis.
604 2029 840 2091 MONACHUS:
862 2030 980 2090 Dictum
1002 2037 1045 2090 est
1066 2032 1206 2106 superius,
1243 2085 1247 2094 .

172 2118 267 2177 adhuc
289 2116 359 2176 alias
382 2135 445 2178 esse
468 2136 570 2177 causas
592 2118 777 2194 multiplices,
810 2135 884 2193 quae
916 2117 1013 2177 multis
1041 2119 1207 2177 occasiones

172 2211 238 2263 sunt
260 2208 471 2279 conversionis,
494 2205 602 2264 seilicet
622 2204 827 2279 infirmitatem,
849 2211 1061 2279 paupertatem,
1084 2206 1206 2280 captivi-

171 2297 276 2364 tatem,
304 2297 403 2350 notam
432 2291 552 2350 alicuius
578 2289 725 2366 infamiae,
755 2291 912 2366 periculum
933 2294 1093 2366 praesentis
1113 2293 1208 2365 vitae,

171 2379 302 2435 timorem
324 2379 384 2436 sivc
406 2379 545 2437 visionem
566 2377 733 2454 gehennalis
754 2394 877 2452 poenae,
911 2378 1004 2437 solum
1036 2376 1208 2437 desiderium

173 2463 303 2522 eoelestis
332 2465 409 2522 vitae
426 2459 454 2542 ⁷).
497 2463 699 2524 NOVICIUS:
732 2465 778 2523 Dc
805 2464 850 2522 his
878 2457 979 2540 precor
1014 2471 1047 2522 ut
1076 2464 1207 2539 exempla

172 2552 337 2626 subiungas.
380 2549 614 2611 MONACHUS:
638 2549 722 2627 Quod
740 2551 881 2627 quosdam
895 2551 1048 2627 compellat
1058 2550 1207 2610 infirmitas

173 2639 308 2713 converti,
330 2637 456 2713 quotidie
477 2637 617 2697 videmus.

512 2827 743 2888 CAPITULUM
764 2828 866 2887 XXV.

213 2952 262 3010 De
282 2949 438 3009 Lodewioo
459 2951 550 3008 milite
565 2957 690 3025 prepter
711 2957 814 3008 votum
836 2953 1030 3010 conversionis
1052 2957 1168 3008 sonato.

235 3084 313 3145 Ante
335 3086 390 3144 hoo
411 3087 563 3144 triennium
584 3085 665 3145 miles
688 3086 804 3161 quidam
822 3086 992 3145 Lcdewicus
1014 3088 1147 3160 nomine,
1170 3087 1205 3147 de

173 3180 266 3233 castro
278 3171 346 3247 Are,
367 3175 396 3230 in
418 3176 509 3231 acutis
530 3173 691 3247 laborabat,
714 3179 742 3231 et
756 3181 876 3232 vocatus
891 3179 935 3231 est
948 3173 1080 3232 dominus
1093 3174 1204 3248 Abbas,

173 3267 204 3319 ut
231 3257 374 3318 infirmum
402 3262 539 3318 visitaret.
582 3259 779 3318 Invaleseente
794 3256 817 3338 ³)
844 3260 1021 3333 infimitate,
1055 3277 1120 3319 eum
1148 3261 1204 3319 iam

172 3346 253 3405 miles
274 3346 350 3405 idem
372 3348 486 3406 omnino
509 3353 585 3404 esset
604 3344 780 3420 desperatus,
802 3349 927 3405 monitus
953 3353 997 3404 est
1022 3347 1060 3405 ab
1080 3345 1204 3423 Abbate,

171 3441 203 3492 ut
224 3451 256 3492 se
278 3433 369 3491 ordini
390 3432 535 3507 redderet,
568 3438 597 3490 et
624 3439 725 3491 votum
754 3435 963 3510 conversionis,
995 3439 1027 3492 ut
1057 3451 1120 3492 mos
1147 3439 1203 3508 est,

190 3619 221 3688 1)
239 3618 259 3670 B
277 3620 411 3671 navi.—
439 3618 470 3684 2)
489 3627 523 3669 et
541 3633 581 3668 om
600 3617 698 3669 BG.-
727 3618 758 3684 3)
777 3618 797 3669 l)
816 3634 952 3670 amorem
979 3620 1202 3670 conversionis

241 3689 376 3754 accepit
397 3717 427 3728 -
447 3688 479 3753 l)
498 3689 517 3738 Β
536 3688 673 3756 gratiam
700 3686 825 3750 habuit,
851 3688 1031 3740 Phabebat
1058 3689 1200 3757 gratiam.

242 3783 273 3796 ·-
292 3757 324 3822 5)
341 3756 382 3808 ΒΡ
399 3755 667 3824 glorificaret
688 3757 719 3824 6]
738 3756 756 3807 Ρ
775 3771 900 3824 possem
923 3757 1044 3810 dicere.
1063 3789 1094 3800 -
1114 3758 1145 3826 7)
1162 3757 1203 3810 oe

112 3821 423 3949 <Hispatriaen-
443 3827 476 3895 8]
493 3825 555 3879 Bill'
572 3825 810 3881 inardescente.

82 3845 283 4042 effic,

76 3990 104 4032 0
120 3999 245 4050 OXFORD
262 3997 290 4048 <

206 4106 272 4234 ab&
