2622 4322
437 251 490 312 nu
511 251 770 315 muraneum
1001 225 1006 234 “
1059 256 1119 316 rsa

432 443 660 508 GAPITULUM
677 445 782 506 XXIL

116 567 156 628 De
174 569 293 646 virgine
315 567 484 641 iracunda,
505 587 596 644 qaam
616 569 763 643 sepultam
784 570 861 643 ipram
882 567 921 628 ab
942 567 1083 630 cambatico
1146 547 1157 568 ‘

277 659 280 663 ’
445 662 585 732 strupra
607 656 768 714 decoravit.

136 775 269 837 Narravit
297 777 377 836 mihi
399 792 475 834 auno
496 778 647 852 praeterito
670 775 807 836 scultetus
820 771 836 855 ¹)
858 780 1003 853 proximae
1025 777 1119 856 villae,

86 879 146 936 quae
172 861 339 943 Wintere²)
366 863 484 937 dicitur,
512 865 662 922 remeatis
684 862 846 922 terribilem.
897 863 1028 924 Non'cst
1054 866 1117 942 diu,

84 949 169 1026 inquit,
189 950 271 1026 quod
293 951 389 1010 homo
409 949 525 1024 qnidam
541 950 687 1026 religiosus
710 956 740 1009 et
759 952 925 1026 peregrinus
945 954 975 1008 in
998 953 1119 1013 ecclesie

84 1043 167 1096 nosna
193 1038 384 1098 admissam
410 1039 497 1096 stetit.
544 1036 665 1096 Stabant
684 1029 765 1095 iuxta
788 1053 854 1096 eum
875 1042 1023 1098 matronae
1045 1039 1118 1098 deli-

84 1130 167 1198 catae,
194 1125 388 1200 quorundam
416 1124 536 1182 militum
559 1140 679 1198 uxores,
705 1122 809 1182 fabulis
831 1131 983 1199 vacantes,
1013 1125 1117 1208 quae³)

82 1210 149 1270 illum
170 1229 254 1271 orare
277 1229 342 1270 non
366 1211 508 1268 sinebant
561 1209 684 1286 Expleta
705 1212 801 1281 missa,
823 1211 963 1285 quosdam
985 1229 1021 1269 ex
1041 1213 1117 1272 mili·
1165 1261 1170 1274 .

83 1298 146 1356 tibus
167 1315 305 1357 seorsum
328 1298 449 1372 ducens,
472 1296 541 1355 dixit
560 1297 630 1356 illis:
651 1297 714 1357 Vos
736 1296 851 1372 domini,
873 1301 1007 1358 orationis
1030 1317 1117 1360 causa

82 1384 113 1442 ad
140 1384 298 1445 ecclesiam
314 1384 422 1470 ,hanc
456 1383 571 1460 diverti3
601 1391 630 1443 et
662 1401 745 1458 ecce,
776 1384 890 1444 diabolo
916 1388 1069 1462 instigante
1084 1384 1117 1468 ⁴),

82 1477 166 1530 auum
187 1477 252 1530 erat
276 1474 417 1530 circame
432 1470 537 1528 clamor
558 1477 587 1530 et
608 1473 766 1529 sursunium
785 1469 897 1530 illarum
914 1480 1117 1550 matronarum,

81 1565 107 1616 ut
132 1561 246 1618 omnino
279 1570 368 1617 orare
390 1575 448 1615 non
469 1574 592 1632 possem.
634 1557 740 1616 Dicam
762 1558 845 1617 vobis
866 1575 926 1616 rem
947 1560 1117 1636 terribilem,

82 1661 145 1718 quae
165 1648 239 1704 meis
261 1645 462 1720 temporibus·
474 1647 503 1702 in
524 1644 593 1704 villa
613 1661 679 1703 mea
702 1647 827 1720 contigit.
857 1644 940 1705 urat
959 1648 1000 1705 ibi
1021 1647 1117 1723 puella

82 1731 214 1805 quaedam
235 1733 318 1791 bene
341 1737 426 1805 nata,
456 1737 485 1790 et
515 1730 634 1790 divitum
655 1731 728 1806 filia,
761 1732 813 1790 sed
833 1733 874 1790 ita
895 1733 1044 1809 iracunda,
1075 1737 1116 1796 ita

82 1822 252 1879 contentiosa
265 1826 358 1894 atque
381 1817 516 1894 clamosa,
537 1824 570 1876 ut
590 1819 753 1893 ubicunque
776 1823 859 1892 essct,
880 1821 940 1879 sive
961 1823 991 1878 in
1013 1820 1116 1897 domo,

82 1906 134 1966 siue
153 1909 182 1962 in
205 1905 350 1979 ecclesia,
372 1905 413 1963 ibi
433 1907 510 1964 rixas
532 1907 694 1980 suscitaret,
716 1904 783 1963 odia
803 1907 929 1980 nutriret,
951 1913 980 1966 et
1000 1909 1116 1968 beatum
1146 1933 1147 1936 ¹

82 2009 107 2050 sc
135 1992 299 2067 iudicaret,
341 1993 391 2066 qui
427 1990 547 2051 evadere
579 1999 678 2068 posset
711 1991 858 2068 flagellum
887 1992 1001 2070 linguae
1032 1994 1116 2055 illius.

82 2077 202 2138 Tandem
225 2080 369 2138 defuncta
392 2083 450 2152 est,
479 2085 508 2137 et
538 2081 567 2136 in
597 2082 669 2138 atrio
699 2078 837 2138 ecclesiae
866 2079 986 2154 sepulta.
1028 2081 1116 2144 Mane

82 2169 219 2226 venientes
243 2166 286 2225 ad
310 2165 476 2239 ecclesiam,
504 2164 627 2224 vidimus
648 2167 778 2224 tumbam
801 2168 861 2225 eius
890 2166 928 2226 ad
947 2169 1036 2227 instar
1055 2169 1115 2227 lor-

83 2256 152 2311 nacis
171 2254 289 2312 fumum
311 2258 518 2310 eructuantem.
560 2251 643 2311 Unde
666 2255 798 2326 exterriti,
820 2259 848 2312 et
869 2254 965 2314 videre
987 2256 1115 2317 volentes

84 2339 219 2412 quidhoc
243 2337 447 2416 portenderet,
476 2345 581 2397 terram
603 2341 749 2416 eiecimus;
773 2345 801 2398 et
828 2351 905 2416 ecce,
933 2342 1115 2403 medietatem

84 2431 200 2501 corporis
222 2428 406 2503 superiorem
427 2427 498 2502 ignis
521 2432 730 2500 consumserat,
757 2426 871 2485 inferior
897 2445 966 2488 vcro
988 2448 1055 2504 pars
1076 2432 1114 2490 ab

84 2514 217 2574 umbelico
232 2511 254 2594 ⁵)
287 2519 316 2572 et
345 2512 481 2586 deinceps
507 2513 606 2572 illaesa
626 2515 766 2589 apparuit.
809 2513 1009 2576 NOVIOIUS:
1039 2517 1115 2593 Quid

84 2597 132 2658 hoc
153 2597 360 2677 significabat?
404 2598 638 2660 MONACHUS:
661 2599 746 2676 Quod
757 2599 886 2659 homines
910 2605 958 2677 qui
974 2614 1115 2666 noverant

85 2683 150 2745 illius
170 2691 266 2746 uitam
288 2687 435 2759 dixerunt,
462 2686 518 2744 hoc
540 2691 570 2744 et
591 2703 643 2763 ego
667 2687 746 2745 dieo:
780 2686 880 2746 Voluit
900 2689 981 2749 Deus
1002 2694 1031 2748 in
1054 2695 1114 2752 eius

86 2787 195 2848 corpore
218 2772 383 2846 ostendere,
403 2779 542 2848 quamum
564 2775 590 2832 ei
610 2773 737 2849 placeret
755 2775 846 2832 virtus
867 2779 1064 2854 castimoniae,
1086 2787 1116 2840 et

87 2867 217 2932 quantum
240 2859 407 2919 abhorreret
419 2861 520 2918 vitium
540 2861 712 2918 iracundiae.
756 2861 830 2936 Quia
843 2857 923 2938 drgo
944 2864 1004 2939 fuit,
1026 2869 1115 2925 casti-

87 2950 145 3006 tatis
173 2951 269 3024 gratia
298 2964 382 3006 crura
412 2949 472 3006 eius
502 2965 567 3005 cum
599 2945 767 3006 femoribus
782 2947 881 3008 illaesa
916 2956 1055 3029 servavit3
1085 2962 1114 3014 et

88 3036 147 3106 quie
166 3034 306 3093 iracunda
329 3039 390 3092 erat
417 3035 508 3108 nimis,
528 3033 574 3108 fel,
597 3051 659 3108 cor,
686 3033 821 3110 linguam,
842 3053 944 3095 manus
967 3056 1032 3098 cum
1054 3044 1113 3101 suis

87 3119 195 3180 sedibus
217 3124 290 3197 ignis
314 3120 471 3182 devoravit.
513 3121 561 3179 Ira
591 3123 738 3197 igniscat.
781 3120 864 3181 Unde
884 3124 1113 3188 Ecclesiasticus:

89 3206 128 3263 Nc
147 3215 247 3266 straus
270 3209 354 3282 ligna
376 3210 408 3265 ira
429 3209 526 3281 apaan
547 3205 729 3282 traconem),
750 3208 780 3265 id
802 3215 853 3283 est,
873 3227 910 3269 ne
922 3210 972 3271 des
985 3213 1026 3272 illi
1047 3191 1122 3288 mam,¹

90 3294 181 3352 teriam
204 3300 233 3353 et
254 3295 436 3352 occasionem
457 3293 604 3352 irascendi.
647 3295 734 3353 Item:
760 3295 860 3354 Homo
881 3301 1043 3370 iracundus
1064 3307 1112 3363 ia·

91 3381 176 3439 cendit
204 3380 302 3456 ignaru
316 3377 347 3457 ⁷).
389 3379 428 3437 Et
448 3380 605 3457 Apostolus
633 3379 778 3440 Jacobus:
810 3382 932 3459 Lingua
959 3391 1114 3466 igniscat,

108 3545 194 3615 1)Αο
212 3547 386 3601 scoltetus.
398 3577 428 3586 -
443 3549 475 3616 2)
493 3547 688 3616 lldnigswintcr.
699 3579 732 3588 -
748 3551 780 3618 3)
797 3551 842 3603 ab
860 3555 928 3620 qui:
946 3555 1013 3607 unde
1031 3562 1116 3628 suspi.

153 3633 197 3670 cor
218 3628 345 3670 auctorem
363 3620 507 3684 scripsisse:
532 3617 653 3670 tabulis
677 3628 776 3687 atque
794 3623 974 3676 rumoribus
999 3643 1115 3681 vacan-

154 3695 215 3750 tes,
231 3691 292 3756 qui.
312 3689 352 3740 Sic
369 3687 428 3738 alibi
446 3687 518 3738 dicit:
539 3687 796 3752 „confabulationibus
814 3700 891 3759 atque
909 3695 1050 3748 rumoribus
1068 3715 1115 3750 vs-

154 3763 264 3809 cautes.“
290 3787 320 3796 -
349 3758 381 3824 4]
405 3757 425 3808 Β
447 3759 622 3810 excitante.
643 3789 673 3801 -
698 3760 729 3827 5)
754 3763 790 3811 sic
812 3760 831 3812 B
855 3773 1007 3818 constanter.
1043 3767 1114 3820 Coni.

155 3826 242 3878 llomil.
261 3827 278 3878 l.
298 3843 322 3894 p.
341 3827 383 3878 21.
403 3857 431 3866 —
453 3827 483 3895 6]
501 3827 576 3880 Eccli.
595 3829 621 3892 8,
638 3830 664 3879 4.
679 3857 710 3868 -
730 3829 761 3895 7)
779 3830 857 3974 1¹2ch
873 3833 916 3897 28,
935 3833 976 3886 11.
