2628 4310
205 285 269 346 elo
496 281 724 348 Dlsrmuflo
742 283 954 348 UNDEOIMA

547 475 782 539 CAPI'l'ULUM
803 475 899 538 LVH.

299 597 347 657 Dc
366 595 466 658 motta
485 604 582 658 morte
601 598 757 658 cuiusdam
777 601 911 659 conversi
930 599 1145 674 cmoepeatoria

270 717 337 779 Nou
358 724 402 779 est
421 716 471 778 diu
492 717 571 796 quod
590 721 621 779 in
643 720 769 796 quadam
793 720 878 780 domo
908 717 1014 779 ordinis
1041 719 1131 779 nostri
1155 713 1224 776 aedi-

206 802 303 864 liciam
328 804 473 882 quoddam
501 805 540 865 ad
571 823 642 865 usus
675 807 881 866 monachorum
908 805 1017 866 factum
1052 811 1104 865 est
1151 799 1225 880 Quod

207 889 324 968 quidam
345 907 547 952 conversorum
568 892 670 954 ridens
692 901 720 953 et
741 893 881 969 invidens,
904 891 1019 953 diabolo
1042 908 1091 952 cor
1111 891 1171 951 eiua
1188 890 1226 947 in-

206 977 385 1062 flammante,
413 979 524 1054 aliquos
553 979 592 1040 an
613 980 800 1041 deiectionem
829 979 956 1040 eiusdem
985 981 1079 1056 operis
1104 977 1227 1038 incitavit

185 1065 264 1141 ‘Qui
293 1083 360 1125 oum
387 1069 533 1126 venissent
561 1083 627 1126 curn
652 1069 846 1126 instrumentis
875 1069 933 1126 suis
961 1073 1028 1126 ante
1063 1065 1227 1126 refectorium

207 1152 421 1228 monachorum,
443 1159 544 1213 auctor
557 1159 654 1214 mutae
669 1155 883 1230 conspirationis
904 1154 1010 1214 corruit
1031 1160 1060 1212 et
1081 1151 1228 1228 exspiravit

208 1238 273 1315 Quo
302 1241 364 1299 riso
393 1241 479 1300 ceteri
507 1238 593 1300 valde
620 1242 768 1316 timentes,
797 1257 863 1300 cum
892 1239 983 1299 multa
1011 1239 1227 1299 festinationcei
1277 1309 1278 1320 χ

207 1325 367 1387 humilitate
387 1333 527 1386 venerunt
547 1325 586 1386 ad
605 1327 695 1402 pedes
716 1326 855 1402 Abbatis‚
882 1332 1034 1402 peccatum
1058 1343 1144 1386 suum
1171 1340 1229 1384 con·

207 1411 334 1488 litantes,
355 1421 453 1489 aquo
474 1415 679 1488 poenitentiam
700 1411 896 1490 susceperunt
940 1412 1051 1488 Corpus
1074 1428 1144 1472 vero
1172 1427 1228 1471 con·

208 1501 397 1575 spiratorisin
418 1517 521 1576 campo
543 1500 686 1576 sepultum
704 1507 756 1560 eat
797 1500 904 1560 Postea
924 1498 962 1558 ad
983 1501 1152 1575 petitionem
1171 1513 1230 1558 con·
1278 1489 1279 1498 ’

208 1601 365 1662 versorum,
385 1588 461 1647 sieut
480 1588 563 1647 nobis
585 1587 792 1646 retulitAbbas
813 1593 911 1646 noster
932 1588 982 1662 qui
1002 1585 1122 1659 audivit,
1141 1584 1230 1644 Albas

208 1673 371 1750 praedictus
398 1675 501 1750 petivit
522 1676 635 1734 veniam
655 1676 686 1732 in
707 1672 840 1749 Capitulo
866 1673 1006 1750 generali,
1038 1679 1072 1732 ut
1098 1670 1231 1732 licerete'

209 1775 313 1836 eorpus
333 1761 491 1836 proiectum
508 1776 615 1836 ponera
628 1763 657 1819 in
679 1762 830 1837 cimiteri03
852 1760 973 1820 sednon
993 1756 1129 1820 recordor
1149 1765 1230 1818 utrm

208 1846 293 1906 fuerit
313 1848 339 1907 ei
361 1863 530 1908 eoncessum
550 1847 598 1907 vel
618 1853 763 1924 negatum.
806 1847 939 1908 Referam
966 1847 1018 1906 tihi
1045 1864 1124 1907 nunc
1150 1845 1232 1919 aliqua

209 1933 342 2010 exempla
362 1932 398 1995 de
411 1935 481 1996 vitto
494 1933 632 2009 luxuriae,
654 1951 728 2010 quac
741 1934 903 1996 luxuriosos
916 1935 986 1993 satis
1003 1939 1112 2010 queant
1133 1939 1232 1994 terrac

548 2085 782 2186 cnrrmuuu
801 2125 911 2186 nrm.

209 2246 257 2306 De
277 2253 373 2308 morte
400 2250 534 2308 meamea·
553 2250 605 2324 qui
622 2248 751 2308 velatam
772 2247 1025 2308 sanctemonialem
1045 2252 1234 2324 stupraverat

274 2365 364 2445 Apud
383 2367 547 2430 Traiectum
568 2369 683 2429 inferius
711 2374 778 2428 ante
806 2386 897 2429 annos
924 2385 1048 2444 paucos,
1076 2370 1153 2428 sicut
1178 2363 1234 2426 mihi

210 2453 306 2514 retulit
326 2456 387 2515 eius
410 2457 634 2531 concanonicus,
656 2456 775 2516 clericus
797 2454 913 2531 quidam
936 2453 1085 2534 defunctus
1112 2462 1171 2529 est,
1196 2451 1234 2528 qui

210 2541 456 2603 smcumonialem
476 2543 602 2603 velatam
617 2549 790 2618 corruperat.
818 2542 859 2602 Ut
885 2548 983 2601 antem
998 2541 1129 2602 Christus
1150 2547 1234 2601 oeen-

211 2628 307 2704 deret‚
329 2646 415 2705 quarn
444 2631 541 2707 gravis
570 2631 608 2689 sit
635 2630 734 2705 eulpa,
762 2631 852 2705 ipsius
873 2645 1009 2705 sponsam
1029 2627 1156 2704 vicima,
1189 2624 1234 2686 talc

210 2715 325 2793 signum
346 2718 375 2774 in
396 2715 521 2776 defuncti
542 2715 714 2793 genitalibus
727 2718 831 2792 posuit,
849 2715 926 2792 quod
948 2716 1058 2775 cunctis
1079 2714 1234 2791 quivident

210 2803 260 2862 vel
280 2802 379 2862 audire
391 2809 525 2879 poterant
538 2809 615 2862 esset
635 2805 742 2862 terrori.
784 2802 858 2862 Nolo
880 2808 977 2862 autem
989 2801 1060 2861 illud
1082 2804 1235 2879 exprimere,

210 2904 331 2966 parcens
343 2889 542 2951 'verecundiae
558 2890 735 2966 feminarum,
757 2907 831 2966 quae
842 2889 915 2950 forte
935 2888 1062 2950 lecturae
1082 2896 1154 2951 sunt
1174 2901 1234 2965 quae

212 2976 397 3038 conferimus.

564 3165 796 3230 cAPmULUM
817 3167 899 3227 LIX.

337 3290 1132 3367 Demortepocilaciacaiasaepolelcracaocsec

550 3381 674 3438 mamam
694 3376 870 3439 mordebant
881 3374 910 3449 ¹).

278 3498 313 3559 In
342 3476 411 3559 villa
438 3497 565 3576 quatiam
592 3498 742 3559 Diocaesls
771 3496 947 3558 coloniensis
976 3513 1052 3574 quae
1078 3489 1235 3572 narheim)

214 3585 331 3662 dinan,
358 3586 455 3663 puella
483 3585 626 3662 quaedam
648 3584 796 3645 cniusdam
817 3585 955 3644 honestae
976 3589 1124 3645 matronae
1146 3577 1236 3644 ancilla

213 3679 281 3732 aute
310 3672 421 3750 aliquos
446 3689 537 3734 annos
558 3672 693 3734 defuncta
715 3679 767 3734 est
809 3671 886 3758 Satis
908 3673 983 3731 enim
1005 3677 1067 3732 erat
1086 3669 1236 3738 luxuriosa,

233 3842 265 3910 1)
282 3841 371 3896 nune
388 3842 641 3896 momordcbant.
663 3873 691 3884 -
712 3844 744 3914 2)
761 3841 785 3898 P
802 3842 963 3898 lucheim.
