<?xml version="1.0" encoding="UTF-8"?>
<!DOCTYPE html PUBLIC "-//W3C//DTD XHTML 1.0 Transitional//EN"
    "http://www.w3.org/TR/xhtml1/DTD/xhtml1-transitional.dtd">
<html xmlns="http://www.w3.org/1999/xhtml" xml:lang="en" lang="en">
 <head>
  <title>
</title>
<meta http-equiv="Content-Type" content="text/html;charset=utf-8" />
  <meta name='ocr-system' content='tesseract 3.04.00' />
  <meta name='ocr-capabilities' content='ocr_page ocr_carea ocr_par ocr_line ocrx_word'/>
</head>
<body>
  <div class='ocr_page' id='page_1' title='image "./caesariiheister05stragoog/caesariiheister05stragoog_0662.png"; bbox 0 0 2594 4302; ppageno 0'>
   <div class='ocr_carea' id='block_1_1' title="bbox 439 247 1165 340">
    <p class='ocr_par' dir='ltr' id='par_1_1' title="bbox 439 247 1165 340">
     <span class='ocr_line' id='line_1_1' title="bbox 439 247 1165 340; baseline 0.003 -30"><span class='ocrx_word' id='word_1_1' title='bbox 439 247 496 310; x_wconf 83' lang='lat' dir='ltr'><strong>ne</strong></span> <span class='ocrx_word' id='word_1_2' title='bbox 517 247 747 340; x_wconf 76' lang='lat' dir='ltr'><strong>nmcoume.</strong></span> <span class='ocrx_word' id='word_1_3' title='bbox 1051 251 1113 312; x_wconf 81' lang='lat' dir='ltr'><strong>mr</strong></span> <span class='ocrx_word' id='word_1_4' title='bbox 1159 291 1165 299; x_wconf 85' lang='lat'>.</span> 
     </span>
    </p>
   </div>
   <div class='ocr_carea' id='block_1_2' title="bbox 63 366 1133 881">
    <p class='ocr_par' dir='ltr' id='par_1_2' title="bbox 63 366 1133 881">
     <span class='ocr_line' id='line_1_2' title="bbox 63 366 1116 447; baseline 0.001 -18"><span class='ocrx_word' id='word_1_5' title='bbox 63 368 246 430; x_wconf 80' lang='lat' dir='ltr'><strong>iuraverunt</strong></span> <span class='ocrx_word' id='word_1_6' title='bbox 287 366 365 428; x_wconf 84' lang='lat' dir='ltr'><strong>Nem</strong></span> <span class='ocrx_word' id='word_1_7' title='bbox 394 369 457 446; x_wconf 87' lang='lat' dir='ltr'><strong>ipse</strong></span> <span class='ocrx_word' id='word_1_8' title='bbox 488 371 621 446; x_wconf 86' lang='lat' dir='ltr'><strong>princeps</strong></span> <span class='ocrx_word' id='word_1_9' title='bbox 641 370 865 447; x_wconf 87' lang='lat' dir='ltr'><strong>Episcopomm,</strong></span> <span class='ocrx_word' id='word_1_10' title='bbox 897 366 1007 432; x_wconf 89' lang='lat' dir='ltr'><strong>seilicet</strong></span> <span class='ocrx_word' id='word_1_11' title='bbox 1032 369 1116 446; x_wconf 81' lang='lat' dir='ltr'><strong>Pepu</strong></span> 
     </span>
     <span class='ocr_line' id='line_1_3' title="bbox 64 453 1133 532; baseline 0.001 -17"><span class='ocrx_word' id='word_1_12' title='bbox 64 455 270 529; x_wconf 80' lang='lat' dir='ltr'><strong>Innocentius,</strong></span> <span class='ocrx_word' id='word_1_13' title='bbox 304 456 397 532; x_wconf 86' lang='lat' dir='ltr'><strong>pn&#39;mo</strong></span> <span class='ocrx_word' id='word_1_14' title='bbox 428 453 565 516; x_wconf 84' lang='lat' dir='ltr'><strong>Ottoncm</strong></span> <span class='ocrx_word' id='word_1_15' title='bbox 591 457 663 517; x_wconf 81' lang='lat' dir='ltr'><strong>fovit</strong></span> <span class='ocrx_word' id='word_1_16' title='bbox 694 465 723 517; x_wconf 90' lang='lat' dir='ltr'><strong>et</strong></span> <span class='ocrx_word' id='word_1_17' title='bbox 749 458 915 532; x_wconf 73' lang='lat' dir='ltr'><strong>coronavit,</strong></span> <span class='ocrx_word' id='word_1_18' title='bbox 946 462 1048 532; x_wconf 80' lang='lat' dir='ltr'><strong>posteo</strong></span> <span class='ocrx_word' id='word_1_19' title='bbox 1076 457 1133 516; x_wconf 82' lang='lat' dir='ltr'><strong>ob¹</strong></span> 
     </span>
     <span class='ocr_line' id='line_1_4' title="bbox 65 539 1116 623; baseline -0.002 -19"><span class='ocrx_word' id='word_1_20' title='bbox 65 559 191 604; x_wconf 80' lang='lat' dir='ltr'><strong>causum</strong></span> <span class='ocrx_word' id='word_1_21' title='bbox 211 540 308 602; x_wconf 89' lang='lat' dir='ltr'><strong>multis</strong></span> <span class='ocrx_word' id='word_1_22' title='bbox 329 539 456 623; x_wconf 68' lang='lat' dir='ltr'><strong>notem)</strong></span> <span class='ocrx_word' id='word_1_23' title='bbox 477 543 558 604; x_wconf 90' lang='lat' dir='ltr'><strong>illum</strong></span> <span class='ocrx_word' id='word_1_24' title='bbox 579 543 735 621; x_wconf 87' lang='lat' dir='ltr'><strong>deponens,</strong></span> <span class='ocrx_word' id='word_1_25' title='bbox 755 542 940 606; x_wconf 83' lang='lat' dir='ltr'><strong>Frederieum</strong></span> <span class='ocrx_word' id='word_1_26' title='bbox 962 546 989 603; x_wconf 87' lang='lat' dir='ltr'><strong>ei</strong></span> <span class='ocrx_word' id='word_1_27' title='bbox 1008 542 1116 604; x_wconf 84' lang='lat' dir='ltr'><strong>sdver-</strong></span> 
     </span>
     <span class='ocr_line' id='line_1_5' title="bbox 65 628 1116 708; baseline 0 -18"><span class='ocrx_word' id='word_1_28' title='bbox 65 630 178 690; x_wconf 79' lang='lat' dir='ltr'><strong>samum</strong></span> <span class='ocrx_word' id='word_1_29' title='bbox 206 630 364 688; x_wconf 77' lang='lat' dir='ltr'><strong>suscitavit.</strong></span> <span class='ocrx_word' id='word_1_30' title='bbox 406 629 442 688; x_wconf 90' lang='lat' dir='ltr'><strong>In</strong></span> <span class='ocrx_word' id='word_1_31' title='bbox 469 629 538 690; x_wconf 86' lang='lat' dir='ltr'><strong>lune</strong></span> <span class='ocrx_word' id='word_1_32' title='bbox 566 647 636 691; x_wconf 88' lang='lat' dir='ltr'><strong>vero</strong></span> <span class='ocrx_word' id='word_1_33' title='bbox 664 633 748 708; x_wconf 79' lang='lat' dir='ltr'><strong>signe</strong></span> <span class='ocrx_word' id='word_1_34' title='bbox 767 647 826 691; x_wconf 87' lang='lat' dir='ltr'><strong>non</strong></span> <span class='ocrx_word' id='word_1_35' title='bbox 849 628 1012 704; x_wconf 77' lang='lat' dir='ltr'><strong>defuerunt,</strong></span> <span class='ocrx_word' id='word_1_36' title='bbox 1041 645 1116 708; x_wconf 82' lang='lat' dir='ltr'><strong>quae</strong></span> 
     </span>
     <span class='ocr_line' id='line_1_6' title="bbox 66 714 1117 795; baseline 0.001 -19"><span class='ocrx_word' id='word_1_37' title='bbox 66 714 203 793; x_wconf 81' lang='lat' dir='ltr'><strong>eclypses</strong></span> <span class='ocrx_word' id='word_1_38' title='bbox 224 733 345 791; x_wconf 81' lang='lat' dir='ltr'><strong>magnas</strong></span> <span class='ocrx_word' id='word_1_39' title='bbox 366 715 451 776; x_wconf 90' lang='lat' dir='ltr'><strong>solito</strong></span> <span class='ocrx_word' id='word_1_40' title='bbox 473 719 598 777; x_wconf 88' lang='lat' dir='ltr'><strong>crebrius</strong></span> <span class='ocrx_word' id='word_1_41' title='bbox 618 734 705 793; x_wconf 86' lang='lat' dir='ltr'><strong>pesse</strong></span> <span class='ocrx_word' id='word_1_42' title='bbox 732 724 784 777; x_wconf 80' lang='lat' dir='ltr'><strong>est</strong></span> <span class='ocrx_word' id='word_1_43' title='bbox 827 715 912 795; x_wconf 84' lang='lat' dir='ltr'><strong>Quod</strong></span> <span class='ocrx_word' id='word_1_44' title='bbox 933 717 958 776; x_wconf 92' lang='lat' dir='ltr'><strong>si</strong></span> <span class='ocrx_word' id='word_1_45' title='bbox 975 717 1006 776; x_wconf 88' lang='lat' dir='ltr'><strong>in</strong></span> <span class='ocrx_word' id='word_1_46' title='bbox 1026 716 1117 778; x_wconf 78' lang='lat' dir='ltr'><strong>stellis</strong></span> 
     </span>
     <span class='ocr_line' id='line_1_7' title="bbox 66 801 632 881; baseline 0.004 -19"><span class='ocrx_word' id='word_1_47' title='bbox 66 805 154 881; x_wconf 81' lang='lat' dir='ltr'><strong>signu</strong></span> <span class='ocrx_word' id='word_1_48' title='bbox 175 805 299 879; x_wconf 81' lang='lat' dir='ltr'><strong>quoeris,</strong></span> <span class='ocrx_word' id='word_1_49' title='bbox 320 802 400 878; x_wconf 89' lang='lat' dir='ltr'><strong>quod</strong></span> <span class='ocrx_word' id='word_1_50' title='bbox 421 801 481 863; x_wconf 80' lang='lat' dir='ltr'><strong>vidi</strong></span> <span class='ocrx_word' id='word_1_51' title='bbox 502 805 632 864; x_wconf 87' lang='lat' dir='ltr'><strong>referem.</strong></span> 
     </span>
    </p>
   </div>
   <div class='ocr_carea' id='block_1_3' title="bbox 175 957 1014 1156">
    <p class='ocr_par' dir='ltr' id='par_1_3' title="bbox 175 957 1014 1156">
     <span class='ocr_line' id='line_1_8' title="bbox 415 957 778 1020; baseline 0.003 -2"><span class='ocrx_word' id='word_1_52' title='bbox 415 957 652 1020; x_wconf 73' lang='lat' dir='ltr'>CAPITULUM</span> <span class='ocrx_word' id='word_1_53' title='bbox 674 959 778 1020; x_wconf 87' lang='lat' dir='ltr'>XXV.</span> 
     </span>
     <span class='ocr_line' id='line_1_9' title="bbox 175 1043 1014 1156; baseline 0 -19"><span class='ocrx_word' id='word_1_54' title='bbox 175 1043 330 1138; x_wconf 52' lang='lat' dir='ltr'><strong>De⁴stellb</strong></span> <span class='ocrx_word' id='word_1_55' title='bbox 352 1097 431 1156; x_wconf 80' lang='lat' dir='ltr'><strong>quoe</strong></span> <span class='ocrx_word' id='word_1_56' title='bbox 453 1083 518 1139; x_wconf 82' lang='lat' dir='ltr'><strong>viru</strong></span> <span class='ocrx_word' id='word_1_57' title='bbox 540 1086 582 1140; x_wconf 83' lang='lat' dir='ltr'><strong>eet</strong></span> <span class='ocrx_word' id='word_1_58' title='bbox 606 1079 747 1140; x_wconf 75' lang='lat' dir='ltr'><strong>Coloniae</strong></span> <span class='ocrx_word' id='word_1_59' title='bbox 765 1085 833 1156; x_wconf 82' lang='lat' dir='ltr'><strong>poet</strong></span> <span class='ocrx_word' id='word_1_60' title='bbox 854 1078 1014 1138; x_wconf 79' lang='lat' dir='ltr'><strong>meridiem.</strong></span> 
     </span>
    </p>
   </div>
   <div class='ocr_carea' id='block_1_4' title="bbox 67 1198 1119 1626">
    <p class='ocr_par' dir='ltr' id='par_1_4' title="bbox 67 1198 1119 1626">
     <span class='ocr_line' id='line_1_10' title="bbox 136 1198 1118 1280; baseline 0 -20"><span class='ocrx_word' id='word_1_61' title='bbox 136 1199 209 1260; x_wconf 86' lang='lat' dir='ltr'><strong>Post</strong></span> <span class='ocrx_word' id='word_1_62' title='bbox 229 1207 353 1262; x_wconf 87' lang='lat' dir='ltr'><strong>mortem</strong></span> <span class='ocrx_word' id='word_1_63' title='bbox 373 1201 493 1263; x_wconf 87' lang='lat' dir='ltr'><strong>Henrici</strong></span> <span class='ocrx_word' id='word_1_64' title='bbox 516 1203 702 1280; x_wconf 78' lang='lat' dir='ltr'><strong>Imperatoris</strong></span> <span class='ocrx_word' id='word_1_65' title='bbox 724 1220 791 1264; x_wconf 92' lang='lat' dir='ltr'><strong>cum</strong></span> <span class='ocrx_word' id='word_1_66' title='bbox 813 1201 849 1262; x_wconf 92' lang='lat' dir='ltr'><strong>de</strong></span> <span class='ocrx_word' id='word_1_67' title='bbox 870 1216 1036 1264; x_wconf 76' lang='lat' dir='ltr'><strong>successore</strong></span> <span class='ocrx_word' id='word_1_68' title='bbox 1058 1198 1118 1260; x_wconf 85' lang='lat' dir='ltr'><strong>Co·</strong></span> 
     </span>
     <span class='ocr_line' id='line_1_11' title="bbox 67 1285 1119 1366; baseline -0.002 -18"><span class='ocrx_word' id='word_1_69' title='bbox 67 1287 166 1348; x_wconf 87' lang='lat' dir='ltr'><strong>louiae</strong></span> <span class='ocrx_word' id='word_1_70' title='bbox 194 1289 224 1346; x_wconf 91' lang='lat' dir='ltr'><strong>in</strong></span> <span class='ocrx_word' id='word_1_71' title='bbox 251 1289 359 1364; x_wconf 78' lang='lat' dir='ltr'><strong>palutio</strong></span> <span class='ocrx_word' id='word_1_72' title='bbox 389 1297 572 1365; x_wconf 70' lang='lat' dir='ltr'><strong>necteretur,</strong></span> <span class='ocrx_word' id='word_1_73' title='bbox 605 1297 673 1366; x_wconf 87' lang='lat' dir='ltr'><strong>poet</strong></span> <span class='ocrx_word' id='word_1_74' title='bbox 701 1288 849 1352; x_wconf 84' lang='lat' dir='ltr'><strong>meridiem</strong></span> <span class='ocrx_word' id='word_1_75' title='bbox 876 1289 940 1348; x_wconf 79' lang='lat' dir='ltr'><strong>vise</strong></span> <span class='ocrx_word' id='word_1_76' title='bbox 966 1294 1009 1348; x_wconf 90' lang='lat' dir='ltr'><strong>est</strong></span> <span class='ocrx_word' id='word_1_77' title='bbox 1034 1285 1119 1348; x_wconf 85' lang='lat' dir='ltr'><strong>stelle</strong></span> 
     </span>
     <span class='ocr_line' id='line_1_12' title="bbox 67 1373 1118 1452; baseline 0.002 -18"><span class='ocrx_word' id='word_1_78' title='bbox 67 1373 255 1436; x_wconf 83' lang='lat' dir='ltr'><strong>lucidissime.</strong></span> <span class='ocrx_word' id='word_1_79' title='bbox 298 1374 540 1438; x_wconf 76' lang='lat' dir='ltr'><strong>concurrentibus</strong></span> <span class='ocrx_word' id='word_1_80' title='bbox 561 1378 645 1438; x_wconf 90' lang='lat' dir='ltr'><strong>nobis</strong></span> <span class='ocrx_word' id='word_1_81' title='bbox 665 1379 695 1436; x_wconf 88' lang='lat' dir='ltr'><strong>in</strong></span> <span class='ocrx_word' id='word_1_82' title='bbox 717 1379 824 1438; x_wconf 84' lang='lat' dir='ltr'><strong>curiam</strong></span> <span class='ocrx_word' id='word_1_83' title='bbox 845 1375 991 1452; x_wconf 83' lang='lat' dir='ltr'><strong>Episcopi,</strong></span> <span class='ocrx_word' id='word_1_84' title='bbox 1018 1390 1118 1436; x_wconf 83' lang='lat' dir='ltr'><strong>omnes</strong></span> 
     </span>
     <span class='ocr_line' id='line_1_13' title="bbox 69 1460 1119 1542; baseline 0.003 -21"><span class='ocrx_word' id='word_1_85' title='bbox 69 1460 151 1521; x_wconf 83' lang='lat' dir='ltr'><strong>illam</strong></span> <span class='ocrx_word' id='word_1_86' title='bbox 172 1461 312 1537; x_wconf 82' lang='lat' dir='ltr'><strong>vidimus,</strong></span> <span class='ocrx_word' id='word_1_87' title='bbox 339 1462 394 1524; x_wconf 89' lang='lat' dir='ltr'><strong>sed</strong></span> <span class='ocrx_word' id='word_1_88' title='bbox 413 1463 484 1540; x_wconf 86' lang='lat' dir='ltr'><strong>quid</strong></span> <span class='ocrx_word' id='word_1_89' title='bbox 504 1463 688 1542; x_wconf 84' lang='lat' dir='ltr'><strong>portenderet</strong></span> <span class='ocrx_word' id='word_1_90' title='bbox 708 1466 781 1526; x_wconf 84' lang='lat' dir='ltr'><strong>visio</strong></span> <span class='ocrx_word' id='word_1_91' title='bbox 803 1469 864 1524; x_wconf 82' lang='lat' dir='ltr'><strong>tam</strong></span> <span class='ocrx_word' id='word_1_92' title='bbox 884 1461 1013 1538; x_wconf 83' lang='lat' dir='ltr'><strong>insolite,</strong></span> <span class='ocrx_word' id='word_1_93' title='bbox 1044 1462 1119 1524; x_wconf 79' lang='lat' dir='ltr'><strong>seire</strong></span> 
     </span>
     <span class='ocr_line' id='line_1_14' title="bbox 71 1550 615 1626; baseline 0.009 -20"><span class='ocrx_word' id='word_1_94' title='bbox 71 1565 133 1608; x_wconf 82' lang='lat' dir='ltr'><strong>nou</strong></span> <span class='ocrx_word' id='word_1_95' title='bbox 153 1550 310 1626; x_wconf 83' lang='lat' dir='ltr'><strong>potuimus.</strong></span> <span class='ocrx_word' id='word_1_96' title='bbox 614 1575 615 1580; x_wconf 46' lang='lat'>¹</span> 
     </span>
    </p>
   </div>
   <div class='ocr_carea' id='block_1_5' title="bbox 72 1702 1118 1906">
    <p class='ocr_par' dir='ltr' id='par_1_5' title="bbox 72 1702 1118 1906">
     <span class='ocr_line' id='line_1_15' title="bbox 388 1702 806 1786; baseline -0.002 -20"><span class='ocrx_word' id='word_1_97' title='bbox 388 1704 622 1768; x_wconf 82' lang='lat' dir='ltr'><strong>CAPITULUM</strong></span> <span class='ocrx_word' id='word_1_98' title='bbox 648 1706 766 1766; x_wconf 88' lang='lat' dir='ltr'>XXVI.</span> <span class='ocrx_word' id='word_1_99' title='bbox 776 1702 806 1786; x_wconf 48' lang='grc' dir='ltr'><strong>ὕ)</strong></span> 
     </span>
     <span class='ocr_line' id='line_1_16' title="bbox 72 1825 1118 1906; baseline -0.002 -21"><span class='ocrx_word' id='word_1_100' title='bbox 72 1827 149 1886; x_wconf 80' lang='lat' dir='ltr'><strong>item</strong></span> <span class='ocrx_word' id='word_1_101' title='bbox 178 1825 214 1886; x_wconf 85' lang='lat' dir='ltr'><strong>de</strong></span> <span class='ocrx_word' id='word_1_102' title='bbox 235 1827 321 1887; x_wconf 85' lang='lat' dir='ltr'><strong>stello</strong></span> <span class='ocrx_word' id='word_1_103' title='bbox 342 1831 479 1890; x_wconf 74' lang='lat' dir='ltr'><strong>morinco</strong></span> <span class='ocrx_word' id='word_1_104' title='bbox 506 1847 585 1906; x_wconf 79' lang='lat' dir='ltr'><strong>quoe</strong></span> <span class='ocrx_word' id='word_1_105' title='bbox 616 1832 760 1904; x_wconf 68' lang='lat' dir='ltr'><strong>oppmit</strong></span> <span class='ocrx_word' id='word_1_106' title='bbox 782 1833 853 1904; x_wconf 85' lang='lat' dir='ltr'><strong>port</strong></span> <span class='ocrx_word' id='word_1_107' title='bbox 874 1827 942 1886; x_wconf 82' lang='lat' dir='ltr'><strong>solie</strong></span> <span class='ocrx_word' id='word_1_108' title='bbox 972 1841 1118 1884; x_wconf 70' lang='lat' dir='ltr'><strong>occasune</strong></span> 
     </span>
    </p>
   </div>
   <div class='ocr_carea' id='block_1_6' title="bbox 68 1945 1119 2637">
    <p class='ocr_par' dir='ltr' id='par_1_6' title="bbox 68 1945 1119 2637">
     <span class='ocr_line' id='line_1_17' title="bbox 138 1945 1119 2026; baseline -0.003 -18"><span class='ocrx_word' id='word_1_109' title='bbox 138 1946 274 2008; x_wconf 85' lang='lat' dir='ltr'><strong>Similiter</strong></span> <span class='ocrx_word' id='word_1_110' title='bbox 285 1947 342 2009; x_wconf 90' lang='lat' dir='ltr'><strong>boc</strong></span> <span class='ocrx_word' id='word_1_111' title='bbox 363 1967 439 2010; x_wconf 81' lang='lat' dir='ltr'><strong>enno</strong></span> <span class='ocrx_word' id='word_1_112' title='bbox 453 1967 505 2026; x_wconf 91' lang='lat' dir='ltr'><strong>per</strong></span> <span class='ocrx_word' id='word_1_113' title='bbox 519 1949 591 2010; x_wconf 88' lang='lat' dir='ltr'><strong>dues</strong></span> <span class='ocrx_word' id='word_1_114' title='bbox 608 1949 806 2010; x_wconf 82' lang='lat' dir='ltr'><strong>hebdomedes</strong></span> <span class='ocrx_word' id='word_1_115' title='bbox 823 1951 886 2008; x_wconf 80' lang='lat' dir='ltr'><strong>vise</strong></span> <span class='ocrx_word' id='word_1_116' title='bbox 898 1953 943 2007; x_wconf 90' lang='lat' dir='ltr'><strong>est</strong></span> <span class='ocrx_word' id='word_1_117' title='bbox 963 1952 1030 2022; x_wconf 88' lang='lat' dir='ltr'><strong>post</strong></span> <span class='ocrx_word' id='word_1_118' title='bbox 1050 1945 1119 2006; x_wconf 90' lang='lat' dir='ltr'><strong>solis</strong></span> 
     </span>
     <span class='ocr_line' id='line_1_18' title="bbox 72 2033 1119 2114; baseline -0.004 -20"><span class='ocrx_word' id='word_1_119' title='bbox 72 2051 208 2094; x_wconf 76' lang='lat' dir='ltr'><strong>occasum</strong></span> <span class='ocrx_word' id='word_1_120' title='bbox 230 2035 313 2096; x_wconf 84' lang='lat' dir='ltr'><strong>stelle</strong></span> <span class='ocrx_word' id='word_1_121' title='bbox 333 2041 431 2097; x_wconf 80' lang='lat' dir='ltr'><strong>tentae</strong></span> <span class='ocrx_word' id='word_1_122' title='bbox 452 2037 671 2114; x_wconf 77' lang='lat' dir='ltr'><strong>magnitudinis,</strong></span> <span class='ocrx_word' id='word_1_123' title='bbox 703 2042 736 2094; x_wconf 94' lang='lat' dir='ltr'><strong>ut</strong></span> <span class='ocrx_word' id='word_1_124' title='bbox 757 2035 796 2096; x_wconf 85' lang='lat' dir='ltr'><strong>ed</strong></span> <span class='ocrx_word' id='word_1_125' title='bbox 816 2034 914 2094; x_wconf 70' lang='lat' dir='ltr'><strong>instar</strong></span> <span class='ocrx_word' id='word_1_126' title='bbox 925 2036 998 2112; x_wconf 81' lang='lat' dir='ltr'><strong>ignis</strong></span> <span class='ocrx_word' id='word_1_127' title='bbox 1020 2033 1119 2110; x_wconf 90' lang='lat' dir='ltr'><strong>splen·</strong></span> 
     </span>
     <span class='ocr_line' id='line_1_19' title="bbox 72 2120 1118 2198; baseline -0.001 -18"><span class='ocrx_word' id='word_1_128' title='bbox 72 2121 172 2180; x_wconf 87' lang='lat' dir='ltr'><strong>dorem</strong></span> <span class='ocrx_word' id='word_1_129' title='bbox 199 2121 235 2182; x_wconf 90' lang='lat' dir='ltr'><strong>de</strong></span> <span class='ocrx_word' id='word_1_130' title='bbox 262 2139 294 2182; x_wconf 90' lang='lat' dir='ltr'><strong>se</strong></span> <span class='ocrx_word' id='word_1_131' title='bbox 324 2125 474 2184; x_wconf 88' lang='lat' dir='ltr'><strong>emitteret.</strong></span> <span class='ocrx_word' id='word_1_132' title='bbox 516 2123 624 2184; x_wconf 87' lang='lat' dir='ltr'><strong>Judcei</strong></span> <span class='ocrx_word' id='word_1_133' title='bbox 652 2129 784 2182; x_wconf 88' lang='lat' dir='ltr'><strong>esserunt</strong></span> <span class='ocrx_word' id='word_1_134' title='bbox 811 2139 875 2180; x_wconf 84' lang='lat' dir='ltr'><strong>eum</strong></span> <span class='ocrx_word' id='word_1_135' title='bbox 897 2123 1010 2198; x_wconf 82' lang='lat' dir='ltr'><strong>signum</strong></span> <span class='ocrx_word' id='word_1_136' title='bbox 1031 2120 1118 2179; x_wconf 76' lang='lat' dir='ltr'><strong>titisse</strong></span> 
     </span>
     <span class='ocr_line' id='line_1_20' title="bbox 72 2205 1118 2292; baseline 0 -24"><span class='ocrx_word' id='word_1_137' title='bbox 72 2211 118 2268; x_wconf 87' lang='lat' dir='ltr'><strong>sui</strong></span> <span class='ocrx_word' id='word_1_138' title='bbox 130 2207 255 2269; x_wconf 84' lang='lat' dir='ltr'><strong>Moesiae</strong></span> <span class='ocrx_word' id='word_1_139' title='bbox 268 2209 411 2270; x_wconf 78' lang='lat' dir='ltr'><strong>adventus</strong></span> <span class='ocrx_word' id='word_1_140' title='bbox 422 2207 453 2292; x_wconf 83' lang='lat'><strong>²).</strong></span> <span class='ocrx_word' id='word_1_141' title='bbox 495 2209 578 2270; x_wconf 85' lang='lat' dir='ltr'><strong>Haec</strong></span> <span class='ocrx_word' id='word_1_142' title='bbox 594 2211 671 2270; x_wconf 84' lang='lat' dir='ltr'><strong>dictu</strong></span> <span class='ocrx_word' id='word_1_143' title='bbox 687 2213 743 2269; x_wconf 89' lang='lat' dir='ltr'><strong>sint</strong></span> <span class='ocrx_word' id='word_1_144' title='bbox 751 2207 772 2290; x_wconf 72' lang='grc'><strong>3)</strong></span> <span class='ocrx_word' id='word_1_145' title='bbox 795 2208 831 2268; x_wconf 88' lang='lat' dir='ltr'><strong>de</strong></span> <span class='ocrx_word' id='word_1_146' title='bbox 853 2209 941 2285; x_wconf 81' lang='lat' dir='ltr'><strong>signis</strong></span> <span class='ocrx_word' id='word_1_147' title='bbox 962 2205 1118 2268; x_wconf 75' lang='lat' dir='ltr'><strong>stellarum.</strong></span> 
     </span>
     <span class='ocr_line' id='line_1_21' title="bbox 70 2294 1118 2374; baseline 0 -20"><span class='ocrx_word' id='word_1_148' title='bbox 70 2295 163 2354; x_wconf 84' lang='lat' dir='ltr'><strong>Porro</strong></span> <span class='ocrx_word' id='word_1_149' title='bbox 186 2294 221 2354; x_wconf 92' lang='lat' dir='ltr'><strong>de</strong></span> <span class='ocrx_word' id='word_1_150' title='bbox 242 2297 308 2372; x_wconf 81' lang='lat' dir='ltr'><strong>igne</strong></span> <span class='ocrx_word' id='word_1_151' title='bbox 329 2296 481 2374; x_wconf 79' lang='lat' dir='ltr'><strong>aethereo,</strong></span> <span class='ocrx_word' id='word_1_152' title='bbox 502 2297 619 2358; x_wconf 82' lang='lat' dir='ltr'><strong>fulmine</strong></span> <span class='ocrx_word' id='word_1_153' title='bbox 642 2297 750 2358; x_wconf 87' lang='lat' dir='ltr'><strong>seilicet</strong></span> <span class='ocrx_word' id='word_1_154' title='bbox 771 2303 859 2372; x_wconf 88' lang='lat' dir='ltr'><strong>etque</strong></span> <span class='ocrx_word' id='word_1_155' title='bbox 881 2296 1021 2368; x_wconf 88' lang='lat' dir='ltr'><strong>tonitruo,</strong></span> <span class='ocrx_word' id='word_1_156' title='bbox 1044 2309 1118 2368; x_wconf 85' lang='lat' dir='ltr'><strong>quae</strong></span> 
     </span>
     <span class='ocr_line' id='line_1_22' title="bbox 70 2380 1118 2462; baseline -0.003 -20"><span class='ocrx_word' id='word_1_157' title='bbox 70 2401 107 2442; x_wconf 84' lang='lat' dir='ltr'><strong>ex</strong></span> <span class='ocrx_word' id='word_1_158' title='bbox 129 2381 417 2446; x_wconf 85' lang='lat' dir='ltr'><strong>collisionenubium</strong></span> <span class='ocrx_word' id='word_1_159' title='bbox 438 2387 609 2462; x_wconf 84' lang='lat' dir='ltr'><strong>gignuntur,</strong></span> <span class='ocrx_word' id='word_1_160' title='bbox 633 2384 732 2461; x_wconf 83' lang='lat' dir='ltr'><strong>aliquo</strong></span> <span class='ocrx_word' id='word_1_161' title='bbox 752 2383 896 2460; x_wconf 85' lang='lat' dir='ltr'><strong>proferam</strong></span> <span class='ocrx_word' id='word_1_162' title='bbox 918 2380 1063 2456; x_wconf 83' lang='lat' dir='ltr'><strong>exemplo,</strong></span> <span class='ocrx_word' id='word_1_163' title='bbox 1085 2385 1118 2439; x_wconf 92' lang='lat' dir='ltr'><strong>ut</strong></span> 
     </span>
     <span class='ocr_line' id='line_1_23' title="bbox 69 2468 1118 2543; baseline -0.002 -15"><span class='ocrx_word' id='word_1_164' title='bbox 69 2471 185 2528; x_wconf 89' lang='lat' dir='ltr'><strong>noveris</strong></span> <span class='ocrx_word' id='word_1_165' title='bbox 207 2469 366 2530; x_wconf 89' lang='lat' dir='ltr'><strong>secundum</strong></span> <span class='ocrx_word' id='word_1_166' title='bbox 388 2473 479 2532; x_wconf 88' lang='lat' dir='ltr'><strong>verba</strong></span> <span class='ocrx_word' id='word_1_167' title='bbox 499 2472 659 2532; x_wconf 84' lang='lat' dir='ltr'><strong>Salvatoris</strong></span> <span class='ocrx_word' id='word_1_168' title='bbox 680 2478 802 2530; x_wconf 88' lang='lat' dir='ltr'><strong>terrores</strong></span> <span class='ocrx_word' id='word_1_169' title='bbox 824 2469 860 2529; x_wconf 89' lang='lat' dir='ltr'><strong>de</strong></span> <span class='ocrx_word' id='word_1_170' title='bbox 882 2468 962 2528; x_wconf 89' lang='lat' dir='ltr'><strong>coelo</strong></span> <span class='ocrx_word' id='word_1_171' title='bbox 985 2475 1014 2526; x_wconf 90' lang='lat' dir='ltr'><strong>et</strong></span> <span class='ocrx_word' id='word_1_172' title='bbox 1034 2469 1118 2543; x_wconf 83' lang='lat' dir='ltr'><strong>signe</strong></span> 
     </span>
     <span class='ocr_line' id='line_1_24' title="bbox 68 2557 731 2637; baseline 0.005 -22"><span class='ocrx_word' id='word_1_173' title='bbox 68 2573 176 2634; x_wconf 84' lang='lat' dir='ltr'><strong>magne</strong></span> <span class='ocrx_word' id='word_1_174' title='bbox 196 2559 283 2617; x_wconf 88' lang='lat' dir='ltr'><strong>etiem</strong></span> <span class='ocrx_word' id='word_1_175' title='bbox 303 2557 349 2618; x_wconf 90' lang='lat' dir='ltr'><strong>bis</strong></span> <span class='ocrx_word' id='word_1_176' title='bbox 370 2560 546 2636; x_wconf 87' lang='lat' dir='ltr'><strong>temporibus</strong></span> <span class='ocrx_word' id='word_1_177' title='bbox 569 2559 731 2637; x_wconf 84' lang='lat' dir='ltr'><strong>contigisse.</strong></span> 
     </span>
    </p>
   </div>
   <div class='ocr_carea' id='block_1_7' title="bbox 136 2713 1116 3035">
    <p class='ocr_par' dir='ltr' id='par_1_7' title="bbox 136 2713 1116 3035">
     <span class='ocr_line' id='line_1_25' title="bbox 200 2713 792 2788; baseline -0.007 -13"><span class='ocrx_word' id='word_1_178' title='bbox 200 2783 201 2788; x_wconf 9' lang='grc' dir='ltr'>η</span> <span class='ocrx_word' id='word_1_179' title='bbox 398 2715 633 2777; x_wconf 81' lang='lat' dir='ltr'><strong>CAPITULUM</strong></span> <span class='ocrx_word' id='word_1_180' title='bbox 658 2713 792 2774; x_wconf 86' lang='lat' dir='ltr'>XXVII.</span> 
     </span>
     <span class='ocr_line' id='line_1_26' title="bbox 163 2831 1022 2914; baseline 0.002 -24"><span class='ocrx_word' id='word_1_181' title='bbox 163 2833 213 2890; x_wconf 91' lang='lat' dir='ltr'><strong>De</strong></span> <span class='ocrx_word' id='word_1_182' title='bbox 234 2837 368 2896; x_wconf 82' lang='lat' dir='ltr'><strong>tonitruo</strong></span> <span class='ocrx_word' id='word_1_183' title='bbox 390 2843 418 2896; x_wconf 87' lang='lat' dir='ltr'><strong>et</strong></span> <span class='ocrx_word' id='word_1_184' title='bbox 437 2837 565 2914; x_wconf 77' lang='lat' dir='ltr'><strong>fulmine</strong></span> <span class='ocrx_word' id='word_1_185' title='bbox 585 2842 618 2897; x_wconf 84' lang='lat' dir='ltr'><strong>in</strong></span> <span class='ocrx_word' id='word_1_186' title='bbox 640 2839 742 2912; x_wconf 77' lang='lat' dir='ltr'><strong>vipiliu</strong></span> <span class='ocrx_word' id='word_1_187' title='bbox 763 2837 858 2894; x_wconf 82' lang='lat' dir='ltr'><strong>carecti</strong></span> <span class='ocrx_word' id='word_1_188' title='bbox 879 2831 1022 2892; x_wconf 74' lang='lat' dir='ltr'><strong>Martiae.</strong></span> 
     </span>
     <span class='ocr_line' id='line_1_27' title="bbox 136 2951 1116 3035; baseline 0.002 -26"><span class='ocrx_word' id='word_1_189' title='bbox 136 2951 171 3010; x_wconf 89' lang='lat' dir='ltr'><strong>In</strong></span> <span class='ocrx_word' id='word_1_190' title='bbox 200 2953 298 3030; x_wconf 83' lang='lat' dir='ltr'><strong>vigilia</strong></span> <span class='ocrx_word' id='word_1_191' title='bbox 324 2960 415 3016; x_wconf 84' lang='lat' dir='ltr'><strong>sancti</strong></span> <span class='ocrx_word' id='word_1_192' title='bbox 436 2958 565 3020; x_wconf 84' lang='lat' dir='ltr'><strong>Matbioe</strong></span> <span class='ocrx_word' id='word_1_193' title='bbox 587 2958 721 3035; x_wconf 85' lang='lat' dir='ltr'><strong>Apostoli</strong></span> <span class='ocrx_word' id='word_1_194' title='bbox 743 2959 796 3017; x_wconf 85' lang='lat' dir='ltr'><strong>erit</strong></span> <span class='ocrx_word' id='word_1_195' title='bbox 817 2956 964 3015; x_wconf 87' lang='lat' dir='ltr'><strong>biennium</strong></span> <span class='ocrx_word' id='word_1_196' title='bbox 986 2951 1065 3028; x_wconf 90' lang='lat' dir='ltr'><strong>quod</strong></span> <span class='ocrx_word' id='word_1_197' title='bbox 1085 2951 1116 3011; x_wconf 90' lang='lat' dir='ltr'><strong>iu</strong></span> 
     </span>
    </p>
   </div>
   <div class='ocr_carea' id='block_1_8' title="bbox 69 3031 1234 3120">
    <p class='ocr_par' dir='ltr' id='par_1_8' title="bbox 69 3031 1234 3120">
     <span class='ocr_line' id='line_1_28' title="bbox 69 3031 1234 3120; baseline 0 -22"><span class='ocrx_word' id='word_1_198' title='bbox 69 3037 192 3098; x_wconf 74' lang='lat' dir='ltr'><strong>colonia</strong></span> <span class='ocrx_word' id='word_1_199' title='bbox 214 3042 333 3118; x_wconf 78' lang='lat' dir='ltr'><strong>contigit</strong></span> <span class='ocrx_word' id='word_1_200' title='bbox 348 3060 394 3102; x_wconf 87' lang='lat' dir='ltr'><strong>res</strong></span> <span class='ocrx_word' id='word_1_201' title='bbox 416 3048 486 3104; x_wconf 86' lang='lat' dir='ltr'><strong>setis</strong></span> <span class='ocrx_word' id='word_1_202' title='bbox 506 3045 687 3120; x_wconf 79' lang='lat' dir='ltr'><strong>miraculosa,</strong></span> <span class='ocrx_word' id='word_1_203' title='bbox 709 3051 737 3104; x_wconf 89' lang='lat' dir='ltr'><strong>et</strong></span> <span class='ocrx_word' id='word_1_204' title='bbox 758 3044 825 3103; x_wconf 83' lang='lat' dir='ltr'><strong>ideo</strong></span> <span class='ocrx_word' id='word_1_205' title='bbox 845 3031 1025 3114; x_wconf 79' lang='lat' dir='ltr'><strong>mbecmosa,</strong></span> <span class='ocrx_word' id='word_1_206' title='bbox 1047 3040 1116 3114; x_wconf 83' lang='lat' dir='ltr'><strong>quie</strong></span> <span class='ocrx_word' id='word_1_207' title='bbox 1231 3064 1234 3071; x_wconf 95' lang='lat'>·</span> 
     </span>
    </p>
   </div>
   <div class='ocr_carea' id='block_1_9' title="bbox 66 3123 1115 3640">
    <p class='ocr_par' dir='ltr' id='par_1_9' title="bbox 66 3123 1115 3640">
     <span class='ocr_line' id='line_1_29' title="bbox 67 3123 1113 3207; baseline 0 -23"><span class='ocrx_word' id='word_1_208' title='bbox 67 3125 193 3185; x_wconf 79' lang='lat' dir='ltr'><strong>insolitu</strong></span> <span class='ocrx_word' id='word_1_209' title='bbox 235 3126 271 3185; x_wconf 86' lang='lat' dir='ltr'><strong>In</strong></span> <span class='ocrx_word' id='word_1_210' title='bbox 299 3131 467 3206; x_wconf 84' lang='lat' dir='ltr'><strong>crepusculo</strong></span> <span class='ocrx_word' id='word_1_211' title='bbox 487 3132 616 3192; x_wconf 89' lang='lat' dir='ltr'><strong>eiusdem</strong></span> <span class='ocrx_word' id='word_1_212' title='bbox 629 3134 732 3202; x_wconf 71' lang='lat' dir='ltr'><strong>,noctis</strong></span> <span class='ocrx_word' id='word_1_213' title='bbox 749 3133 824 3207; x_wconf 83' lang='lat' dir='ltr'><strong>ignis</strong></span> <span class='ocrx_word' id='word_1_214' title='bbox 847 3127 952 3188; x_wconf 88' lang='lat' dir='ltr'><strong>cedens</strong></span> <span class='ocrx_word' id='word_1_215' title='bbox 974 3125 1010 3186; x_wconf 90' lang='lat' dir='ltr'><strong>de</strong></span> <span class='ocrx_word' id='word_1_216' title='bbox 1032 3123 1113 3186; x_wconf 89' lang='lat' dir='ltr'><strong>coelo</strong></span> 
     </span>
     <span class='ocr_line' id='line_1_30' title="bbox 67 3214 1115 3294; baseline -0.002 -22"><span class='ocrx_word' id='word_1_217' title='bbox 67 3215 168 3272; x_wconf 87' lang='lat' dir='ltr'><strong>turrim</strong></span> <span class='ocrx_word' id='word_1_218' title='bbox 183 3215 276 3273; x_wconf 81' lang='lat' dir='ltr'><strong>suncti</strong></span> <span class='ocrx_word' id='word_1_219' title='bbox 286 3214 421 3276; x_wconf 74' lang='lat' dir='ltr'><strong>Andreae</strong></span> <span class='ocrx_word' id='word_1_220' title='bbox 441 3219 574 3294; x_wconf 89' lang='lat' dir='ltr'><strong>incendit,</strong></span> <span class='ocrx_word' id='word_1_221' title='bbox 595 3218 722 3278; x_wconf 89' lang='lat' dir='ltr'><strong>similiter</strong></span> <span class='ocrx_word' id='word_1_222' title='bbox 739 3224 767 3276; x_wconf 88' lang='lat' dir='ltr'><strong>et</strong></span> <span class='ocrx_word' id='word_1_223' title='bbox 788 3233 886 3292; x_wconf 91' lang='lat' dir='ltr'><strong>sepem</strong></span> <span class='ocrx_word' id='word_1_224' title='bbox 908 3216 984 3275; x_wconf 87' lang='lat' dir='ltr'><strong>circe</strong></span> <span class='ocrx_word' id='word_1_225' title='bbox 1006 3214 1115 3272; x_wconf 80' lang='lat' dir='ltr'><strong>eudem</strong></span> 
     </span>
     <span class='ocr_line' id='line_1_31' title="bbox 68 3299 1113 3382; baseline -0.003 -21"><span class='ocrx_word' id='word_1_226' title='bbox 68 3299 221 3361; x_wconf 79' lang='lat' dir='ltr'><strong>cuiusdam</strong></span> <span class='ocrx_word' id='word_1_227' title='bbox 249 3306 393 3380; x_wconf 82' lang='lat' dir='ltr'><strong>canonici,</strong></span> <span class='ocrx_word' id='word_1_228' title='bbox 422 3323 497 3381; x_wconf 82' lang='lat' dir='ltr'><strong>quoe</strong></span> <span class='ocrx_word' id='word_1_229' title='bbox 524 3305 702 3382; x_wconf 89' lang='lat' dir='ltr'><strong>permultos</strong></span> <span class='ocrx_word' id='word_1_230' title='bbox 725 3307 831 3364; x_wconf 88' lang='lat' dir='ltr'><strong>civium</strong></span> <span class='ocrx_word' id='word_1_231' title='bbox 851 3303 965 3362; x_wconf 89' lang='lat' dir='ltr'><strong>luboree</strong></span> <span class='ocrx_word' id='word_1_232' title='bbox 988 3301 1113 3359; x_wconf 76' lang='lat' dir='ltr'><strong>extincta</strong></span> 
     </span>
     <span class='ocr_line' id='line_1_32' title="bbox 66 3383 1113 3470; baseline -0.001 -23"><span class='ocrx_word' id='word_1_233' title='bbox 66 3394 146 3447; x_wconf 77' lang='lat' dir='ltr'><strong>sunt.</strong></span> <span class='ocrx_word' id='word_1_234' title='bbox 187 3386 299 3447; x_wconf 80' lang='lat' dir='ltr'><strong>Eadem</strong></span> <span class='ocrx_word' id='word_1_235' title='bbox 325 3399 423 3450; x_wconf 85' lang='lat' dir='ltr'><strong>autem</strong></span> <span class='ocrx_word' id='word_1_236' title='bbox 451 3400 537 3452; x_wconf 89' lang='lat' dir='ltr'><strong>noete</strong></span> <span class='ocrx_word' id='word_1_237' title='bbox 564 3393 672 3470; x_wconf 83' lang='lat' dir='ltr'><strong>glacies</strong></span> <span class='ocrx_word' id='word_1_238' title='bbox 700 3391 792 3450; x_wconf 84' lang='lat' dir='ltr'><strong>iuerat</strong></span> <span class='ocrx_word' id='word_1_239' title='bbox 819 3388 978 3466; x_wconf 74' lang='lat' dir='ltr'><strong>congelata.</strong></span> <span class='ocrx_word' id='word_1_240' title='bbox 1028 3383 1113 3446; x_wconf 88' lang='lat' dir='ltr'><strong>Unde</strong></span> 
     </span>
     <span class='ocr_line' id='line_1_33' title="bbox 67 3471 1113 3556; baseline -0.002 -22"><span class='ocrx_word' id='word_1_241' title='bbox 67 3482 97 3534; x_wconf 87' lang='lat' dir='ltr'><strong>et</strong></span> <span class='ocrx_word' id='word_1_242' title='bbox 126 3475 296 3536; x_wconf 83' lang='lat' dir='ltr'><strong>miraculum</strong></span> <span class='ocrx_word' id='word_1_243' title='bbox 323 3480 528 3555; x_wconf 79' lang='lat' dir='ltr'><strong>reputabatur,</strong></span> <span class='ocrx_word' id='word_1_244' title='bbox 557 3480 636 3556; x_wconf 89' lang='lat' dir='ltr'><strong>quod</strong></span> <span class='ocrx_word' id='word_1_245' title='bbox 661 3480 786 3538; x_wconf 82' lang='lat' dir='ltr'><strong>tonitrus</strong></span> <span class='ocrx_word' id='word_1_246' title='bbox 807 3476 912 3549; x_wconf 84' lang='lat' dir='ltr'><strong>audiri,</strong></span> <span class='ocrx_word' id='word_1_247' title='bbox 945 3479 974 3532; x_wconf 89' lang='lat' dir='ltr'><strong>et</strong></span> <span class='ocrx_word' id='word_1_248' title='bbox 994 3471 1113 3532; x_wconf 80' lang='lat' dir='ltr'><strong>fulmine</strong></span> 
     </span>
     <span class='ocr_line' id='line_1_34' title="bbox 66 3559 1112 3640; baseline -0.005 -18"><span class='ocrx_word' id='word_1_249' title='bbox 66 3562 159 3622; x_wconf 88' lang='lat' dir='ltr'><strong>videri</strong></span> <span class='ocrx_word' id='word_1_250' title='bbox 179 3570 321 3639; x_wconf 84' lang='lat' dir='ltr'><strong>poterent</strong></span> <span class='ocrx_word' id='word_1_251' title='bbox 364 3565 454 3626; x_wconf 87' lang='lat' dir='ltr'><strong>Aliud</strong></span> <span class='ocrx_word' id='word_1_252' title='bbox 480 3568 532 3627; x_wconf 88' lang='lat' dir='ltr'><strong>tibi</strong></span> <span class='ocrx_word' id='word_1_253' title='bbox 560 3567 681 3626; x_wconf 85' lang='lat' dir='ltr'><strong>referam</strong></span> <span class='ocrx_word' id='word_1_254' title='bbox 704 3564 866 3640; x_wconf 83' lang='lat' dir='ltr'><strong>exemplum</strong></span> <span class='ocrx_word' id='word_1_255' title='bbox 887 3559 1012 3621; x_wconf 90' lang='lat' dir='ltr'><strong>terribile</strong></span> <span class='ocrx_word' id='word_1_256' title='bbox 1033 3559 1112 3618; x_wconf 82' lang='lat' dir='ltr'><strong>setis.</strong></span> 
     </span>
    </p>
   </div>
   <div class='ocr_carea' id='block_1_10' title="bbox 85 3665 1111 3748">
    <p class='ocr_par' dir='ltr' id='par_1_10' title="bbox 85 3665 1111 3748">
     <span class='ocr_line' id='line_1_35' title="bbox 85 3665 1111 3748; baseline 0.002 -18"><span class='ocrx_word' id='word_1_257' title='bbox 85 3680 116 3746; x_wconf 86' lang='lat'><strong>1)</strong></span> <span class='ocrx_word' id='word_1_258' title='bbox 152 3689 256 3747; x_wconf 82' lang='lat' dir='ltr'><strong>propter</strong></span> <span class='ocrx_word' id='word_1_259' title='bbox 272 3685 449 3738; x_wconf 76' lang='lat' dir='ltr'><strong>reerectionem</strong></span> <span class='ocrx_word' id='word_1_260' title='bbox 467 3692 550 3736; x_wconf 81' lang='lat' dir='ltr'><strong>teme</strong></span> <span class='ocrx_word' id='word_1_261' title='bbox 569 3680 739 3735; x_wconf 81' lang='lat' dir='ltr'><strong>biecbtiidis:“</strong></span> <span class='ocrx_word' id='word_1_262' title='bbox 758 3681 807 3732; x_wconf 85' lang='lat' dir='ltr'><strong>Vit.</strong></span> <span class='ocrx_word' id='word_1_263' title='bbox 820 3665 930 3748; x_wconf 79' lang='lat' dir='ltr'><strong>Eugelb.¹</strong></span> <span class='ocrx_word' id='word_1_264' title='bbox 945 3677 965 3740; x_wconf 83' lang='lat'><strong>1,</strong></span> <span class='ocrx_word' id='word_1_265' title='bbox 983 3677 1007 3728; x_wconf 84' lang='lat'><strong>3.</strong></span> <span class='ocrx_word' id='word_1_266' title='bbox 1028 3703 1058 3716; x_wconf 84' lang='lat'>-</span> <span class='ocrx_word' id='word_1_267' title='bbox 1078 3674 1111 3742; x_wconf 70' lang='lat' dir='ltr'><strong>*J</strong></span> 
     </span>
    </p>
   </div>
   <div class='ocr_carea' id='block_1_11' title="bbox 134 3717 1228 3822">
    <p class='ocr_par' dir='ltr' id='par_1_11' title="bbox 134 3717 1228 3822">
     <span class='ocr_line' id='line_1_36' title="bbox 134 3717 1228 3822; baseline -0.005 -20"><span class='ocrx_word' id='word_1_268' title='bbox 134 3717 225 3802; x_wconf 72' lang='lat' dir='ltr'><strong>itanu</strong></span> <span class='ocrx_word' id='word_1_269' title='bbox 248 3751 289 3804; x_wconf 87' lang='grc' dir='ltr'><strong>ιιι.</strong></span> <span class='ocrx_word' id='word_1_270' title='bbox 309 3769 333 3820; x_wconf 77' lang='lat' dir='ltr'><strong>p.</strong></span> <span class='ocrx_word' id='word_1_271' title='bbox 354 3754 411 3807; x_wconf 82' lang='grc' dir='ltr'><strong>ιιι.</strong></span> <span class='ocrx_word' id='word_1_272' title='bbox 431 3783 462 3796; x_wconf 86' lang='grc'>-</span> <span class='ocrx_word' id='word_1_273' title='bbox 482 3755 514 3822; x_wconf 85' lang='lat'><strong>2)</strong></span> <span class='ocrx_word' id='word_1_274' title='bbox 527 3753 594 3807; x_wconf 81' lang='lat' dir='ltr'><strong>eor&gt;</strong></span> <span class='ocrx_word' id='word_1_275' title='bbox 612 3751 774 3806; x_wconf 72' lang='lat' dir='ltr'><strong>adventus</strong></span> <span class='ocrx_word' id='word_1_276' title='bbox 793 3752 842 3803; x_wconf 76' lang='lat' dir='ltr'><strong>sur</strong></span> <span class='ocrx_word' id='word_1_277' title='bbox 860 3747 1007 3801; x_wconf 76' lang='lat' dir='ltr'><strong>bessiae.</strong></span> <span class='ocrx_word' id='word_1_278' title='bbox 1026 3773 1057 3783; x_wconf 88' lang='lat'><em>-</em></span> <span class='ocrx_word' id='word_1_279' title='bbox 1077 3743 1110 3811; x_wconf 86' lang='lat'><strong>3)</strong></span> <span class='ocrx_word' id='word_1_280' title='bbox 1224 3773 1228 3780; x_wconf 76' lang='lat'><strong>,</strong></span> 
     </span>
    </p>
   </div>
   <div class='ocr_carea' id='block_1_12' title="bbox 136 3818 284 3873">
    <p class='ocr_par' dir='ltr' id='par_1_12' title="bbox 136 3818 284 3873">
     <span class='ocr_line' id='line_1_37' title="bbox 136 3818 284 3873; baseline 0.007 -1"><span class='ocrx_word' id='word_1_281' title='bbox 136 3818 186 3872; x_wconf 87' lang='grc' dir='ltr'><strong>ΑΡ</strong></span> <span class='ocrx_word' id='word_1_282' title='bbox 204 3830 284 3873; x_wconf 86' lang='lat' dir='ltr'><strong>sunt.</strong></span> 
     </span>
    </p>
   </div>
   <div class='ocr_carea' id='block_1_13' title="bbox 0 0 1302 4302">
    <p class='ocr_par' dir='ltr' id='par_1_13' title="bbox 0 0 1302 4302">
     <span class='ocr_line' id='line_1_38' title="bbox 0 0 1302 4302; baseline 0 0"><span class='ocrx_word' id='word_1_283' title='bbox 0 0 1302 4302; x_wconf 95' lang='lat' dir='ltr'><strong> </strong></span> 
     </span>
    </p>
   </div>
  </div>
 </body>
</html>
