2580 4316
160 252 201 314 ss
481 250 709 313 omrmcrro
731 249 917 338 saeuum

158 371 269 451 pendo,
298 371 376 449 quod
401 376 527 433 maxima
555 376 592 434 sit
619 377 710 434 virtus
731 377 916 435 contritionis.
958 371 1197 434 MONAOHUS:

158 461 255 521 Tanta
276 467 320 520 sst
341 463 402 520 sius
415 457 431 540 ¹)
452 464 559 536 virtus,
586 468 620 522 ut
647 465 707 522 sinc
735 462 784 522 illa
804 465 834 521 in
862 462 982 537 adultis,
1012 465 1062 537 qui
1081 461 1199 522 actuale

158 547 330 608 addiderunt
351 547 488 624 originali,
510 548 700 608 infructuosus
720 552 758 608 sit
779 551 946 624 baptismus,
968 549 1071 609 sterilis
1079 545 1100 628 ²)
1123 565 1199 608 con-

158 634 260 708 sessio,
283 635 391 694 inutilis
412 636 577 695 satisfactio.
619 637 696 696 Ecce
717 637 764 696 bic
785 636 892 712 habes,
915 637 993 712 quod
1014 638 1144 696 contritio
1166 637 1199 693 in

158 739 216 780 non
238 724 390 797 baptisatis
400 723 559 798 baptismus
581 726 618 782 sit
630 727 753 798 primus3
775 725 803 780 in
824 725 981 800 baptizatis,
996 730 1064 799 post
1082 723 1200 798 lapsum

159 805 341 889 seeundus¹).
383 809 532 884 Baptismo
554 813 639 886 igitur
667 813 842 870 contritionis
869 812 1030 886 baptisatis
1059 815 1103 869 est
1123 810 1200 868 latro

131 931 137 946 κ
159 899 189 956 in
208 913 308 971 cruce,
336 895 430 956 Maria
450 897 625 974 Magdalena
645 898 684 956 ad
707 898 796 973 pedes
818 897 982 958 salvatoris.
1027 897 1111 973 Quod
1133 895 1201 956 cul-

159 999 236 1059 pam,
258 983 472 1059 quantumlibet
482 973 524 1044 'sit
544 1001 651 1062 magna
660 981 692 1064 ⁴),
714 985 809 1045 deleat
830 987 970 1061 contritio,
990 985 1119 1045 subiecto
1131 983 1201 1043 *do-

160 1071 270 1130 ceberis
292 1071 432 1147 exemplo.

535 1260 767 1322 GAPITULUM
787 1262 827 1322 Π.

160 1400 208 1459 Dc
228 1400 374 1458 mmmcbo
397 1407 544 1475 apostata,
567 1405 620 1478 qui
639 1405 672 1460 in
694 1401 767 1461 balio
789 1401 950 1478 sodomus,
978 1408 1007 1460 ct
1027 1404 1060 1459 in
1080 1398 1202 1476 mutes·

181 1490 264 1546 simas
285 1489 436 1560 scamma,
463 1489 547 1564 clepit
568 1489 744 1547 duomiltia
766 1506 917 1548 amborum
937 1492 970 1547 ia
985 1490 1178 1564 perpauco.

224 1641 347 1704 Juvenis
376 1645 493 1720 quidam
521 1646 624 1705 nobilis
652 1663 807 1706 conversus
834 1653 879 1706 est
906 1648 936 1704 in
965 1644 1090 1722 quadam
1112 1642 1203 1710 domo

161 1729 265 1790 ordinis
294 1732 393 1790 nostri.
435 1732 572 1792 Habebat
601 1739 698 1792 autem
726 1734 902 1810 Episcopum
923 1732 1068 1808 quendam
1089 1747 1204 1807 cogna-

161 1823 237 1893 tum,
265 1835 363 1894 aquo
392 1822 475 1879 unice
498 1822 657 1880 amabatur.
701 1820 757 1897 Qui
779 1823 893 1897 cognita
915 1821 975 1879 eius
999 1821 1204 1894 conversione,

160 1904 200 1968 ud
220 1909 425 1966 monasterium
443 1910 528 1980 venit,
551 1914 579 1966 et
601 1914 633 1965 ut
653 1907 758 1966 rediret
779 1907 817 1965 ad
838 1905 993 1982 saeculum,
1014 1907 1110 1964 verbis
1132 1907 1204 1980 qui-

37 2067 42 2072 ,
160 1991 216 2052 bus
236 1999 350 2068 poterat
370 1996 468 2068 suasit,
493 1993 543 2054 ssd
565 1994 737 2069 persuadere
758 2011 815 2053 non
838 1996 938 2071 potuit
982 1991 1067 2052 Anno
1088 1992 1204 2068 proba-

160 2076 245 2138 tionis
267 2080 396 2156 erpleto,
424 2081 516 2140 iactus
538 2088 582 2140 est
603 2081 775 2155 monachus,
803 2087 831 2140 et
852 2098 909 2140 non
931 2079 1021 2140 multo'
1042 2087 1108 2155 post
1129 2097 1203 2155 gra-

162 2166 250 2226 datim
265 2167 432 2241 ascendens,
453 2170 482 2225 in
497 2167 676 2227 sacerdotem
697 2165 769 2247 cst⁵)
792 2168 946 2232 ordinabis
991 2166 1046 2243 Qui
1059 2165 1203 2226 suadente

162 2252 292 2328 diabolo,
313 2271 331 2312 a
353 2271 410 2329 quo
432 2257 540 2329 primus
562 2254 648 2313 homo
671 2257 778 2314 eiectus
801 2261 845 2314 est
867 2255 902 2314 de
923 2253 1072 2330 paradiso,
1094 2253 1204 2312 oblitus

161 2343 237 2413 voti,
259 2341 363 2400 oblitus
387 2341 552 2416 sacerdotii,
582 2348 610 2401 et
633 2342 709 2416 quod
730 2344 886 2417 pessimum
909 2347 960 2416 est,
983 2339 1125 2400 Creatoris
1146 2342 1204 2416 sui,

162 2426 288 2486 ordinem
322 2427 460 2504 desemit3
492 2436 520 2487 et
542 2430 610 2503 quia
631 2429 669 2488 ad
690 2435 822 2504 parentes
843 2429 935 2488 redire
958 2429 1084 2502 erubuit,
1112 2444 1203 2503 prae-

162 2513 293 2588 donibus,
316 2531 437 2590 quorum
451 2515 602 2574 multitudo
617 2522 694 2574 rutta
702 2513 723 2594 ⁶)
745 2523 873 2592 vocatur,
895 2532 926 2574 se
946 2517 1099 2576 coniunxit.
1143 2513 1203 2590 Qui

160 2604 203 2660 ita
239 2601 323 2660 datus
359 2607 402 2661 est
429 2604 459 2660 in
487 2603 642 2677 reprobum
678 2600 840 2682 sensumr),
867 2609 899 2660 ut
932 2605 981 2678 qui
1009 2603 1086 2678 prius
1115 2600 1203 2660 bonis

162 2694 223 2748 erat
243 2689 358 2763 melior,
373 2695 475 2764 postea
496 2692 583 2749 stiam
604 2689 686 2749 malis
707 2689 787 2748 fieret
809 2689 938 2748 deterior.
981 2688 1096 2748 Accidit
1116 2694 1149 2746 ut
1170 2689 1203 2746 in

162 2769 310 2835 obsidione
333 2776 482 2834 cuiusdam
512 2779 597 2836 castri
625 2776 682 2835 telo
709 2794 862 2852 percussus
870 2774 892 2855 ⁸)
915 2783 943 2834 et
971 2777 1132 2851 perfossus,
1161 2774 1203 2834 ad

163 2868 290 2922 extrema
312 2861 465 2922 deveniret.
509 2863 685 2940 Depcrtatus
714 2870 757 2922 est
780 2882 798 2922 a
819 2866 903 2922 sociis
924 2865 954 2922 in
976 2863 1121 2938 quandam
1142 2860 1204 2920 vil-

161 2949 234 3024 lam,
264 2949 398 3010 adhibitis
422 2950 592 3025 quibusdam
616 2953 664 3025 qui
687 2953 713 3009 ei
734 2953 932 3011 ministrarent
974 2949 1013 3008 Et
1035 2967 1099 3008 cum
1121 2947 1204 3008 nulla

161 3053 228 3112 spes
257 3043 333 3095 esset
365 3037 506 3096 evadendi
534 3044 654 3097 mortem
683 3037 888 3114 temporalem,
916 3037 1104 3096 hortabantur
1132 3052 1203 3094 eum

161 3124 200 3182 ad
222 3124 443 3198 confessionem,
472 3130 504 3182 ut
534 3125 636 3183 saitem
664 3125 737 3184 illius
759 3124 898 3184 beneficio
921 3131 1042 3183 mortem
1064 3121 1203 3182 evaderet

162 3217 317 3288 aeternam.
360 3210 471 3287 Quibus
485 3211 644 3287 respondit:
667 3210 743 3287 Quid
763 3212 833 3269 mihi
849 3211 985 3286 prodesse
1007 3216 1106 3286 posset
1127 3225 1202 3268 eon-

161 3297 263 3368 iessic,
292 3299 341 3372 qui
362 3303 442 3357 tanta
464 3303 492 3358 et
513 3293 574 3358 tam
595 3301 743 3356 innumera
763 3299 817 3357 feci
839 3297 929 3373 mala,
961 3300 1010 3373 qui
1031 3304 1091 3356 tam
1113 3313 1202 3369 epor-

161 3381 247 3463 mia⁹)
271 3387 399 3444 comndsi
416 3383 546 3445 scelera?
590 3384 638 3443 Ad
660 3385 732 3444 haec
753 3385 808 3444 illi:
829 3383 925 3444 Maior
946 3391 990 3445 est
1010 3384 1067 3442 Dei
1087 3383 1203 3442 miseri-

161 3467 274 3545 cordia,
302 3489 388 3547 quam
414 3474 452 3531 sit
477 3474 611 3548 iniquitas
640 3478 699 3530 tua.
741 3472 800 3532 Vix
827 3472 960 3548 tandem,
986 3472 1203 3548 importunitate

181 3603 212 3673 1)
231 3603 305 3655 eius
328 3619 369 3656 om
392 3603 419 3656 G.
440 3635 469 3645 -
489 3605 520 3674 2)
539 3606 559 3658 C
577 3605 626 3657 add
649 3608 700 3658 sit.
726 3635 757 3646 —
777 3607 808 3675 3]
827 3607 909 3658 Ecce
928 3637 958 3646 -
979 3603 1140 3657 sccundus
1157 3618 1202 3655 orn

231 3673 261 3725 D.
282 3703 312 3714 -
332 3675 364 3741 4)
382 3674 422 3726 DP
440 3691 553 3744 magna
571 3679 622 3726 sit.
643 3705 673 3714 -
693 3676 724 3742 5)
742 3685 781 3727 est
799 3693 839 3728 cm
858 3677 906 3730 Bc.
928 3706 957 3716 -
976 3677 1009 3744 6)
1027 3675 1047 3727 13
1066 3682 1145 3726 rota.
1167 3703 1200 3714 -

232 3742 352 3810 7)Rom.
373 3743 498 3805 1,28.-
518 3746 550 3813 8)
569 3745 589 3799 C
606 3745 656 3797 add
674 3755 777 3808 esset;
795 3746 869 3813 paulo
889 3754 946 3814 post
964 3746 984 3798 B
1003 3744 1201 3814 perveniret.

233 3841 265 3854 —
284 3812 315 3880 9]
335 3812 412 3863 verba
430 3813 544 3864 ieci-
564 3818 770 3868 enormiaom
788 3816 817 3868 D.
