2664 4308
469 289 523 348 DE
545 287 703 351 Sanoua
723 286 866 349 MARIA.
1168 293 1183 348 l

149 413 275 483 buntur,
310 409 465 474 inchoavit.
522 410 615 487 Quem
643 409 843 470 Harderardus
872 408 1043 469 confundere
1072 409 1187 484 volens,

147 498 317 558 auctoritate
339 513 424 556 curae
445 497 612 573 pastoralis,
641 498 766 557 officium
787 495 843 556 diei
864 498 984 572 incepit,
1010 496 1040 554 id
1062 504 1119 573 est,
1148 498 1187 556 In

150 585 260 644 cccclm
298 585 414 644 dinone.
475 583 528 642 Oui
564 601 630 644 cum
658 583 793 644 sacerdos
821 586 979 657 resisteret,
1006 586 1091 643 cessit
1124 584 1186 657 ille,

148 670 297 732 confusum
326 687 358 730 se
390 669 536 729 simulans.
578 671 673 730 Finita
700 673 801 746 missa,
833 689 899 730 cunr
925 669 1004 729 illum
1026 669 1096 730 dure
1117 673 1186 730 satis

146 763 292 834 argueret,
320 757 499 832 diceretque,
520 757 650 833 dominc,
672 757 787 834 qualem
808 760 925 817 missam
950 757 1059 817 dixistis
1080 756 1186 818 hodie?

146 851 176 904 et
202 843 249 904 ille
281 843 479 920 responderet,
514 843 550 904 de
578 844 705 904 Domina
740 849 853 920 nostra,
886 861 981 904 nonne
1008 845 1086 904 bona
1112 842 1186 902 luit?

145 930 250 990 adiecit
280 930 494 990 Harderardus:
527 930 631 991 Videte
661 947 698 990 na
725 947 853 1007 unquam
882 929 918 990 de
947 937 1041 990 cetero
1069 932 1186 990 missam

146 1016 248 1077 dicatis
269 1019 298 1074 in
320 1017 440 1077 ecclesia
461 1033 536 1076 mea.
579 1017 684 1093 Sicque
705 1019 840 1091 recessit,
866 1017 922 1077 alio
945 1017 1092 1077 secerdote
1115 1018 1186 1077 snb·

144 1106 254 1164 stituto.
296 1104 336 1162 ut
357 1121 423 1163 cum
444 1110 542 1179 egeret
557 1121 669 1180 pauper
688 1103 736 1163 ille
758 1110 880 1178 amonis,
902 1121 1053 1179 compassa
1075 1105 1101 1163 ei
1122 1121 1187 1162 rna-

145 1197 189 1250 tcr
208 1190 434 1265 misericordiae,
454 1196 539 1250 nocte
561 1190 687 1267 quadam
707 1190 908 1266 Harderardo‚
930 1190 1011 1250 dictis
1033 1192 1187 1265 matutinis,

144 1279 175 1335 in
196 1276 319 1337 ecclesia
339 1280 432 1337 sancti
452 1276 592 1337 Gereonis
620 1277 673 1337 soli
694 1295 849 1354 apparens,
878 1277 975 1336 durius
996 1277 1122 1338 allocuta
1143 1285 1188 1336 est

146 1363 260 1423 dicens:
288 1363 329 1424 Ut
350 1364 419 1439 quid
439 1363 569 1440 repulisti
591 1364 771 1440 capellanum
792 1382 905 1439 mcum,
936 1366 1056 1424 avaritia
1077 1371 1128 1423 tua
1148 1364 1193 1424 ad*

145 1450 202 1510 hoo
231 1456 260 1509 ta
292 1449 465 1527 instigante?
488 1450 520 1510 Si
551 1467 609 1510 non
638 1450 758 1511 celerius
784 1468 850 1511 eum
871 1453 1042 1526 restitueris,
1071 1451 1186 1528 linguae

146 1537 239 1597 officio
261 1555 279 1596 a
300 1553 347 1596 me
367 1538 534 1613 privaberis.
576 1537 629 1597 ille
650 1538 688 1597 ad
709 1538 799 1612 pedes
821 1539 882 1597 eius
904 1555 1053 1614 corruens,
1083 1543 1112 1597 et
1131 1555 1186 1598 ve·

145 1626 222 1684 mam
251 1624 415 1700 postulans,
444 1640 559 1684 ornnem
587 1625 809 1684 satisfactionem
830 1626 968 1700 promisit.
1009 1623 1081 1684 Mox
1101 1642 1186 1686 mane
1244 1663 1249 1682 .

146 1708 254 1770 duecte
275 1712 380 1770 nuncio
402 1717 530 1770 amotum
550 1713 681 1785 restituit,
705 1711 853 1785 mandans,
874 1713 949 1770 sicut
970 1711 1186 1786 supradictum

146 1802 190 1855 est
218 1796 253 1856 de
283 1802 383 1856 sancto
405 1796 534 1872 Thema,
562 1803 594 1855 ut
622 1799 740 1856 missam
762 1797 798 1857 de
820 1804 920 1856 sancta
940 1797 1034 1856 Maria
1055 1814 1186 1873 quacun·

146 1899 202 1959 que
215 1880 231 1963 ¹)
253 1883 299 1944 die
320 1882 600 1958 velletoelebraret,
624 1886 774 1959 ipsamque
795 1901 847 1959 pro
869 1886 928 1943 anis
948 1887 1075 1958 peccatis
1095 1885 1186 1944 inter-

145 1969 273 2047 pellaret.
315 1968 422 2029 Adhuc
437 1972 512 2030 enirn
533 1969 611 2030 idern
632 1969 767 2030 sacerdos
788 1973 868 2044 vivit,
889 1976 918 2028 et
938 1976 1052 2046 praeest
1073 1971 1185 2030 cuidam

146 2057 318 2116 monasterio
341 2057 606 2134 sanctimonialium,
629 2059 709 2117 caius
730 2059 792 2133 ipsc
810 2058 935 2116 initiator
957 2058 1071 2126 exstitit
1113 2056 1185 2117 No-
1236 2059 1238 2064 ’

146 2142 295 2203 VICIUS:
317 2143 432 2203 Bonum
454 2150 498 2203 est
518 2144 568 2203 tali
589 2146 696 2204 servire
715 2144 866 2217 Dominae,
889 2161 964 2220 quae
986 2145 1027 2202 sic
1048 2144 1103 2202 sibi
1125 2160 1187 2203 ser-

146 2231 291 2289 vientibus
313 2230 456 2289 subvenit
498 2229 733 2290 MONAOHUS:
761 2231 827 2290 Non
849 2229 943 2290 solum
972 2246 1022 2289 eos
1043 2247 1062 2288 a
1082 2231 1187 2306 quibus

145 2317 311 2394 affliguntur
339 2324 437 2376 monet
468 2325 498 2378 et
526 2321 655 2396 corripit,
682 2319 740 2377 imo
770 2319 855 2378 etiarn
884 2334 959 2393 quae
986 2316 1101 2375 illorum
1122 2324 1188 2378 sunt

145 2409 278 2479 potenter
298 2402 433 2463 defendit

510 2577 744 2640 CAPITULUM
765 2579 820 2645 Vl,

144 2722 192 2780 Dc
215 2720 336 2780 domino
357 2719 530 2778 Innocentio
551 2719 659 2794 Papo,
686 2736 773 2794 quern
795 2725 899 2778 sancta
920 2718 1024 2778 Mario
1045 2722 1188 2795 corripuit

277 2824 332 2882 pce·
352 2805 522 2878 Identidem,
543 2822 611 2864 enon
631 2807 664 2864 in
686 2806 818 2864 ordinem
842 2804 1055 2866 Odtcrcienccm

433 2895 598 2951 mactiones
617 2891 718 2968 focco-c
739 2899 907 2951 certaretur.

114 3035 117 3044 ⁴
209 3013 352 3089 Tempore
391 3011 439 3071 illo
480 3027 537 3086 quo
570 3010 754 3071 Baldewinus
790 3011 894 3072 (lomes
929 3010 1084 3071 Flandn'ae
1122 3029 1187 3072 cum

145 3117 230 3161 cruce
267 3101 386 3178 signatis
416 3097 691 3174 Gonsmnfinopolim
721 3100 910 3175 expugnavit,
946 3097 1076 3158 dominus
1104 3099 1188 3174 Papa

143 3185 328 3246 Innocentius
347 3185 438 3245 ordini
446 3181 467 3265 ²)
489 3185 590 3244 litteris
603 3187 663 3245 suis
676 3184 871 3260 mandaverat,
892 3191 925 3244 ut
937 3185 1187 3262 quadragesimam

146 3280 258 3350 partem
280 3274 407 3332 omnium
434 3289 529 3332 rernm
550 3289 668 3331 suarum
688 3271 836 3347 mobilium
856 3274 886 3330 in
907 3289 1074 3332 succursum
1094 3278 1187 3333 terrae
1212 3273 1215 3280 ’

143 3366 261 3420 sanctae
290 3360 500 3418 transmitteret
543 3357 623 3418 Ordo
644 3374 714 3418 vero
742 3358 922 3435 praevilegiis
931 3355 952 3440 ⁸)
975 3360 1030 3419 sibi
1057 3361 1095 3419 ab
1125 3361 1187 3418 cius

144 3445 373 3508 antecessoribus
394 3445 510 3505 indultis
532 3447 669 3520 innitens,
691 3461 727 3504 ne
748 3444 908 3505 libertatern
931 3463 1098 3508 concessam
1119 3463 1187 3506 ver-

142 3540 203 3594 tere
224 3531 371 3593 videretur
390 3534 420 3592 in
440 3531 622 3605 servitutem,
653 3536 714 3590 tarn
734 3533 816 3609 gravi
838 3535 979 3592 exactioni
987 3527 1010 3612 ‘)
1039 3533 1186 3593 subiacere

146 3637 203 3680 non
226 3621 380 3696 acquievit
420 3617 505 3680 Unde
522 3617 707 3678 Innocentius
726 3619 822 3679 iurans
843 3621 873 3678 in
893 3626 1006 3680 tanturn
1028 3619 1119 3679 ordini
1140 3621 1186 3678 in·

160 3789 192 3858 1)
210 3785 249 3841 ΟΡ
268 3801 472 3856 quocunque.
491 3815 524 3827 -
542 3786 574 3855 2)
592 3785 613 3840 G
629 3785 737 3840 ordini
755 3747 880 3840 nostro.
899 3817 932 3828 -·
952 3789 985 3858 3)
1003 3785 1067 3841 nnc
1085 3788 1185 3856 privi-

212 3857 320 3926 legiis.
340 3883 370 3896 -
390 3857 422 3927 l]
439 3855 485 3911 All
503 3856 690 3910 exactione.
1085 3863 1088 3869 '
