2654 4308
367 293 422 356 DE
443 293 629 358 DIVERSIS
649 293 884 362 VISIONIBUS
1106 297 1146 358 ut

446 486 680 550 CAPITULUM
711 487 812 550 XVII.

137 610 187 669 De
209 606 329 669 woden
348 612 494 669 coneneie
516 582 649 670 Ciouetri
681 614 733 688 qui
753 609 892 671 videncet
914 607 1097 670 mimium
1083 627 1116 670 ur

413 711 481 756 aere
496 695 711 772 pendentem
699 715 732 756 m
753 714 846 757 cruet

171 815 241 877 Duo
265 817 403 878 conversi
417 816 454 878 dc
469 813 486 898 ¹)
508 815 723 878 Hammemode
743 819 773 878 in
787 816 913 898 quedam
929 818 1049 897 grangia
1070 819 1148 878 cius-

105 901 175 964 dem
196 902 300 965 domus
316 902 443 980 quodam
463 911 592 982 tempore
605 905 770 966 manebant.
811 904 934 966 Stabant
954 911 1052 965 autem
1063 904 1149 966 simul

105 993 171 1052 viee
194 989 330 1067 quadam,
352 996 382 1050 et
402 990 474 1052 hore
496 991 674 1068 completorii
682 991 747 1052 Deo
769 1009 839 1053 suae
861 993 1006 1053 servitutis
1026 1009 1149 1068 pensum

105 1077 322 1154 persolvebant
363 1077 451 1138 Dicto
474 1079 667 1155 completorio,
696 1081 850 1156 respiciens
875 1095 951 1140 unus
976 1077 1016 1140 ad
1037 1078 1149 1140 coelum

106 1164 179 1224 vidit
199 1166 231 1226 in
251 1163 367 1224 sublimi
388 1182 503 1242 crucem
524 1164 720 1242 splendidam,
744 1172 774 1228 ct
794 1168 824 1226 in
846 1182 881 1226 eu
901 1165 1061 1227 Dominum
1080 1182 1149 1226 eru-

106 1250 233 1312 cifixum.
275 1249 346 1311 Erat
367 1258 465 1312 autem
488 1270 557 1313 crux
585 1253 634 1314 illa
665 1253 738 1315 adeo
768 1252 928 1329 splendida,
955 1259 988 1313 ut
1017 1254 1055 1314 uh
1084 1254 1148 1328 ipso

105 1337 260 1416 splendore
282 1354 345 1397 sese
366 1340 490 1400 invicem
518 1339 673 1400 clarissime
685 1335 706 1419 ²)
730 1347 939 1402 contuerentur.
980 1339 1057 1403 Nem
1078 1339 1150 1400 aliae

106 1426 245 1486 tenebrae
259 1432 341 1484 erant
354 1443 441 1501 super
453 1426 556 1486 taciem
570 1433 679 1488 terrea
692 1428 762 1486 Erat
783 1429 859 1488 enim
868 1427 980 1504 hyemis
997 1421 1150 1506 compassi

105 1513 146 1572 Et
168 1513 237 1588 quia
258 1508 337 1586 loqui
357 1529 415 1572 uon
436 1512 556 1590 licebat,
584 1517 699 1590 signum
720 1515 787 1574 tecit
807 1514 903 1590 alteri,
925 1515 1011 1592 quasi,
1027 1516 1149 1574 iuterro-

106 1616 181 1676 gans
203 1600 229 1658 si
260 1597 368 1676 aliquid
390 1599 509 1660 videret.
551 1598 593 1659 At
623 1600 671 1662 ille
702 1600 773 1660 nihil
800 1617 832 1662 se
860 1600 958 1662 videre
987 1595 1150 1680 signavit).

107 1685 192 1756 Tunc
223 1687 287 1762 ipse
317 1687 432 1762 signum
463 1687 504 1746 illi
536 1686 619 1762 iecit,
651 1693 683 1747 ut
710 1704 807 1764 genua
833 1687 961 1748 flecteret
990 1693 1020 1748 et
1047 1692 1150 1748 oraret.

108 1769 197 1849 Quod
219 1789 286 1832 cum
299 1771 434 1832 fecissent
454 1774 541 1852 ambo
563 1774 657 1849 simul,
678 1781 789 1834 erectus
809 1780 876 1850 poet
895 1773 1032 1850 pusillum
1052 1779 1150 1834 tautae

109 1860 227 1920 visionis
255 1857 349 1919 lactus
385 1866 430 1919 est
458 1862 553 1920 socius
583 1867 612 1920 ct
643 1863 735 1921 testis.
781 1859 881 1920 Ambo
902 1859 999 1920 adhuc
1026 1868 1150 1937 utputo

108 1948 221 2022 vivunt,
241 1961 296 2006 nec
316 1945 383 2006 licet
399 1946 520 2022 prodere
539 1949 657 2007 nomina
677 1947 799 2008 illorum
840 1945 1046 2008 NOVICIUS:
1068 1947 1151 2024 Quae

108 2033 164 2094 tibi
192 2031 306 2092 videtur
334 2050 423 2094 eausa
449 2033 537 2094 tirisse
564 2040 661 2094 terme
681 2036 799 2094 visionis
821 2050 1024 2094 conversorum
1044 2050 1151 2104 eorun-

108 2119 185 2194 dem,
206 2121 340 2180 meritum
361 2137 398 2180 au
421 2119 526 2197 culpa?
551 2120 803 2182 MONACHUS:
825 2119 857 2181 Si
878 2125 1000 2198 propter
1015 2137 1065 2182 cos
1078 2121 1151 2180 visio

109 2204 213 2268 eadem
233 2206 311 2266 tacta
333 2213 386 2282 est,
406 2206 530 2268 alterum
552 2208 666 2268 videtur
688 2225 776 2269 causa
799 2208 904 2283 luisse,
919 2207 998 2269 bone
1017 2205 1151 2268 videlicet

108 2293 172 2354 vita
191 2293 240 2354 vel
262 2293 348 2370 eulpa
368 2293 478 2370 aliqua,
499 2297 560 2356 sive
582 2302 744 2372 utrumque.
787 2293 853 2354 Hoc
874 2312 976 2356 verum
997 2311 1076 2369 csse,
1103 2293 1149 2354 vel

107 2397 198 2458 posse
219 2396 283 2441 esse
303 2397 413 2457 verum,
433 2383 505 2442 visio
527 2383 707 2468 subsequens
728 2381 894 2445 declarabit

445 2571 678 2635 CAPITULUM
703 2573 819 2635 XVIII.

109 2695 188 2754 Item
209 2693 245 2754 de
267 2710 407 2753 convoco
435 2694 471 2754 de
491 2693 597 2755 Luelru
623 2701 675 2772 qut
705 2696 779 2757 cidit
802 2695 950 2756 Ohrutum
971 2712 1039 2756 orm
1061 2699 1150 2772 puin-

333 2781 425 2840 decim
446 2783 587 2858 relipioere
608 2785 640 2842 in
662 2801 732 2843 uere
752 2783 933 2860 muntium.

176 2901 212 2961 In
238 2901 340 2963 Luclra
368 2903 454 2963 domo
476 2902 582 2964 ordinis
603 2907 706 2979 nostri,
738 2905 819 2964 cuius
839 2906 868 2962 in
889 2904 1027 2980 superiori
1048 2902 1150 2963 distin-

110 2989 207 3050 ctione
219 2991 336 3049 memini
350 2989 474 3066 capitulo
492 2991 629 3050 vicesimo
652 2997 762 3067 quarto,
783 3003 939 3056 conversus
960 2988 1077 3066 quidam
1098 2996 1151 3065 cst,

109 3077 188 3136 sicut
209 3076 245 3137 ab
267 3074 365 3136 Adam
391 3075 519 3138 eiusdem
542 3075 644 3136 domus
665 3077 806 3138 monacho
828 3076 921 3153 didici,
942 3078 986 3137 vir
1006 3072 1104 3137 bonus'
1122 3084 1151 3137 et

110 3161 318 3239 disciplinatus,
338 3163 509 3240 Rudolphus
530 3165 659 3240 nominc,
684 3167 730 3224 oui
752 3164 885 3224 divinitus
906 3163 997 3225 multe
1017 3162 1150 3224 revelan-

110 3256 169 3308 tur.
210 3249 267 3309 Hic
289 3267 355 3310 eum
369 3257 454 3311 nocte
476 3249 600 3326 quadam
623 3250 704 3311 dictis
726 3252 871 3311 matutinis
893 3256 959 3311 ante
979 3248 1074 3311 lucem
1095 3251 1150 3312 sub

110 3333 181 3395 divo
209 3342 312 3412 staret,
342 3344 372 3397 et
399 3340 540 3397 orationes
569 3337 681 3414 aliquas
710 3337 830 3415 diceret,
858 3336 1001 3396 Christum
1026 3339 1056 3396 in
1084 3354 1152 3397 acre

110 3423 191 3483 cruci
211 3422 329 3482 affixum
350 3424 474 3500 pendere
496 3423 582 3500 vidit,
604 3431 633 3485 et
654 3427 730 3485 circa
751 3441 817 3485 cum
839 3424 1000 3500 quindecim
1021 3423 1151 3485 homines

110 3508 240 3586 singulos
253 3512 285 3570 in
306 3511 423 3587 singulis
434 3511 573 3571 crucibus.
616 3511 661 3570 Ex
678 3511 781 3587 quibus
799 3510 900 3571 decem
914 3516 996 3571 crant
1010 3509 1151 3584 monachi,

111 3603 142 3655 et
164 3597 290 3672 quinque
312 3599 453 3675 conversi,
475 3614 575 3658 omnes
597 3600 623 3658 ci
644 3598 719 3659 bene
740 3599 808 3674 noti,
828 3603 929 3675 utpote
951 3598 1151 3676 congregatio-

132 3796 333 3868 l)Bl'in.-·
301 3800 714 3869 -2)clariseiureomBG;
731 3795 1107 3854 nominassemus·
1118 3797 1151 3865 3)

184 3867 205 3921 G
222 3868 367 3937 hyemps
387 3899 418 3910 -
436 3873 468 3940 l)
487 3872 552 3924 lorte
570 3873 769 3942 resignavit.
