<?xml version="1.0" encoding="UTF-8"?>
<!DOCTYPE html PUBLIC "-//W3C//DTD XHTML 1.0 Transitional//EN"
    "http://www.w3.org/TR/xhtml1/DTD/xhtml1-transitional.dtd">
<html xmlns="http://www.w3.org/1999/xhtml" xml:lang="en" lang="en">
 <head>
  <title>
</title>
<meta http-equiv="Content-Type" content="text/html;charset=utf-8" />
  <meta name='ocr-system' content='tesseract 3.04.00' />
  <meta name='ocr-capabilities' content='ocr_page ocr_carea ocr_par ocr_line ocrx_word'/>
</head>
<body>
  <div class='ocr_page' id='page_1' title='image "./caesariiheister05stragoog/caesariiheister05stragoog_0514.png"; bbox 0 0 2654 4308; ppageno 0'>
   <div class='ocr_carea' id='block_1_1' title="bbox 377 213 1151 282">
    <p class='ocr_par' dir='ltr' id='par_1_1' title="bbox 377 213 1151 282">
     <span class='ocr_line' id='line_1_1' title="bbox 377 213 1151 282; baseline -0.003 -8"><span class='ocrx_word' id='word_1_1' title='bbox 377 214 432 274; x_wconf 86' lang='lat' dir='ltr'>DE</span> <span class='ocrx_word' id='word_1_2' title='bbox 453 213 639 278; x_wconf 81' lang='lat' dir='ltr'>DIVERSIS</span> <span class='ocrx_word' id='word_1_3' title='bbox 661 213 896 277; x_wconf 79' lang='lat' dir='ltr'><strong>VISIONIBUS.</strong></span> <span class='ocrx_word' id='word_1_4' title='bbox 1058 275 1059 282; x_wconf 39' lang='lat'>,</span> <span class='ocrx_word' id='word_1_5' title='bbox 1113 216 1151 272; x_wconf 81' lang='grc'>87</span> 
     </span>
    </p>
   </div>
   <div class='ocr_carea' id='block_1_2' title="bbox 105 333 1199 2834">
    <p class='ocr_par' dir='ltr' id='par_1_2' title="bbox 105 333 1199 2834">
     <span class='ocr_line' id='line_1_2' title="bbox 112 333 1152 417; baseline -0.001 -21"><span class='ocrx_word' id='word_1_6' title='bbox 112 334 207 396; x_wconf 86' lang='lat' dir='ltr'>modis</span> <span class='ocrx_word' id='word_1_7' title='bbox 228 338 351 412; x_wconf 87' lang='lat' dir='ltr'>nomina,</span> <span class='ocrx_word' id='word_1_8' title='bbox 371 337 474 398; x_wconf 87' lang='lat' dir='ltr'>habitu</span> <span class='ocrx_word' id='word_1_9' title='bbox 486 333 502 417; x_wconf 88' lang='lat'>¹)</span> <span class='ocrx_word' id='word_1_10' title='bbox 524 337 688 412; x_wconf 88' lang='lat' dir='ltr'>saecularis,</span> <span class='ocrx_word' id='word_1_11' title='bbox 710 337 762 399; x_wconf 88' lang='lat' dir='ltr'>sed</span> <span class='ocrx_word' id='word_1_12' title='bbox 783 341 843 398; x_wconf 88' lang='lat' dir='ltr'>vita</span> <span class='ocrx_word' id='word_1_13' title='bbox 855 336 988 413; x_wconf 82' lang='lat' dir='ltr'>religiosa</span> <span class='ocrx_word' id='word_1_14' title='bbox 1010 334 1095 394; x_wconf 87' lang='lat' dir='ltr'>valde</span> <span class='ocrx_word' id='word_1_15' title='bbox 1117 352 1152 395; x_wconf 90' lang='lat' dir='ltr'>ac</span> 
     </span>
     <span class='ocr_line' id='line_1_3' title="bbox 112 419 1153 502; baseline -0.004 -18"><span class='ocrx_word' id='word_1_16' title='bbox 112 423 276 501; x_wconf 78' lang='lat' dir='ltr'>spiritualis.</span> <span class='ocrx_word' id='word_1_17' title='bbox 296 423 420 484; x_wconf 86' lang='lat' dir='ltr'>Jeiuniis</span> <span class='ocrx_word' id='word_1_18' title='bbox 442 430 471 484; x_wconf 92' lang='lat' dir='ltr'>et</span> <span class='ocrx_word' id='word_1_19' title='bbox 485 425 730 486; x_wconf 79' lang='lat' dir='ltr'><strong>obsecrationibus</strong></span> <span class='ocrx_word' id='word_1_20' title='bbox 744 442 858 500; x_wconf 81' lang='lat' dir='ltr'>semper</span> <span class='ocrx_word' id='word_1_21' title='bbox 873 423 998 483; x_wconf 88' lang='lat' dir='ltr'>vacabat</span> <span class='ocrx_word' id='word_1_22' title='bbox 1004 419 1036 502; x_wconf 83' lang='lat'>²),</span> <span class='ocrx_word' id='word_1_23' title='bbox 1057 428 1153 482; x_wconf 85' lang='lat' dir='ltr'>rnentc</span> 
     </span>
     <span class='ocr_line' id='line_1_4' title="bbox 113 505 1193 587; baseline -0.002 -17"><span class='ocrx_word' id='word_1_24' title='bbox 113 512 281 587; x_wconf 82' lang='lat' dir='ltr'>saepissime</span> <span class='ocrx_word' id='word_1_25' title='bbox 309 511 465 587; x_wconf 77' lang='grc'><strong>1111111111,</strong></span> <span class='ocrx_word' id='word_1_26' title='bbox 493 513 538 572; x_wconf 86' lang='lat' dir='ltr'>ita</span> <span class='ocrx_word' id='word_1_27' title='bbox 554 519 588 570; x_wconf 91' lang='lat' dir='ltr'>ut</span> <span class='ocrx_word' id='word_1_28' title='bbox 608 510 679 572; x_wconf 87' lang='lat' dir='ltr'>coeli</span> <span class='ocrx_word' id='word_1_29' title='bbox 701 513 818 572; x_wconf 88' lang='lat' dir='ltr'>secretis</span> <span class='ocrx_word' id='word_1_30' title='bbox 838 513 1002 584; x_wconf 86' lang='lat' dir='ltr'>interesset,</span> <span class='ocrx_word' id='word_1_31' title='bbox 1031 515 1059 570; x_wconf 90' lang='lat' dir='ltr'>et</span> <span class='ocrx_word' id='word_1_32' title='bbox 1081 506 1153 568; x_wconf 88' lang='lat' dir='ltr'>coeli</span> <span class='ocrx_word' id='word_1_33' title='bbox 1189 505 1193 520; x_wconf 90' lang='lat'>&#39;</span> 
     </span>
     <span class='ocr_line' id='line_1_5' title="bbox 112 594 1152 674; baseline -0.005 -16"><span class='ocrx_word' id='word_1_34' title='bbox 112 597 224 674; x_wconf 82' lang='lat' dir='ltr'>Regem</span> <span class='ocrx_word' id='word_1_35' title='bbox 257 614 323 658; x_wconf 90' lang='lat' dir='ltr'>eum</span> <span class='ocrx_word' id='word_1_36' title='bbox 352 597 424 661; x_wconf 90' lang='lat' dir='ltr'>coeli</span> <span class='ocrx_word' id='word_1_37' title='bbox 452 599 563 660; x_wconf 90' lang='lat' dir='ltr'>civibus</span> <span class='ocrx_word' id='word_1_38' title='bbox 590 598 765 674; x_wconf 84' lang='lat' dir='ltr'>frequentius</span> <span class='ocrx_word' id='word_1_39' title='bbox 793 597 912 657; x_wconf 86' lang='lat' dir='ltr'>videret.</span> <span class='ocrx_word' id='word_1_40' title='bbox 959 596 997 654; x_wconf 70' lang='lat' dir='ltr'>¹In</span> <span class='ocrx_word' id='word_1_41' title='bbox 1026 594 1152 670; x_wconf 85' lang='lat' dir='ltr'>quadam</span> 
     </span>
     <span class='ocr_line' id='line_1_6' title="bbox 112 682 1153 764; baseline -0.002 -20"><span class='ocrx_word' id='word_1_42' title='bbox 112 684 303 748; x_wconf 79' lang='lat' dir='ltr'>sollemnitate</span> <span class='ocrx_word' id='word_1_43' title='bbox 324 684 559 764; x_wconf 85' lang='lat' dir='ltr'>Epyphaniarum</span> <span class='ocrx_word' id='word_1_44' title='bbox 581 702 647 744; x_wconf 90' lang='lat' dir='ltr'>cum</span> <span class='ocrx_word' id='word_1_45' title='bbox 673 688 703 743; x_wconf 92' lang='lat' dir='ltr'>in</span> <span class='ocrx_word' id='word_1_46' title='bbox 724 684 824 746; x_wconf 89' lang='lat' dir='ltr'>Monte</span> <span class='ocrx_word' id='word_1_47' title='bbox 846 691 965 744; x_wconf 87' lang='lat' dir='ltr'>sanetae</span> <span class='ocrx_word' id='word_1_48' title='bbox 986 682 1153 758; x_wconf 85' lang='lat' dir='ltr'>Walburgis</span> 
     </span>
     <span class='ocr_line' id='line_1_7' title="bbox 112 770 1151 847; baseline 0 -17"><span class='ocrx_word' id='word_1_49' title='bbox 112 773 263 834; x_wconf 77' lang='lat' dir='ltr'>interesset</span> <span class='ocrx_word' id='word_1_50' title='bbox 298 773 460 847; x_wconf 80' lang='lat' dir='ltr'>matutinis,</span> <span class='ocrx_word' id='word_1_51' title='bbox 495 777 524 832; x_wconf 93' lang='lat' dir='ltr'>et</span> <span class='ocrx_word' id='word_1_52' title='bbox 555 771 714 832; x_wconf 86' lang='lat' dir='ltr'>Abbatissa</span> <span class='ocrx_word' id='word_1_53' title='bbox 744 771 907 831; x_wconf 77' lang='lat' dir='ltr'>inchoasset</span> <span class='ocrx_word' id='word_1_54' title='bbox 941 770 1151 845; x_wconf 86' lang='lat' dir='ltr'>responsorium</span> 
     </span>
     <span class='ocr_line' id='line_1_8' title="bbox 112 856 1154 942; baseline -0.003 -25"><span class='ocrx_word' id='word_1_55' title='bbox 112 858 331 942; x_wconf 85' lang='lat' dir='ltr'>duodecimum,</span> <span class='ocrx_word' id='word_1_56' title='bbox 363 858 485 933; x_wconf 88' lang='lat' dir='ltr'>scilieet,</span> <span class='ocrx_word' id='word_1_57' title='bbox 517 859 556 918; x_wconf 81' lang='lat' dir='ltr'>Ia</span> <span class='ocrx_word' id='word_1_58' title='bbox 586 859 738 920; x_wconf 82' lang='lat' dir='ltr'>columbae</span> <span class='ocrx_word' id='word_1_59' title='bbox 766 862 872 934; x_wconf 72' lang='lat' dir='ltr'>macic,</span> <span class='ocrx_word' id='word_1_60' title='bbox 903 856 952 916; x_wconf 90' lang='lat' dir='ltr'>illa</span> <span class='ocrx_word' id='word_1_61' title='bbox 979 856 1101 934; x_wconf 83' lang='lat' dir='ltr'>vigilans</span> <span class='ocrx_word' id='word_1_62' title='bbox 1123 861 1154 914; x_wconf 92' lang='grc'>11</span> 
     </span>
     <span class='ocr_line' id='line_1_9' title="bbox 112 942 1199 1020; baseline -0.006 -15"><span class='ocrx_word' id='word_1_63' title='bbox 112 962 199 1008; x_wconf 82' lang='lat' dir='ltr'>orans</span> <span class='ocrx_word' id='word_1_64' title='bbox 228 947 258 1004; x_wconf 86' lang='lat' dir='ltr'>in</span> <span class='ocrx_word' id='word_1_65' title='bbox 287 962 407 1006; x_wconf 87' lang='lat' dir='ltr'>excessu</span> <span class='ocrx_word' id='word_1_66' title='bbox 426 945 518 1020; x_wconf 85' lang='lat' dir='ltr'>lacta,</span> <span class='ocrx_word' id='word_1_67' title='bbox 541 945 686 1006; x_wconf 81' lang='lat' dir='ltr'>Christum</span> <span class='ocrx_word' id='word_1_68' title='bbox 710 945 847 1006; x_wconf 84' lang='lat' dir='ltr'>irrlamem</span> <span class='ocrx_word' id='word_1_69' title='bbox 867 945 970 1020; x_wconf 87' lang='lat' dir='ltr'>pannis</span> <span class='ocrx_word' id='word_1_70' title='bbox 991 942 1151 1002; x_wconf 89' lang='lat' dir='ltr'>involutum</span> <span class='ocrx_word' id='word_1_71' title='bbox 1198 1009 1199 1016; x_wconf 8' lang='grc' dir='ltr'>ἵ</span> 
     </span>
     <span class='ocr_line' id='line_1_10' title="bbox 112 1029 1151 1110; baseline -0.005 -18"><span class='ocrx_word' id='word_1_72' title='bbox 112 1039 142 1092; x_wconf 88' lang='grc'>11</span> <span class='ocrx_word' id='word_1_73' title='bbox 163 1033 192 1094; x_wconf 88' lang='lat' dir='ltr'>in</span> <span class='ocrx_word' id='word_1_74' title='bbox 213 1033 362 1110; x_wconf 88' lang='lat' dir='ltr'>praesepio</span> <span class='ocrx_word' id='word_1_75' title='bbox 385 1034 519 1108; x_wconf 83' lang='lat' dir='ltr'>positum,</span> <span class='ocrx_word' id='word_1_76' title='bbox 542 1049 638 1092; x_wconf 90' lang='lat' dir='ltr'>coram</span> <span class='ocrx_word' id='word_1_77' title='bbox 660 1049 691 1092; x_wconf 87' lang='lat' dir='ltr'>sc</span> <span class='ocrx_word' id='word_1_78' title='bbox 713 1033 798 1107; x_wconf 88' lang='lat' dir='ltr'>vidit,</span> <span class='ocrx_word' id='word_1_79' title='bbox 821 1038 850 1092; x_wconf 90' lang='lat' dir='ltr'>et</span> <span class='ocrx_word' id='word_1_80' title='bbox 871 1032 946 1090; x_wconf 90' lang='lat' dir='ltr'>circa</span> <span class='ocrx_word' id='word_1_81' title='bbox 966 1029 1046 1088; x_wconf 90' lang='lat' dir='ltr'>illum</span> <span class='ocrx_word' id='word_1_82' title='bbox 1068 1029 1151 1104; x_wconf 89' lang='lat' dir='ltr'>quasi</span> 
     </span>
     <span class='ocr_line' id='line_1_11' title="bbox 112 1113 1151 1197; baseline -0.004 -19"><span class='ocrx_word' id='word_1_83' title='bbox 112 1119 247 1181; x_wconf 90' lang='lat' dir='ltr'>thronum</span> <span class='ocrx_word' id='word_1_84' title='bbox 265 1135 381 1183; x_wconf 83' lang='lat' dir='ltr'>acreum</span> <span class='ocrx_word' id='word_1_85' title='bbox 401 1119 440 1180; x_wconf 88' lang='lat' dir='ltr'>ad</span> <span class='ocrx_word' id='word_1_86' title='bbox 450 1119 662 1180; x_wconf 86' lang='lat' dir='ltr'>similitudinem</span> <span class='ocrx_word' id='word_1_87' title='bbox 683 1121 750 1196; x_wconf 83' lang='lat' dir='ltr'>yris.</span> <span class='ocrx_word' id='word_1_88' title='bbox 770 1119 918 1194; x_wconf 89' lang='lat' dir='ltr'>Erantque</span> <span class='ocrx_word' id='word_1_89' title='bbox 927 1113 949 1197; x_wconf 84' lang='lat'>³)</span> <span class='ocrx_word' id='word_1_90' title='bbox 971 1119 1007 1176; x_wconf 83' lang='lat' dir='ltr'>ert</span> <span class='ocrx_word' id='word_1_91' title='bbox 1028 1120 1151 1190; x_wconf 88' lang='lat' dir='ltr'>utraque</span> 
     </span>
     <span class='ocr_line' id='line_1_12' title="bbox 111 1197 1151 1282; baseline -0.007 -16"><span class='ocrx_word' id='word_1_92' title='bbox 111 1212 194 1282; x_wconf 85' lang='lat' dir='ltr'>parte</span> <span class='ocrx_word' id='word_1_93' title='bbox 216 1207 276 1268; x_wconf 89' lang='lat' dir='ltr'>eius</span> <span class='ocrx_word' id='word_1_94' title='bbox 294 1206 446 1268; x_wconf 86' lang='lat' dir='ltr'>multitudo</span> <span class='ocrx_word' id='word_1_95' title='bbox 464 1206 639 1282; x_wconf 73' lang='lat' dir='ltr'>angelorum,</span> <span class='ocrx_word' id='word_1_96' title='bbox 660 1207 793 1266; x_wconf 88' lang='lat' dir='ltr'>manibus</span> <span class='ocrx_word' id='word_1_97' title='bbox 815 1206 938 1266; x_wconf 87' lang='lat' dir='ltr'>extensis</span> <span class='ocrx_word' id='word_1_98' title='bbox 960 1197 1055 1281; x_wconf 59' lang='lat' dir='ltr'>euml)</span> <span class='ocrx_word' id='word_1_99' title='bbox 1078 1200 1151 1260; x_wconf 88' lang='lat' dir='ltr'>ado-</span> 
     </span>
     <span class='ocr_line' id='line_1_13' title="bbox 111 1287 1151 1367; baseline -0.002 -17"><span class='ocrx_word' id='word_1_100' title='bbox 111 1299 223 1367; x_wconf 87' lang='lat' dir='ltr'>rantes,</span> <span class='ocrx_word' id='word_1_101' title='bbox 255 1300 284 1354; x_wconf 90' lang='lat' dir='ltr'>et</span> <span class='ocrx_word' id='word_1_102' title='bbox 315 1293 463 1354; x_wconf 87' lang='lat' dir='ltr'>oculorum</span> <span class='ocrx_word' id='word_1_103' title='bbox 495 1309 613 1356; x_wconf 89' lang='lat' dir='ltr'>suorum</span> <span class='ocrx_word' id='word_1_104' title='bbox 645 1295 721 1352; x_wconf 88' lang='lat' dir='ltr'>acies</span> <span class='ocrx_word' id='word_1_105' title='bbox 749 1295 779 1352; x_wconf 92' lang='lat' dir='ltr'>in</span> <span class='ocrx_word' id='word_1_106' title='bbox 806 1292 887 1351; x_wconf 92' lang='lat' dir='ltr'>illum</span> <span class='ocrx_word' id='word_1_107' title='bbox 916 1287 1151 1352; x_wconf 83' lang='lat' dir='ltr'>indeclinabiliter</span> 
     </span>
     <span class='ocr_line' id='line_1_14' title="bbox 111 1375 1152 1460; baseline -0.006 -21"><span class='ocrx_word' id='word_1_108' title='bbox 111 1378 281 1456; x_wconf 78' lang='lat' dir='ltr'>defigentes:</span> <span class='ocrx_word' id='word_1_109' title='bbox 329 1380 392 1442; x_wconf 88' lang='lat' dir='ltr'>Nee</span> <span class='ocrx_word' id='word_1_110' title='bbox 423 1383 535 1440; x_wconf 89' lang='lat' dir='ltr'>mirum.</span> <span class='ocrx_word' id='word_1_111' title='bbox 584 1379 651 1455; x_wconf 88' lang='lat' dir='ltr'>Ipse</span> <span class='ocrx_word' id='word_1_112' title='bbox 664 1376 684 1460; x_wconf 76' lang='lat'>⁵)</span> <span class='ocrx_word' id='word_1_113' title='bbox 718 1386 763 1439; x_wconf 92' lang='lat' dir='ltr'>est</span> <span class='ocrx_word' id='word_1_114' title='bbox 793 1383 938 1455; x_wconf 81' lang='lat' dir='ltr'>speciosus</span> <span class='ocrx_word' id='word_1_115' title='bbox 969 1376 1016 1436; x_wconf 89' lang='lat' dir='ltr'>ille</span> <span class='ocrx_word' id='word_1_116' title='bbox 1047 1375 1152 1452; x_wconf 77' lang='lat' dir='ltr'>formu</span> 
     </span>
     <span class='ocr_line' id='line_1_15' title="bbox 105 1463 1149 1544; baseline -0.009 -15"><span class='ocrx_word' id='word_1_117' title='bbox 105 1467 271 1542; x_wconf 61' lang='lat' dir='ltr'>praesititis</span> <span class='ocrx_word' id='word_1_118' title='bbox 292 1463 497 1544; x_wconf 63' lang='grc'><strong>1111111111),</strong></span> <span class='ocrx_word' id='word_1_119' title='bbox 520 1470 553 1526; x_wconf 80' lang='lat' dir='ltr'>ta</span> <span class='ocrx_word' id='word_1_120' title='bbox 575 1485 661 1542; x_wconf 81' lang='lat' dir='ltr'>quem</span> <span class='ocrx_word' id='word_1_121' title='bbox 684 1473 757 1527; x_wconf 89' lang='lat' dir='ltr'>testa</span> <span class='ocrx_word' id='word_1_122' title='bbox 777 1464 936 1542; x_wconf 79' lang='lat' dir='ltr'>Apostolo,</span> <span class='ocrx_word' id='word_1_123' title='bbox 958 1464 1056 1539; x_wconf 66' lang='lat' dir='ltr'>anuali</span> <span class='ocrx_word' id='word_1_124' title='bbox 1077 1479 1149 1520; x_wconf 78' lang='lat' dir='ltr'>con·</span> 
     </span>
     <span class='ocr_line' id='line_1_16' title="bbox 110 1549 1150 1631; baseline -0.004 -19"><span class='ocrx_word' id='word_1_125' title='bbox 110 1557 265 1628; x_wconf 71' lang='lat' dir='ltr'>cupucuut</span> <span class='ocrx_word' id='word_1_126' title='bbox 291 1550 504 1631; x_wconf 39' lang='lat' dir='ltr'>prospicerem</span> <span class='ocrx_word' id='word_1_127' title='bbox 555 1552 686 1628; x_wconf 84' lang='lat' dir='ltr'>Cumque</span> <span class='ocrx_word' id='word_1_128' title='bbox 714 1560 831 1614; x_wconf 89' lang='lat' dir='ltr'>ventum</span> <span class='ocrx_word' id='word_1_129' title='bbox 860 1552 960 1611; x_wconf 87' lang='lat' dir='ltr'>luisset</span> <span class='ocrx_word' id='word_1_130' title='bbox 987 1549 1026 1610; x_wconf 85' lang='lat' dir='ltr'>ad</span> <span class='ocrx_word' id='word_1_131' title='bbox 1053 1549 1150 1610; x_wconf 90' lang='lat' dir='ltr'>locum</span> 
     </span>
     <span class='ocr_line' id='line_1_17' title="bbox 110 1637 1151 1720; baseline -0.002 -22"><span class='ocrx_word' id='word_1_132' title='bbox 110 1637 234 1720; x_wconf 78' lang='lat' dir='ltr'>illum⁰):</span> <span class='ocrx_word' id='word_1_133' title='bbox 256 1641 394 1700; x_wconf 73' lang='lat' dir='ltr'>Paterno</span> <span class='ocrx_word' id='word_1_134' title='bbox 415 1655 475 1699; x_wconf 80' lang='lat' dir='ltr'>vox</span> <span class='ocrx_word' id='word_1_135' title='bbox 497 1639 603 1700; x_wconf 81' lang='lat' dir='ltr'>audito</span> <span class='ocrx_word' id='word_1_136' title='bbox 625 1647 683 1713; x_wconf 87' lang='lat' dir='ltr'>est,</span> <span class='ocrx_word' id='word_1_137' title='bbox 705 1657 763 1700; x_wconf 91' lang='lat' dir='ltr'>non</span> <span class='ocrx_word' id='word_1_138' title='bbox 785 1645 959 1699; x_wconf 89' lang='lat' dir='ltr'>conventum</span> <span class='ocrx_word' id='word_1_139' title='bbox 987 1637 1036 1696; x_wconf 89' lang='lat' dir='ltr'>illa</span> <span class='ocrx_word' id='word_1_140' title='bbox 1064 1638 1151 1698; x_wconf 87' lang='lat' dir='ltr'>beata</span> 
     </span>
     <span class='ocr_line' id='line_1_18' title="bbox 111 1721 1151 1806; baseline -0.002 -23"><span class='ocrx_word' id='word_1_141' title='bbox 111 1728 143 1786; x_wconf 88' lang='lat' dir='ltr'>in</span> <span class='ocrx_word' id='word_1_142' title='bbox 183 1743 241 1802; x_wconf 86' lang='lat' dir='ltr'>qua</span> <span class='ocrx_word' id='word_1_143' title='bbox 278 1733 347 1788; x_wconf 90' lang='lat' dir='ltr'>tuno</span> <span class='ocrx_word' id='word_1_144' title='bbox 380 1729 516 1802; x_wconf 90' lang='lat' dir='ltr'>temporis</span> <span class='ocrx_word' id='word_1_145' title='bbox 548 1742 649 1786; x_wconf 88' lang='lat' dir='ltr'>sensus</span> <span class='ocrx_word' id='word_1_146' title='bbox 683 1728 855 1806; x_wconf 18' lang='lat' dir='ltr'>exteriores*</span> <span class='ocrx_word' id='word_1_147' title='bbox 875 1724 1052 1797; x_wconf 86' lang='lat' dir='ltr'>deiecerant,</span> <span class='ocrx_word' id='word_1_148' title='bbox 1098 1721 1151 1782; x_wconf 88' lang='lat' dir='ltr'>sed</span> 
     </span>
     <span class='ocr_line' id='line_1_19' title="bbox 111 1811 1152 1893; baseline -0.002 -23"><span class='ocrx_word' id='word_1_149' title='bbox 111 1812 230 1874; x_wconf 87' lang='lat' dir='ltr'>Patrem</span> <span class='ocrx_word' id='word_1_150' title='bbox 240 1811 261 1893; x_wconf 78' lang='lat'>⁹)</span> <span class='ocrx_word' id='word_1_151' title='bbox 283 1813 394 1878; x_wconf 84' lang='lat' dir='ltr'>audivit</span> <span class='ocrx_word' id='word_1_152' title='bbox 414 1813 570 1874; x_wconf 85' lang='lat' dir='ltr'>dicentem:</span> <span class='ocrx_word' id='word_1_153' title='bbox 599 1813 658 1872; x_wconf 84' lang='lat' dir='ltr'>Hic</span> <span class='ocrx_word' id='word_1_154' title='bbox 680 1821 721 1874; x_wconf 84' lang='lat' dir='ltr'>cot</span> <span class='ocrx_word' id='word_1_155' title='bbox 742 1813 837 1872; x_wconf 81' lang='lat' dir='ltr'>Filius</span> <span class='ocrx_word' id='word_1_156' title='bbox 858 1829 940 1870; x_wconf 80' lang='lat' dir='ltr'>metus</span> <span class='ocrx_word' id='word_1_157' title='bbox 962 1811 1100 1882; x_wconf 78' lang='lat' dir='ltr'>dilectus,</span> <span class='ocrx_word' id='word_1_158' title='bbox 1120 1812 1152 1868; x_wconf 82' lang='lat' dir='ltr'>in</span> 
     </span>
     <span class='ocr_line' id='line_1_20' title="bbox 115 1897 1153 1976; baseline -0.004 -16"><span class='ocrx_word' id='word_1_159' title='bbox 115 1917 177 1975; x_wconf 77' lang='lat' dir='ltr'>quo</span> <span class='ocrx_word' id='word_1_160' title='bbox 197 1901 270 1960; x_wconf 78' lang='lat' dir='ltr'>mihi</span> <span class='ocrx_word' id='word_1_161' title='bbox 298 1901 368 1960; x_wconf 82' lang='lat' dir='ltr'>banc</span> <span class='ocrx_word' id='word_1_162' title='bbox 389 1901 554 1976; x_wconf 80' lang='lat' dir='ltr'>complacui</span> <span class='ocrx_word' id='word_1_163' title='bbox 568 1897 608 1973; x_wconf 82' lang='lat'>¹⁰).</span> <span class='ocrx_word' id='word_1_164' title='bbox 650 1900 721 1959; x_wconf 86' lang='lat' dir='ltr'>Erat</span> <span class='ocrx_word' id='word_1_165' title='bbox 742 1900 817 1958; x_wconf 90' lang='lat' dir='ltr'>enim</span> <span class='ocrx_word' id='word_1_166' title='bbox 836 1898 914 1958; x_wconf 84' lang='lat' dir='ltr'>idem</span> <span class='ocrx_word' id='word_1_167' title='bbox 934 1897 993 1957; x_wconf 89' lang='lat' dir='ltr'>Dei</span> <span class='ocrx_word' id='word_1_168' title='bbox 1008 1897 1101 1960; x_wconf 82' lang='lat' dir='ltr'>Filius</span> <span class='ocrx_word' id='word_1_169' title='bbox 1123 1903 1153 1956; x_wconf 89' lang='lat' dir='ltr'>et</span> 
     </span>
     <span class='ocr_line' id='line_1_21' title="bbox 112 1982 1150 2062; baseline -0.006 -16"><span class='ocrx_word' id='word_1_170' title='bbox 112 1986 237 2048; x_wconf 90' lang='lat' dir='ltr'>hominis</span> <span class='ocrx_word' id='word_1_171' title='bbox 257 1990 330 2048; x_wconf 88' lang='lat' dir='ltr'>tanti</span> <span class='ocrx_word' id='word_1_172' title='bbox 350 1987 474 2062; x_wconf 88' lang='lat' dir='ltr'>decoris,</span> <span class='ocrx_word' id='word_1_173' title='bbox 504 1992 533 2048; x_wconf 89' lang='grc'>11</span> <span class='ocrx_word' id='word_1_174' title='bbox 553 2003 611 2048; x_wconf 83' lang='lat' dir='ltr'>vos</span> <span class='ocrx_word' id='word_1_175' title='bbox 631 1986 726 2046; x_wconf 85' lang='lat' dir='ltr'>Patris</span> <span class='ocrx_word' id='word_1_176' title='bbox 747 1988 820 2046; x_wconf 86' lang='lat' dir='ltr'>tanti</span> <span class='ocrx_word' id='word_1_177' title='bbox 841 1983 979 2056; x_wconf 69' lang='lat' dir='ltr'>draconis,</span> <span class='ocrx_word' id='word_1_178' title='bbox 1001 1988 1033 2043; x_wconf 92' lang='lat' dir='ltr'>ut</span> <span class='ocrx_word' id='word_1_179' title='bbox 1054 1982 1150 2058; x_wconf 84' lang='lat' dir='ltr'>expri-</span> 
     </span>
     <span class='ocr_line' id='line_1_22' title="bbox 112 2068 1152 2156; baseline -0.006 -22"><span class='ocrx_word' id='word_1_180' title='bbox 112 2090 192 2134; x_wconf 86' lang='lat' dir='ltr'>mere</span> <span class='ocrx_word' id='word_1_181' title='bbox 213 2075 284 2135; x_wconf 89' lang='lat' dir='ltr'>mihi</span> <span class='ocrx_word' id='word_1_182' title='bbox 298 2075 327 2156; x_wconf 83' lang='lat'>¹¹)</span> <span class='ocrx_word' id='word_1_183' title='bbox 349 2073 570 2136; x_wconf 85' lang='lat' dir='ltr'>nonsulfieeret.</span> <span class='ocrx_word' id='word_1_184' title='bbox 612 2068 806 2152; x_wconf 72' lang='lat' dir='ltr'>Requisita¹²l</span> <span class='ocrx_word' id='word_1_185' title='bbox 829 2074 913 2132; x_wconf 89' lang='lat' dir='ltr'>ctiam</span> <span class='ocrx_word' id='word_1_186' title='bbox 935 2088 954 2130; x_wconf 91' lang='lat' dir='ltr'>a</span> <span class='ocrx_word' id='word_1_187' title='bbox 974 2086 1029 2144; x_wconf 86' lang='lat' dir='ltr'>me,</span> <span class='ocrx_word' id='word_1_188' title='bbox 1051 2068 1152 2144; x_wconf 87' lang='lat' dir='ltr'>quales</span> 
     </span>
     <span class='ocr_line' id='line_1_23' title="bbox 113 2156 1152 2240; baseline -0.004 -18"><span class='ocrx_word' id='word_1_189' title='bbox 113 2166 210 2222; x_wconf 89' lang='lat' dir='ltr'>essent</span> <span class='ocrx_word' id='word_1_190' title='bbox 231 2162 339 2240; x_wconf 84' lang='lat' dir='ltr'>effigies</span> <span class='ocrx_word' id='word_1_191' title='bbox 360 2162 541 2239; x_wconf 83' lang='lat' dir='ltr'>angelorum,</span> <span class='ocrx_word' id='word_1_192' title='bbox 569 2161 729 2236; x_wconf 85' lang='lat' dir='ltr'>respondit:</span> <span class='ocrx_word' id='word_1_193' title='bbox 755 2159 888 2220; x_wconf 82' lang='lat' dir='ltr'>Statores</span> <span class='ocrx_word' id='word_1_194' title='bbox 916 2157 1024 2218; x_wconf 92' lang='lat' dir='ltr'>habent</span> <span class='ocrx_word' id='word_1_195' title='bbox 1045 2156 1152 2218; x_wconf 81' lang='lat' dir='ltr'>huma·</span> 
     </span>
     <span class='ocr_line' id='line_1_24' title="bbox 111 2245 1151 2325; baseline -0.006 -17"><span class='ocrx_word' id='word_1_196' title='bbox 111 2265 177 2323; x_wconf 87' lang='lat' dir='ltr'>nas,</span> <span class='ocrx_word' id='word_1_197' title='bbox 196 2247 282 2310; x_wconf 87' lang='lat' dir='ltr'>facies</span> <span class='ocrx_word' id='word_1_198' title='bbox 303 2250 461 2325; x_wconf 83' lang='lat' dir='ltr'>virginibus</span> <span class='ocrx_word' id='word_1_199' title='bbox 482 2247 648 2322; x_wconf 89' lang='lat' dir='ltr'>simillimas,</span> <span class='ocrx_word' id='word_1_200' title='bbox 672 2263 761 2324; x_wconf 84' lang='lat' dir='ltr'>genas</span> <span class='ocrx_word' id='word_1_201' title='bbox 783 2245 822 2305; x_wconf 85' lang='lat' dir='ltr'>ad</span> <span class='ocrx_word' id='word_1_202' title='bbox 842 2247 931 2304; x_wconf 88' lang='lat' dir='ltr'>instar</span> <span class='ocrx_word' id='word_1_203' title='bbox 950 2260 1079 2303; x_wconf 87' lang='lat' dir='ltr'>rosarum</span> <span class='ocrx_word' id='word_1_204' title='bbox 1100 2259 1151 2302; x_wconf 90' lang='lat' dir='ltr'>ro·</span> 
     </span>
     <span class='ocr_line' id='line_1_25' title="bbox 112 2327 1174 2412; baseline -0.004 -18"><span class='ocrx_word' id='word_1_205' title='bbox 112 2335 224 2411; x_wconf 87' lang='lat' dir='ltr'>hentcs,</span> <span class='ocrx_word' id='word_1_206' title='bbox 246 2343 276 2396; x_wconf 89' lang='lat' dir='ltr'>et</span> <span class='ocrx_word' id='word_1_207' title='bbox 295 2338 325 2396; x_wconf 91' lang='lat' dir='ltr'>in</span> <span class='ocrx_word' id='word_1_208' title='bbox 342 2335 457 2411; x_wconf 90' lang='lat' dir='ltr'>reliquis</span> <span class='ocrx_word' id='word_1_209' title='bbox 474 2335 609 2394; x_wconf 89' lang='lat' dir='ltr'>membris</span> <span class='ocrx_word' id='word_1_210' title='bbox 629 2336 743 2394; x_wconf 87' lang='lat' dir='ltr'>intectis</span> <span class='ocrx_word' id='word_1_211' title='bbox 763 2335 829 2394; x_wconf 91' lang='lat' dir='ltr'>nive</span> <span class='ocrx_word' id='word_1_212' title='bbox 851 2330 1038 2392; x_wconf 86' lang='lat' dir='ltr'>candidiores.</span> <span class='ocrx_word' id='word_1_213' title='bbox 1069 2327 1174 2412; x_wconf 77' lang='lat' dir='ltr'>Aias</span> 
     </span>
     <span class='ocr_line' id='line_1_26' title="bbox 111 2415 1151 2504; baseline -0.008 -22"><span class='ocrx_word' id='word_1_214' title='bbox 111 2421 184 2482; x_wconf 86' lang='lat' dir='ltr'>milri</span> <span class='ocrx_word' id='word_1_215' title='bbox 204 2423 299 2483; x_wconf 86' lang='lat' dir='ltr'>adhuc</span> <span class='ocrx_word' id='word_1_216' title='bbox 315 2419 344 2504; x_wconf 79' lang='lat'>¹⁸)</span> <span class='ocrx_word' id='word_1_217' title='bbox 366 2423 462 2484; x_wconf 88' lang='lat' dir='ltr'>retulit</span> <span class='ocrx_word' id='word_1_218' title='bbox 476 2425 611 2497; x_wconf 81' lang='lat' dir='ltr'>visiones,</span> <span class='ocrx_word' id='word_1_219' title='bbox 631 2439 703 2498; x_wconf 84' lang='lat' dir='ltr'>quas</span> <span class='ocrx_word' id='word_1_220' title='bbox 723 2420 795 2482; x_wconf 87' lang='lat' dir='ltr'>locis</span> <span class='ocrx_word' id='word_1_221' title='bbox 816 2417 1042 2495; x_wconf 83' lang='lat' dir='ltr'>competentibus</span> <span class='ocrx_word' id='word_1_222' title='bbox 1063 2415 1151 2492; x_wconf 88' lang='lat' dir='ltr'>repli-</span> 
     </span>
     <span class='ocr_line' id='line_1_27' title="bbox 111 2505 1152 2582; baseline -0.008 -13"><span class='ocrx_word' id='word_1_223' title='bbox 111 2509 197 2582; x_wconf 80' lang='lat' dir='ltr'>cabo.</span> <span class='ocrx_word' id='word_1_224' title='bbox 240 2510 287 2572; x_wconf 88' lang='lat' dir='ltr'>De</span> <span class='ocrx_word' id='word_1_225' title='bbox 300 2510 374 2570; x_wconf 86' lang='lat' dir='ltr'>festo</span> <span class='ocrx_word' id='word_1_226' title='bbox 387 2526 455 2570; x_wconf 91' lang='lat' dir='ltr'>vero</span> <span class='ocrx_word' id='word_1_227' title='bbox 467 2508 676 2568; x_wconf 89' lang='lat' dir='ltr'>Purificationis</span> <span class='ocrx_word' id='word_1_228' title='bbox 696 2507 789 2568; x_wconf 90' lang='lat' dir='ltr'>hahes</span> <span class='ocrx_word' id='word_1_229' title='bbox 809 2509 838 2566; x_wconf 91' lang='lat' dir='ltr'>in</span> <span class='ocrx_word' id='word_1_230' title='bbox 860 2505 1041 2566; x_wconf 87' lang='lat' dir='ltr'>distinctione</span> <span class='ocrx_word' id='word_1_231' title='bbox 1062 2520 1152 2579; x_wconf 81' lang='lat' dir='ltr'>supa-</span> 
     </span>
     <span class='ocr_line' id='line_1_28' title="bbox 108 2591 1190 2672; baseline -0.009 -16"><span class='ocrx_word' id='word_1_232' title='bbox 108 2598 180 2656; x_wconf 87' lang='lat' dir='ltr'>riuri</span> <span class='ocrx_word' id='word_1_233' title='bbox 202 2597 327 2672; x_wconf 89' lang='lat' dir='ltr'>capitulo</span> <span class='ocrx_word' id='word_1_234' title='bbox 349 2598 485 2671; x_wconf 81' lang='lat' dir='ltr'>vicesimo</span> <span class='ocrx_word' id='word_1_235' title='bbox 506 2597 646 2658; x_wconf 81' lang='lat' dir='ltr'>visionem</span> <span class='ocrx_word' id='word_1_236' title='bbox 668 2595 818 2656; x_wconf 88' lang='lat' dir='ltr'>mirificam</span> <span class='ocrx_word' id='word_1_237' title='bbox 828 2594 945 2669; x_wconf 80' lang='lat' dir='ltr'>virgims</span> <span class='ocrx_word' id='word_1_238' title='bbox 962 2591 999 2651; x_wconf 85' lang='lat' dir='ltr'>de</span> <span class='ocrx_word' id='word_1_239' title='bbox 1010 2591 1150 2668; x_wconf 83' lang='lat' dir='ltr'>Quidone.</span> <span class='ocrx_word' id='word_1_240' title='bbox 1187 2637 1190 2646; x_wconf 79' lang='grc'>,</span> 
     </span>
     <span class='ocr_line' id='line_1_29' title="bbox 107 2670 1153 2758; baseline -0.005 -15"><span class='ocrx_word' id='word_1_241' title='bbox 107 2684 139 2743; x_wconf 94' lang='lat' dir='ltr'>N</span> <span class='ocrx_word' id='word_1_242' title='bbox 140 2681 300 2746; x_wconf 84' lang='lat' dir='ltr'>OVICIUS</span> <span class='ocrx_word' id='word_1_243' title='bbox 309 2670 414 2746; x_wconf 42' lang='lat' dir='ltr'>&amp;Puto</span> <span class='ocrx_word' id='word_1_244' title='bbox 427 2683 591 2744; x_wconf 90' lang='lat' dir='ltr'>huiusmodi</span> <span class='ocrx_word' id='word_1_245' title='bbox 601 2682 790 2744; x_wconf 89' lang='lat' dir='ltr'>revelationes</span> <span class='ocrx_word' id='word_1_246' title='bbox 805 2680 980 2755; x_wconf 85' lang='lat' dir='ltr'>quandoque</span> <span class='ocrx_word' id='word_1_247' title='bbox 996 2695 1032 2738; x_wconf 86' lang='grc'>111</span> <span class='ocrx_word' id='word_1_248' title='bbox 1044 2678 1153 2758; x_wconf 79' lang='lat' dir='ltr'>affectu</span> 
     </span>
     <span class='ocr_line' id='line_1_30' title="bbox 108 2768 1047 2834; baseline -0.007 -4"><span class='ocrx_word' id='word_1_249' title='bbox 108 2773 252 2834; x_wconf 82' lang='lat' dir='ltr'>orationis</span> <span class='ocrx_word' id='word_1_250' title='bbox 269 2772 398 2834; x_wconf 79' lang='lat' dir='ltr'>obtineri</span> <span class='ocrx_word' id='word_1_251' title='bbox 440 2768 675 2834; x_wconf 82' lang='lat' dir='ltr'>MONACHUS:</span> <span class='ocrx_word' id='word_1_252' title='bbox 697 2768 763 2831; x_wconf 89' lang='lat' dir='ltr'>Hoc</span> <span class='ocrx_word' id='word_1_253' title='bbox 785 2769 975 2830; x_wconf 73' lang='lat' dir='ltr'>tutissimum</span> <span class='ocrx_word' id='word_1_254' title='bbox 995 2772 1047 2830; x_wconf 86' lang='lat' dir='ltr'>est.</span> 
     </span>
    </p>
   </div>
   <div class='ocr_carea' id='block_1_3' title="bbox 185 2957 1070 3164">
    <p class='ocr_par' dir='ltr' id='par_1_3' title="bbox 185 2957 1070 3164">
     <span class='ocr_line' id='line_1_31' title="bbox 453 2957 795 3020; baseline -0.009 0"><span class='ocrx_word' id='word_1_255' title='bbox 453 2957 686 3020; x_wconf 81' lang='lat' dir='ltr'>CAPITULUM</span> <span class='ocrx_word' id='word_1_256' title='bbox 711 2957 795 3020; x_wconf 88' lang='lat' dir='ltr'>VIII.</span> 
     </span>
     <span class='ocr_line' id='line_1_32' title="bbox 185 3081 1070 3164; baseline -0.014 -16"><span class='ocrx_word' id='word_1_257' title='bbox 185 3087 367 3164; x_wconf 75' lang='grc'><strong>1111119111</strong></span> <span class='ocrx_word' id='word_1_258' title='bbox 393 3087 443 3143; x_wconf 78' lang='lat' dir='ltr'>aui</span> <span class='ocrx_word' id='word_1_259' title='bbox 464 3082 596 3144; x_wconf 79' lang='lat' dir='ltr'>Christus</span> <span class='ocrx_word' id='word_1_260' title='bbox 618 3083 761 3158; x_wconf 76' lang='lat' dir='ltr'>apparuit</span> <span class='ocrx_word' id='word_1_261' title='bbox 782 3082 814 3138; x_wconf 82' lang='lat' dir='ltr'>tu</span> <span class='ocrx_word' id='word_1_262' title='bbox 836 3085 933 3139; x_wconf 85' lang='lat' dir='ltr'>octotc</span> <span class='ocrx_word' id='word_1_263' title='bbox 956 3081 1070 3138; x_wconf 76' lang='grc'><strong>11111111</strong></span> 
     </span>
    </p>
   </div>
   <div class='ocr_carea' id='block_1_4' title="bbox 101 3199 1151 3371">
    <p class='ocr_par' dir='ltr' id='par_1_4' title="bbox 101 3199 1151 3371">
     <span class='ocr_line' id='line_1_33' title="bbox 178 3199 1151 3281; baseline -0.008 -13"><span class='ocrx_word' id='word_1_264' title='bbox 178 3207 215 3268; x_wconf 90' lang='lat' dir='ltr'>In</span> <span class='ocrx_word' id='word_1_265' title='bbox 245 3207 369 3268; x_wconf 87' lang='lat' dir='ltr'>Francia</span> <span class='ocrx_word' id='word_1_266' title='bbox 387 3206 486 3281; x_wconf 80' lang='lat' dir='ltr'>¹virgo</span> <span class='ocrx_word' id='word_1_267' title='bbox 520 3201 663 3280; x_wconf 84' lang='lat' dir='ltr'>quaedam</span> <span class='ocrx_word' id='word_1_268' title='bbox 696 3201 838 3262; x_wconf 82' lang='lat' dir='ltr'>Christum</span> <span class='ocrx_word' id='word_1_269' title='bbox 873 3201 903 3260; x_wconf 91' lang='lat' dir='ltr'>in</span> <span class='ocrx_word' id='word_1_270' title='bbox 938 3203 1032 3259; x_wconf 85' lang='lat' dir='ltr'>aetate</span> <span class='ocrx_word' id='word_1_271' title='bbox 1064 3199 1151 3260; x_wconf 88' lang='grc'><strong>11111111</strong></span> 
     </span>
     <span class='ocr_line' id='line_1_34' title="bbox 101 3284 1151 3371; baseline -0.014 -10"><span class='ocrx_word' id='word_1_272' title='bbox 101 3305 255 3362; x_wconf 83' lang='lat' dir='ltr'>annorum</span> <span class='ocrx_word' id='word_1_273' title='bbox 276 3293 391 3371; x_wconf 87' lang='lat' dir='ltr'>quando</span> <span class='ocrx_word' id='word_1_274' title='bbox 411 3293 470 3352; x_wconf 89' lang='lat' dir='ltr'>iam</span> <span class='ocrx_word' id='word_1_275' title='bbox 491 3290 572 3367; x_wconf 90' lang='lat' dir='ltr'>loqui</span> <span class='ocrx_word' id='word_1_276' title='bbox 590 3307 642 3366; x_wconf 90' lang='lat' dir='ltr'>per</span> <span class='ocrx_word' id='word_1_277' title='bbox 662 3295 795 3348; x_wconf 82' lang='lat' dir='ltr'>nonnam</span> <span class='ocrx_word' id='word_1_278' title='bbox 813 3291 933 3363; x_wconf 87' lang='lat' dir='ltr'>potarat,</span> <span class='ocrx_word' id='word_1_279' title='bbox 954 3284 1051 3348; x_wconf 80' lang='lat' dir='ltr'>uidere</span> <span class='ocrx_word' id='word_1_280' title='bbox 1072 3284 1151 3346; x_wconf 86' lang='lat' dir='ltr'>dosi-</span> 
     </span>
    </p>
   </div>
   <div class='ocr_carea' id='block_1_5' title="bbox 124 3435 1149 3848">
    <p class='ocr_par' dir='ltr' id='par_1_5' title="bbox 124 3435 1149 3848">
     <span class='ocr_line' id='line_1_35' title="bbox 124 3435 1147 3519; baseline -0.013 -21"><span class='ocrx_word' id='word_1_281' title='bbox 124 3449 160 3519; x_wconf 85' lang='lat'>1)</span> <span class='ocrx_word' id='word_1_282' title='bbox 180 3445 201 3498; x_wconf 88' lang='grc' dir='ltr'><strong>Β</strong></span> <span class='ocrx_word' id='word_1_283' title='bbox 220 3443 335 3496; x_wconf 85' lang='lat' dir='ltr'>habitu</span> <span class='ocrx_word' id='word_1_284' title='bbox 354 3442 490 3512; x_wconf 86' lang='lat' dir='ltr'>quidem.</span> <span class='ocrx_word' id='word_1_285' title='bbox 510 3435 1147 3513; x_wconf 51' lang='grc' dir='ltr'>Δ-21111111111-3)1111111111.-</span> 
     </span>
     <span class='ocr_line' id='line_1_36' title="bbox 182 3504 1148 3598; baseline -0.011 -32"><span class='ocrx_word' id='word_1_286' title='bbox 182 3513 416 3598; x_wconf 37' lang='grc' dir='ltr'>Ι4)(111111111111111</span> <span class='ocrx_word' id='word_1_287' title='bbox 435 3511 587 3598; x_wconf 6' lang='lat' dir='ltr'>ewxpansis</span> <span class='ocrx_word' id='word_1_288' title='bbox 605 3519 771 3561; x_wconf 85' lang='lat' dir='ltr'>antaeum.</span> <span class='ocrx_word' id='word_1_289' title='bbox 798 3506 870 3559; x_wconf 84' lang='lat' dir='ltr'>Conl.</span> <span class='ocrx_word' id='word_1_290' title='bbox 889 3506 952 3570; x_wconf 87' lang='lat' dir='ltr'>Vlll,</span> <span class='ocrx_word' id='word_1_291' title='bbox 969 3506 1011 3556; x_wconf 87' lang='grc'>90.</span> <span class='ocrx_word' id='word_1_292' title='bbox 1031 3535 1062 3544; x_wconf 88' lang='grc'>-</span> <span class='ocrx_word' id='word_1_293' title='bbox 1079 3506 1111 3573; x_wconf 85' lang='lat'>5)</span> <span class='ocrx_word' id='word_1_294' title='bbox 1129 3504 1148 3556; x_wconf 90' lang='lat' dir='ltr'><strong>B</strong></span> 
     </span>
     <span class='ocr_line' id='line_1_37' title="bbox 181 3573 1149 3720; baseline -0.014 -13"><span class='ocrx_word' id='word_1_295' title='bbox 181 3576 893 3720; x_wconf 54' lang='lat' dir='ltr'>llrlh⁶1l¹55mssflvp⁵l¹&#39;rl⁴vhlahllf&#39;fff‘ili</span> <span class='ocrx_word' id='word_1_296' title='bbox 912 3575 1010 3697; x_wconf 48' lang='grc'><strong>1111113</strong></span> <span class='ocrx_word' id='word_1_297' title='bbox 1016 3574 1111 3708; x_wconf 49' lang='lat' dir='ltr'>aig.)</span> <span class='ocrx_word' id='word_1_298' title='bbox 1116 3573 1149 3682; x_wconf 61' lang='grc' dir='ltr'>-ο</span> 
     </span>
     <span class='ocr_line' id='line_1_38' title="bbox 180 3711 1148 3848; baseline -0.015 -72"><span class='ocrx_word' id='word_1_299' title='bbox 180 3723 325 3848; x_wconf 55' lang='lat' dir='ltr'>¹inli)himilri</span> <span class='ocrx_word' id='word_1_300' title='bbox 342 3738 384 3776; x_wconf 88' lang='lat' dir='ltr'>om</span> <span class='ocrx_word' id='word_1_301' title='bbox 401 3720 428 3774; x_wconf 84' lang='lat' dir='ltr'>C.</span> <span class='ocrx_word' id='word_1_302' title='bbox 448 3751 479 3762; x_wconf 92' lang='lat'><em>-</em></span> <span class='ocrx_word' id='word_1_303' title='bbox 499 3721 550 3788; x_wconf 81' lang='lat'>12}</span> <span class='ocrx_word' id='word_1_304' title='bbox 566 3718 662 3776; x_wconf 79' lang='lat' dir='ltr'>Csod</span> <span class='ocrx_word' id='word_1_305' title='bbox 680 3717 848 3788; x_wconf 86' lang='lat' dir='ltr'>requisita.</span> <span class='ocrx_word' id='word_1_306' title='bbox 867 3745 896 3756; x_wconf 90' lang='lat'>·—</span> <span class='ocrx_word' id='word_1_307' title='bbox 919 3715 968 3782; x_wconf 81' lang='lat'>13)</span> <span class='ocrx_word' id='word_1_308' title='bbox 985 3713 1029 3768; x_wconf 78' lang='lat' dir='ltr'>to</span> <span class='ocrx_word' id='word_1_309' title='bbox 1046 3711 1148 3764; x_wconf 88' lang='lat' dir='ltr'>adhuc</span> 
     </span>
    </p>
   </div>
   <div class='ocr_carea' id='block_1_6' title="bbox 0 0 1332 4308">
    <p class='ocr_par' dir='ltr' id='par_1_6' title="bbox 0 0 1332 4308">
     <span class='ocr_line' id='line_1_39' title="bbox 0 0 1332 4308; baseline 0 0"><span class='ocrx_word' id='word_1_310' title='bbox 0 0 1332 4308; x_wconf 95' lang='lat' dir='ltr'> </span> 
     </span>
    </p>
   </div>
  </div>
 </body>
</html>
