2564 4306
355 265 409 324 DE
430 262 610 324 PRAEMIO
632 261 896 325 MORTUORUM.
1076 261 1145 348 363,

435 443 688 531 'affirmant
708 453 791 514 LIX.

254 581 303 639 Dc
323 579 436 638 coelesti
457 577 625 636 Jerusalem
647 583 675 634 ct
695 576 792 651 alania
812 582 991 635 concinam.

172 703 352 762 Festinamus
374 716 442 776 ergo
464 697 570 775 ingredi
592 699 620 754 in
650 697 792 756 civitatem
821 696 898 756 illam
926 699 954 756 in
984 716 1041 773 qua
1067 699 1137 759 nulli

106 795 175 851 sunt
192 793 387 860 terraemotus,
409 785 478 844 nulli
492 787 613 862 gemitus
634 783 682 842 vel
704 785 832 858 suspiria,
853 783 904 842 sed
927 783 981 845 Dei
1002 785 1065 844 laus
1088 805 1137 846 as-

106 877 198 940 sidua.
240 876 276 934 In
298 891 356 949 qua
375 873 454 932 nulla
474 871 614 947 pericula,
644 868 695 928 sed
724 873 859 929 securitas
884 870 973 929 firma.
1016 872 1051 930 In
1079 891 1137 948 qua

105 981 165 1024 nou
188 970 232 1023 est
252 960 422 1033 mortalitas,
452 960 502 1017 sed
524 961 583 1016 vita
605 964 728 1017 aeterna.
770 955 806 1014 In
827 974 885 1031 qua
906 975 1008 1016 rancor
1026 959 1138 1034 nullus,

107 1050 250 1112 discordia
270 1047 357 1121 nulla,
380 1044 430 1106 sed
452 1063 509 1122 pax
530 1044 624 1120 plena.
666 1043 701 1101 In
724 1061 781 1118 qua
802 1042 896 1102 nullus
919 1048 1020 1118 esurit,
1043 1046 1137 1106 nullus

105 1141 180 1212 sitit,
202 1137 277 1213 quia
298 1125 413 1194 satietas
433 1132 490 1191 illic
511 1131 724 1206 perfectissima.
746 1129 897 1209 .Quatuor
917 1131 989 1190 haec
1011 1133 1088 1191 bona
1108 1136 1137 1191 in

104 1227 197 1286 tribus
217 1221 364 1282 versiculis
378 1219 522 1294 Propheta
545 1217 757 1292 comprehendit
778 1217 889 1276 diceus:
907 1219 1022 1277 (Lauda
1043 1219 1136 1280 Jeru-

105 1313 198 1373 salem
220 1312 400 1379 Daminam,
428 1305 522 1364 laada
545 1305 643 1363 Deam
666 1311 750 1362 taam
772 1303 862 1380 Syna.
904 1304 1007 1366 Lauda
1035 1307 1136 1381 corde,
1196 1361 1198 1364 .

104 1398 193 1460 lauda
214 1415 271 1458 ore.
322 1391 436 1470 Quare?
489 1393 637 1468 Quoniam
666 1390 846 1465 confortavit
873 1409 953 1450 aeras
975 1401 1137 1467 partarum

106 1495 238 1548 taccam.
280 1481 357 1541 Ecce
379 1479 524 1561 securitas.
567 1477 723 1546 Benedicti
742 1477 807 1552 filiis
830 1481 887 1550 tais
913 1482 945 1536 in
974 1487 1008 1538 tc.
1059 1481 1135 1540 Ecce

104 1570 313 1634 immortalitas.
355 1567 389 1625 In
412 1559 528 1625 dextera
544 1563 618 1622 illius
638 1563 785 1640 longitudo
808 1561 954 1644 dierumr).
1000 1568 1059 1643 Qui
1073 1586 1134 1643 po-

104 1665 165 1721 sait
184 1660 255 1736 tinas
278 1663 475 1729 incapacem.
524 1651 600 1710 Ecce
627 1667 685 1725 pax
715 1656 743 1709 et
771 1650 930 1710 concordia.
980 1654 1021 1712 Et
1050 1655 1136 1730 adipe

102 1749 249 1825 frameati
269 1745 360 1802 satiat
378 1737 444 1810 te2).
480 1739 555 1796 Ecce
578 1739 701 1796 satietas.
730 1737 776 1796 De
798 1738 903 1814 gaudio
925 1741 1029 1798 civium
1050 1741 1135 1800 huius

104 1837 209 1896 beatae
231 1833 352 1891 civitatis
373 1829 401 1885 in
423 1825 479 1885 alio
500 1825 564 1884 loco
585 1822 661 1882 idem
684 1824 752 1882 dicit
773 1824 939 1886 Psalmista:
967 1826 1050 1887 Sicut
1071 1830 1134 1887 Iac-

106 1924 234 1982 tantium
257 1919 388 1976 omniane
410 1911 552 1972 habitatio
575 1907 646 1990 cst³)
667 1913 699 1967 in
722 1908 788 1986 iffi).
827 1911 1047 1988 Comprehendit
1067 1916 1135 1974 bre-

105 2011 194 2082 viter,
221 1997 299 2082 quod
319 2001 412 2077 longis
432 1999 608 2058 sermonibus
631 1995 765 2082 explicari
774 1994 794 2078 ⁵)
823 2016 880 2058 non
900 2006 1021 2075 poterat.
1069 2002 1135 2062 Non

105 2097 182 2156 euim
204 2095 256 2152 en't
275 2093 339 2164 ipsa
358 2088 466 2148 laetitia
487 2083 580 2161 qualis
600 2083 647 2142 hic
668 2085 768 2159 agitur,
790 2085 840 2143 ubi
862 2085 897 2145 de
918 2087 1040 2146 filiorum
1069 2106 1135 2148 sns-

107 2184 237 2258 ceptione
257 2178 410 2248 laetamur,
436 2171 483 2232 vel
510 2170 545 2230 de
573 2186 689 2230 munere
719 2169 879 2230 divitiarum
908 2171 964 2252 et⁶)
994 2174 1135 2235 bonorum

106 2269 291 2348 gratulamur.
330 2261 415 2337 Quod
435 2262 520 2336 igitur
541 2256 674 2333 explicari
684 2252 705 2334 ⁷)
727 2274 784 2316 non
805 2262 905 2334 potuit,
926 2268 1040 2336 sumpta
1061 2279 1135 2338 qua·

105 2359 241 2430 licunque
266 2347 461 2420 similitudine,
491 2345 567 2422 ¹dinit
598 2349 631 2402 ut
671 2346 771 2418 potuit
823 2345 906 2406 Sicut
944 2349 1134 2424 laetantium,

106 2445 214 2521 iuquit,
247 2437 349 2512 idest
375 2450 442 2493 vere
471 2432 653 2504 laetantium,
688 2427 749 2510 atr)
774 2433 815 2499 ,sit
837 2437 979 2507 expressio
1001 2437 1136 2511 veritatis,

109 2538 139 2593 et
172 2547 231 2588 non
256 2530 326 2583 nota
358 2518 561 2592 similitudinis,
603 2523 635 2576 ut
660 2517 716 2591 ibi,
757 2519 914 2594 Tanquam
946 2525 1089 2596 aniacniti
1116 2543 1136 2583 a

109 2611 245 2687 Parra),
266 2611 356 2670 idest
376 2624 443 2667 vere
464 2607 609 2680 unigeniti.
642 2604 766 2663 Istorum
778 2604 944 2666 laetantium
967 2609 1136 2684 septiformis

110 2711 155 2766 est
176 2699 259 2762 actio.
301 2698 412 2756 Vivunt
432 2695 492 2752 vita
512 2690 651 2766 infinibili,
681 2693 794 2767 sapiunt
815 2709 920 2753 arcana
942 2695 1011 2771 Dei,
1040 2704 1138 2757 amant

109 2793 207 2851 Deum
229 2794 258 2846 et
277 2784 445 2858 proximum.
487 2778 621 2837 Laudant
641 2778 723 2852 qaod
743 2779 845 2838 oculas
865 2798 928 2839 nan
956 2784 1042 2857 vidit,
1070 2786 1138 2858 quia

111 2884 178 2940 sunt
198 2870 358 2942 invisibilia,
379 2873 407 2927 et
423 2866 503 2943 qaod
520 2867 601 2923 aarir
614 2882 676 2923 nan
698 2865 820 2938 audivit,
842 2868 909 2942 quia
929 2877 996 2927 sunt
1016 2872 1045 2928 iu
1065 2888 1137 2944 paee

111 2962 296 3042 quietissima,
316 2973 368 3014 nec
389 2957 421 3012 in
441 2970 492 3011 cor
513 2953 636 3010 hominis
649 2951 777 3010 ascendit
791 2949 832 3026 ¹⁰),
855 2956 921 3027 quia
942 2963 1008 3014 sunt
1029 2960 1138 3017 incom-

110 3045 320 3130 prehensibilia.
363 3039 497 3100 Gaudent
516 3037 621 3113 gaudio
642 3037 790 3112 ineffabili,
820 3038 933 3099 veloces
954 3050 1021 3100 sunt
1041 3049 1070 3104 et
1090 3061 1138 3104 se-

113 3140 181 3201 curi.
209 3134 293 3193 Beati
305 3136 370 3210 sunt
380 3126 419 3184 illi
432 3127 480 3201 qui
499 3124 567 3183 illuc
581 3121 610 3203 ¹¹)
633 3123 753 3183 ducente
767 3124 891 3184 Domina
908 3133 1088 3201 pervenerint
1100 3131 1140 3212 ¹²),

111 3226 163 3286 ubi
186 3222 277 3282 omnis
299 3215 433 3292 cogitatio
454 3214 591 3284 vincitur,
612 3217 640 3268 et
664 3217 766 3269 cuncta
795 3211 933 3272 desideria
959 3225 1141 3295 superantur,

112 3313 164 3372 ubi
184 3308 249 3367 talis
270 3304 387 3363 felicitas
409 3301 545 3374 accipitur
566 3313 640 3371 quae
668 3295 754 3372 nulla,
772 3301 969 3361 contrarietate
998 3304 1141 3378 perdatur.

112 3390 315 3459 NOVIOIUS:
343 3387 441 3445 Miseri
462 3391 527 3444 sunt
548 3385 596 3459 qni
617 3382 655 3442 ad
676 3388 785 3442 tantam
804 3385 941 3446 laetitiam
962 3407 1020 3449 non
1048 3395 1143 3470 suspi-

134 3564 164 3630 1)
183 3558 299 3612 Proverb.
319 3557 344 3616 3,
363 3557 403 3609 16.
417 3584 449 3593 -
461 3553 492 3618 2)
511 3551 574 3603 Pssl.
594 3552 653 3612 147,
672 3551 780 3605 12-14.
800 3583 830 3594 -
851 3554 883 3620 3)
901 3564 951 3606 est
968 3571 1008 3607 om
1027 3558 1100 3610 Anu.
1112 3589 1142 3600 -

184 3631 216 3693 4)
234 3627 349 3688 esaias,
367 3628 391 3677 7.
412 3653 442 3662 —
463 3623 493 3690 5)
512 3622 552 3673 BE
572 3620 788 3686 explicare-
808 3624 839 3691 6)
858 3623 924 3677 EFP
943 3626 1145 3696 vel-mil

185 3698 361 3766 explicare.
382 3724 410 3733 -
432 3693 463 3757 8)
487 3690 527 3742 CF
552 3700 583 3740 nt
601 3692 701 3741 sicut.
724 3720 752 3730 -
773 3693 804 3758 9)
827 3693 916 3744 lohun.
943 3694 967 3756 1,
985 3697 1026 3747 14.
1047 3727 1076 3736 -
1098 3699 1145 3766 1ο)

186 3767 244 3820 Cor.
264 3766 282 3829 l,
300 3766 325 3828 2,
342 3765 366 3816 9.
388 3793 416 3802 -
438 3761 485 3826 11)
504 3761 522 3811 B
541 3759 619 3810 iilic.
641 3789 666 3798 -
691 3759 737 3826 12)
756 3759 795 3814 ΟΡ
817 3765 1025 3829 perveniunt,
1047 3796 1076 3805 .-
