2538 4314
171 237 234 297 158
485 233 715 297 DISTINC'PIO
736 233 885 296 TERTIA

170 363 238 419 sunt
259 355 316 418 duo
337 361 522 433 peccatorum
543 374 664 435 genera,
693 374 768 433 quac
797 356 913 433 quidem
934 356 963 414 in
976 372 1017 416 se
1039 353 1122 418 valde
1142 362 1203 414 sunt

171 463 293 522 magna,
314 443 381 504 licet
401 451 517 521 propter
539 461 637 520 usum,
658 446 864 504 mercatoribus
885 445 1025 519 manime,
1053 460 1141 519 parva
1160 443 1203 502 vi-

173 531 309 606 deantur,
337 537 366 590 et
389 534 471 607 quasi
492 531 587 606 nulla,
608 530 791 590 mendacium
811 526 919 591 seilicet
940 536 1028 605 atque
1049 530 1204 606 periurium.

170 619 305 694 Domine,
326 619 465 695 inquiunt,
486 636 560 694 pene
581 618 651 677 nihil
671 635 824 694 possumus
847 633 950 692 emere,
971 616 1043 675 nihil
1053 613 1069 698 ¹)
1080 616 1205 690 vendere,

170 707 227 766 nisi
248 710 378 781 oporteat
398 722 451 765 uos
474 707 594 780 mentiri,
615 707 718 780 iurare,
740 711 769 764 et
789 721 877 780 saepe
905 706 1058 780 periurare.
1102 703 1206 780 Quibus

173 810 239 853 cum
261 791 367 852 diceret
387 791 543 868 plebanus:
572 792 699 851 Peccata
724 794 780 851 ista
801 789 886 850 valde
908 796 975 849 sunt
996 791 1111 866 gravia,
1143 796 1170 848 et
1188 807 1205 848 a

172 877 323 940 Salvatore
345 879 496 954 prohibita,
517 881 580 954 ipso
604 878 728 937 dicente:
758 877 804 937 su
825 894 920 937 sermo
941 885 1052 952 omia,
1076 885 1132 951 est,
1154 883 1207 951 est,

172 983 243 1039 uon,
265 963 380 1042 uon²);
401 965 623 1042 responderunt:
645 963 710 1024 Non
731 982 885 1040 possumus
906 963 963 1023 hoc
984 965 1208 1041 praeceptumin

172 1053 415 1129 negotiationibus
435 1055 540 1112 nostris
562 1050 713 1111 custodire.
755 1049 808 1109 Ait
828 1045 980 1110 sacerdos:
1002 1049 1121 1112 Utimiui
1142 1067 1208 1110 con·

173 1139 241 1208 silio¹
259 1156 332 1214 meo,
355 1145 384 1198 et
404 1140 478 1198 berre
500 1138 584 1198 cedet
604 1138 698 1198 vobis.
739 1137 834 1197 Nolite
856 1139 981 1212 mentiri,
1003 1137 1092 1198 nolite
1112 1139 1208 1213 iurare,

69 1225 73 1244 ¹
172 1229 247 1286 siout
267 1231 427 1286 mercatum
459 1232 587 1285 vestrum
620 1224 687 1284 dare
715 1224 818 1300 vultis,
846 1226 887 1283 sic
916 1241 982 1282 eum
1009 1224 1134 1285 laudate.
1174 1223 1209 1282 Et

171 1314 363 1388 promiserunt
384 1313 424 1385 el,
456 1314 524 1386 quia
552 1318 662 1371 tentare
690 1311 797 1371 vellent
822 1327 880 1370 uno
907 1328 992 1370 anno.
1043 1312 1110 1372 Hoc
1139 1313 1209 1370 enim

171 1401 281 1476 petivit.
325 1398 503 1474 Impediente
525 1415 575 1465 eos
596 1397 721 1472 Sanno,
751 1399 800 1473 qui
829 1414 942 1473 semper
963 1397 1048 1457 saluti
1071 1398 1209 1457 humanae
1252 1417 1253 1422 ¹

172 1485 350 1560 adversatur,
371 1501 445 1561 pene
466 1485 536 1543 nihil
558 1501 632 1543 anno
654 1483 702 1542 illo
725 1484 849 1544 vendere
870 1490 1033 1560 potuerunt.
1078 1485 1210 1544 Reversi-
1252 1491 1253 1498 ’

173 1589 229 1648 que
251 1589 327 1646 anno
350 1570 465 1631 evoluto
488 1571 526 1630 ad
547 1587 632 1630 suum
657 1570 828 1646 plebanum,
862 1570 1007 1629 dixerunt:
1042 1568 1210 1632 Obedientia

172 1659 257 1722 huius
279 1660 346 1718 anni
367 1656 488 1717 multum
509 1659 562 1716 fuit
583 1658 666 1717 nobis
690 1655 841 1732 damnosa,
862 1657 992 1716 homiues
1015 1677 1033 1717 a
1054 1660 1140 1718 nobis
1161 1645 1210 1717 dess

172 1745 279 1826 fluunt,
311 1762 365 1806 nec
387 1745 495 1821 aliquid
517 1747 577 1810 sine
599 1746 758 1803 iuramento
780 1743 904 1803 vendere
925 1761 1090 1820 possumus.
1134 1745 1211 1804 Tunc

173 1832 323 1892 sacerdos:
352 1831 448 1892 Nolite
475 1834 589 1905 timere,
617 1833 684 1906 quia
705 1831 828 1890 tentatio
847 1837 899 1889 est.
942 1832 1047 1890 Fixum
1068 1838 1164 1892 tenete
1183 1833 1211 1889 in
1252 1823 1253 1828 ’

174 1919 259 1980 corde
281 1923 392 1993 vestro,
419 1918 497 1993 quod
522 1917 604 1976 nulla
632 1917 803 1991 adversitas,
829 1916 909 1976 nulla
936 1934 990 1978 vos
1018 1925 1210 1995 paupertate

173 2005 223 2066 tali
243 2008 388 2083 proposito
411 2011 530 2081 avertat,
553 2010 582 2064 et
595 2003 738 2063 Dominus
759 2004 843 2064 vobis
865 2004 1025 2064 benedicet.
1068 2007 1211 2066 Promise-

174 2099 297 2168 runtque
320 2095 345 2152 ei
355 2093 481 2150 Domino
502 2093 665 2166 inspirante,
687 2093 755 2166 quia
777 2089 919 2150 custodire
941 2091 1048 2151 vellent
1072 2095 1133 2152 eius
1145 2109 1211 2152 con·
1252 2105 1253 2136 1

173 2179 268 2240 silium
290 2179 474 2254 divinumque
482 2175 502 2258 ³)
524 2183 710 2254 praeceptum
738 2194 789 2253 per
821 2193 919 2240 omnes
948 2177 1010 2237 dies
1030 2181 1111 2240 vitae
1133 2195 1211 2253 suae,

174 2267 285 2326 etiarnsi
307 2271 450 2342 oporteret
472 2282 521 2324 eos
543 2265 714 2323 mendicare.
756 2263 832 2322 Mira
851 2281 906 2322 res.
949 2264 1056 2324 Statim
1072 2266 1212 2326 Dominus

173 2355 330 2413 immissam
353 2353 529 2429 compescuit
549 2352 751 2425 tentationem,
784 2356 813 2410 et
835 2358 991 2427 coeperunt
1012 2369 1063 2412 eos
1084 2353 1211 2413 homines
1252 2381 1253 2384 κ

173 2438 348 2516 plusquam
371 2445 480 2500 ceteros
508 2443 681 2498 mercatores
709 2436 903 2514 frequentare,
933 2438 1060 2514 lacuque
1087 2447 1156 2500 sunt
1184 2441 1212 2496 in

176 2527 259 2588 brevi
280 2525 392 2600 divites,
412 2528 454 2585 ita
473 2530 507 2584 ut
527 2527 705 2583 mirarentur.
747 2524 786 2581 Et
806 2526 914 2584 reversi
932 2524 972 2584 ad
993 2543 1079 2586 suum
1101 2526 1212 2587 conses-
1252 2541 1253 2590 ζ

174 2630 283 2688 sorem,
312 2607 418 2690 gratias
447 2617 580 2688 egerunt,
609 2627 642 2670 eo
673 2609 750 2685 quod
770 2627 822 2686 per
844 2612 904 2670 eius
926 2611 1041 2672 salubre
1064 2613 1212 2674 consilium
1252 2633 1253 2642 ¹

174 2706 274 2759 atam
295 2700 432 2776 gravibus
454 2700 581 2774 peccatis
602 2697 695 2756 forent
724 2699 883 2772 exonerati,
917 2704 946 2757 et
973 2699 1041 2759 loris
1069 2704 1100 2759 in
1129 2701 1212 2760 rebus
1252 2707 1253 2712 ’

175 2785 265 2846 ditati.
306 2785 511 2846 NOVICIUS:
538 2783 710 2844 Huiusmodi
737 2784 868 2859 exempla
895 2773 1055 2860 prae'dicari
1076 2787 1213 2848 deberent
1252 2793 1253 2848 ἶ

173 2875 203 2932 in
236 2872 363 2933 ecclesiis
391 2872 611 2947 mercatoribus,
644 2871 716 2929 sorte
746 2877 982 2946 expavescerent,
1018 2873 1055 2952 de
1083 2875 1212 2951 pecuniis
1252 2861 1253 2874 ¹

174 2959 250 3019 male
271 2961 436 3035 conquisitis
444 2951 466 3039 4)
488 2959 634 3035 negotiari,
657 2959 735 3016 etin
756 2959 815 3016 suis
836 2957 1049 3019 venditionibus
1061 2963 1156 3022 iurare
1167 2958 1212 3020 vel

174 3047 295 3106 mentiri.
348 3044 584 3105 MONACHUS:
619 3044 729 3104 Verum
764 3043 843 3102 diois.
892 3043 1095 3109 NOVICIUSz
1130 3048 1212 3107 Nunc

174 3132 272 3193 audire
295 3131 426 3208 delectat,
448 3132 526 3207 quod
548 3129 664 3208 quidam
685 3136 850 3206 peccatores
872 3133 979 3192 meritis
997 3136 1041 3193 sul
1064 3135 1212 3196 confesso-

175 3221 212 3280 ris
232 3219 428 3280 iustificantur.
437 3217 457 3300 ⁵)

194 3735 341 3807 lJGvel.
360 3764 391 3776 -
410 3735 443 3804 2)
459 3732 547 3788 llatth.
566 3738 592 3799 5,
608 3734 651 3788 37.
671 3763 701 3775 -
729 3735 761 3804 3)
780 3735 906 3805 queadd
923 3735 1022 3791 ssd·
1050 3736 1083 3806 l)
1103 3736 1146 3792 cn
1164 3752 1212 3789 sc-

124 3861 129 3868 ,
245 3803 390 3876 quisitis.
409 3835 442 3845 —-
460 3806 492 3876 5)
510 3804 530 3860 G
547 3805 785 3860 iustificantur.
