2622 4322
96 315 99 319 ,
175 255 238 314 210
488 255 716 318 nisumcmo
739 255 904 335 Qunam

174 386 270 454 easta,
292 372 411 453 davum,
432 378 538 455 rigida,
559 379 690 456 religiosa
706 377 738 460 ¹),
760 387 802 456 et,
823 382 897 440 sicut
916 379 986 439 mihi
1006 378 1102 440 retulit
1120 381 1203 440 vicini

173 467 337 524 monasterii
363 467 512 542 magistra,
544 483 643 525 omnes
670 467 783 542 puellae
809 468 847 526 ab
877 485 912 526 ea
939 467 1077 527 educatae
1106 469 1203 526 ceteris

174 552 331 630 virginibus
359 554 450 630 magis
483 559 548 612 sunt
580 553 787 629 disciplinatae,
811 543 911 630 ‘magis
944 552 1074 614 devotae.
1115 553 1203 629 Spero

174 640 271 698 tamen
299 639 377 714 quod
404 639 501 715 Deus,
534 643 583 716 qui
610 640 731 698 multum
764 647 807 700 est
834 643 1007 716 misericors,
1036 643 1086 717 qui
1110 640 1204 700 multis

175 724 268 785 modis
289 726 395 786 electos
416 743 484 786 suos
505 732 610 800 tentat,
643 730 691 802 qui
718 733 778 786 tam
797 728 1014 787 misericorditer
1034 727 1071 787 dc
1091 727 1204 786 flumine

175 812 254 872 illam
275 812 414 888 liberavit,
434 815 568 889 pristinos
590 815 649 874 eius
664 813 776 874 labores
797 814 956 889 attendens,
976 814 1097 874 finaliter
1116 815 1205 891 perire

175 917 235 959 non
263 901 345 960 sinet.
386 899 481 959 Multa
507 901 560 959 tibi
586 917 703 976 possem
731 901 893 960 huiusmodi
920 903 1048 961 tristitiae
1077 899 1206 975 exempla

174 993 302 1046 recenter
323 992 405 1063 gesta
425 981 544 1061 reierle,
572 986 624 1046 sed
651 989 736 1047 timeo
759 987 837 1063 quod
857 987 974 1046 infirmis
995 1005 1054 1048 non
1076 987 1206 1064 expediat

173 1072 243 1132 talia
269 1073 365 1150 legere
392 1073 439 1134 vel
467 1072 574 1133 audire.
616 1073 818 1134 NOVICIUS:
846 1074 909 1151 Ego
938 1077 997 1133 iam
1024 1077 1095 1135 satis
1124 1073 1207 1133 didici

173 1159 244 1218 nihil
270 1159 331 1220 fieri
359 1162 419 1220 sine
447 1163 570 1236 ratione3
602 1160 674 1220 sorte
701 1160 766 1221 ideo
788 1161 870 1220 Dens
897 1161 966 1220 talia
986 1164 1140 1237 permittit,
1170 1175 1206 1220 ne

173 1247 292 1322 uliquis,
331 1247 539 1322 quantumlibet
567 1249 603 1305 uit
634 1247 791 1323 perfectus,
831 1247 867 1306 de
895 1251 954 1308 suis
979 1250 1135 1309 virtutibus
1162 1245 1209 1306 vel

173 1336 312 1393 virtutum
330 1335 462 1409 operibus
475 1340 646 1409 praesumat,
667 1334 793 1394 sedDeo
808 1339 909 1409 totum,
931 1347 1018 1411 aquo
1042 1343 1087 1395 est
1100 1335 1208 1394 bonum
1295 1341 1296 1388 1

175 1420 264 1495 velle,
291 1437 392 1497 posse,
419 1420 513 1480 iacere
542 1427 570 1480 et
598 1421 750 1497 perficere,
781 1423 926 1480 attribuat.
972 1419 1209 1482 MONAOHUSa
1295 1437 1296 1444 ¹

175 1507 286 1568 Verum
318 1507 396 1566 dicis.
453 1506 564 1567 Idcirco
597 1524 669 1567 uxor
696 1506 773 1568 Loth
801 1507 966 1568 inobediens
998 1525 1084 1568 versa
1112 1509 1209 1568 estin

93 1603 99 1614 ‘
173 1600 299 1654 statuam
320 1593 387 1653 salis
400 1589 430 1674 ²),
451 1601 485 1654 ut
505 1596 542 1653 sit
563 1595 646 1654 malis
669 1595 839 1672 exemplum,
860 1595 943 1656 bonis
966 1595 1189 1656 condimentum.

527 1784 759 1846 CAPITULUM
780 1785 862 1845 XLI.

194 1909 243 1967 De
264 1923 411 1982 cennaco,
434 1911 485 1984 qui
507 1925 543 1968 ee
565 1908 764 1984 demoratione
784 1911 817 1967 in
832 1911 949 1985 piscino
971 1925 1001 1967 se
1021 1904 1190 2007 &ocavit
1295 1911 1296 1986 ᾖ

175 2090 179 2102 s
238 2047 297 2108 Vix
317 2053 385 2106 sunt
415 2053 473 2106 tres
502 2049 569 2107 anni
601 2045 705 2122 elapsi,
739 2045 817 2122 quod
845 2061 1000 2107 conversus
1027 2047 1149 2122 quidam
1177 2062 1213 2106 ex

174 2134 261 2193 nimia
288 2136 401 2194 tristitia
428 2134 544 2194 finalem
571 2135 688 2193 incurrit
715 2134 942 2209 desperationem
969 2134 1170 2194 miserabiliter
1180 2127 1212 2213 ³).

174 2219 333 2296 Loquendo
364 2219 412 2280 vel
444 2220 592 2280 scribendo
622 2219 658 2279 de
686 2219 849 2280 huiusmodi
879 2220 1033 2297 tragoediis
1064 2219 1212 2294 nefandis,

174 2309 280 2368 invitus
302 2309 427 2383 exprimo
449 2310 566 2367 nomina
593 2307 721 2367 locorum
741 2307 789 2367 vel
809 2324 1004 2382 personarum,
1025 2310 1086 2367 sive
1105 2307 1213 2367 ordinis

175 2385 349 2470 qualitatem,
370 2412 407 2453 ne
427 2411 479 2470 per
500 2395 556 2455 hoc
577 2393 703 2470 aliquam
724 2394 863 2470 religiosis
882 2395 984 2454 inferre
1005 2390 1136 2474 videar⁴)
1158 2411 1214 2453 ve·
1295 2387 1296 2392 ’

174 2480 349 2540 recundiam.
390 2480 473 2540 Idem
493 2481 579 2540 irater
600 2480 674 2540 bene
695 2481 765 2538 mihi
777 2477 797 2560 ε)
819 2481 986 2556 luitnotus,
1006 2483 1051 2540 vir
1072 2499 1093 2540 a
1106 2483 1213 2540 iuven-

174 2573 235 2626 tute
255 2584 347 2642 usqnc
368 2567 406 2627 ad
428 2574 604 2628 senectutem
625 2567 806 2627 laudabiliter
839 2574 867 2627 et
898 2571 959 2632 sine
991 2567 1110 2643 querela
1138 2569 1214 2627 inter

173 2653 274 2714 fratres
306 2661 506 2730 conversatus,
533 2657 574 2714 ita
601 2661 634 2713 ut
664 2655 759 2730 nullus
791 2653 839 2714 illo
871 2655 1015 2714 videretur
1041 2657 1072 2712 in
1102 2654 1214 2714 ordinis

102 2804 105 2808 ,
174 2740 374 2802 observatione
396 2741 554 2816 districtior,
576 2743 654 2800 etin
675 2741 827 2800 virtutibus
849 2743 984 2818 superior.
1015 2740 1214 2818 Raroloque-

173 2827 267 2903 batur,
288 2845 351 2888 raro
373 2828 488 2888 indultis
511 2828 758 2904 consolationibus¹
773 2828 915 2887 utebatur.
956 2815 1061 2888 Nescio
1079 2845 1140 2903 quo
1155 2827 1215 2888 Dei

173 2914 279 2975 iudicio
299 2917 341 2974 ita
361 2917 448 2974 tristis
471 2921 500 2975 et
527 2915 713 2991 pusillanimis
741 2903 859 2975 effectus
887 2919 944 2989 est,
972 2920 1005 2973 ut
1031 2920 1148 2975 tantum
1175 2914 1214 2974 de

173 3004 299 3078 peccatis
320 3004 379 3062 suis
400 3005 519 3076 timeret,
542 2995 600 3081 etl)
622 3003 736 3060 omnino
759 3000 795 3060 de
816 3002 876 3061 vita
897 3007 1014 3060 aeterna
1035 3000 1215 3077 desperaret.

173 3088 239 3148 Non
261 3088 376 3166 quidem
398 3088 539 3148 dubitavit
570 3089 599 3146 in
627 3085 730 3168 fide⁷),
759 3088 811 3147 sed
838 3094 949 3147 tantum
981 3087 1148 3164 desperavit
1176 3088 1214 3147 de

128 3193 136 3199 ·
173 3175 274 3250 salute.
317 3176 409 3236 Nullis
430 3178 633 3251 scripturarum
654 3176 869 3236 auctoritatibus
889 3181 1002 3250 poterat
1023 3177 1100 3252 erigi,
1123 3173 1215 3234 nullis

174 3263 311 3340 exemplis
322 3260 344 3344 ⁰)
366 3262 404 3322 ad
430 3280 512 3340 spem
540 3263 642 3347 veniae
663 3262 769 3320 reduci.
811 3261 959 3321 Modicum
987 3267 1084 3322 tamen
1114 3261 1215 3321 credi-

173 3358 220 3410 tur
233 3367 376 3427 peccasse
388 3345 419 3429 ⁹).
463 3348 517 3408 Cui
539 3365 604 3409 cum
624 3348 725 3409 iratres
747 3348 880 3424 dicerent,
902 3348 971 3425 quid
995 3348 1109 3408 habetis
1132 3347 1216 3410 unde

191 3553 224 3623 1)
241 3552 282 3606 BG
308 3561 343 3605 et
368 3551 536 3618 religiosa.
565 3579 596 3590 -·
624 3550 666 3618 2),
684 3550 773 3603 Genes.
807 3550 854 3614 19,
887 3550 930 3602 26.
957 3580 989 3590 -
1016 3551 1049 3619 3)
1075 3550 1096 3602 l)
1124 3549 1216 3602 iina-

242 3623 301 3674 lem
336 3621 602 3688 desperationem
629 3619 869 3673 miserabiliter
894 3620 1018 3672 finivit.
1046 3650 1078 3660 -
1103 3620 1141 3688 4)
1169 3621 1215 3673 BR

242 3691 358 3744 videar
383 3691 515 3743 inferre.
548 3719 578 3730 -
614 3689 645 3757 5)
669 3689 711 3742 BG
736 3689 812 3742 mihi
835 3688 923 3742 bene.
957 3719 989 3730 -
1022 3688 1054 3757 6)
1080 3688 1215 3756 enac

133 3757 135 3766 '
242 3760 387 3830 quod-
407 3759 484 3828 7)c
515 3758 554 3810 de
581 3755 656 3810 fide.
676 3788 705 3798 -
726 3760 758 3829 8)
780 3759 801 3815 G
826 3758 989 3828 exemplis
1014 3767 1158 3828 poterat.
1180 3790 1214 3802 -

242 3829 314 3899 9J1)
331 3831 491 3898 peccavit,
509 3837 544 3882 ut
561 3828 714 3882 creditur.
1209 3855 1217 3865 ·
