2580 4316
175 240 214 297 42
502 232 729 295 DISTINCTIO
748 232 878 293 PRIMA

173 360 257 418 nimis
277 358 401 434 longam,
422 362 510 432 puteo
533 362 697 416 eructuante
714 349 730 435 ¹)
753 356 882 416 flammas
905 353 1088 430 sulphureae,
1118 351 1207 411 Lant-

174 448 290 522 grarius
311 447 383 503 inter
405 444 540 503 scintillas
561 443 748 502 ascendentes
771 443 855 501 sirnul
876 441 1033 502 ascendens
1045 437 1065 520 ²)
1078 439 1208 514 ,viden-

176 532 244 589 dum
266 549 297 589 se
320 531 420 590 clerieo
444 531 518 589 eollo
539 537 622 590 tenus
643 530 784 605 praebuit.
827 529 875 588 Ad
905 546 991 604 quem
1017 529 1071 585 ait:
1099 522 1207 605 licce³)

175 623 288 695 praesto
310 635 375 676 snm
395 619 482 676 miser
501 617 548 675 ille
569 616 775 692 Lantgravius,
806 616 952 692 quendam
974 614 1105 673 dominus
1125 619 1207 687 tuus,

176 711 205 764 et
225 707 334 763 utinam
355 721 502 779 nunquam
523 710 616 764 natus.
661 703 714 761 Oui
738 703 871 781 clericus:
898 703 1005 762 Missus
1027 718 1091 759 sum
1113 717 1132 758 a
1152 699 1209 757 filie

176 798 280 866 vestro,
301 798 334 850 ut
355 794 381 850 ei
402 793 567 850 renunciare
589 792 697 866 possim
719 789 754 848 de
769 796 846 848 statu
860 796 973 864 vestr03
996 793 1024 848 ct
1037 789 1100 846 siin
1115 787 1209 872 aliquo

174 881 294 954 potestis
315 879 423 953 iuvari,
455 878 524 936 mihi
546 877 640 936 dicere
662 876 782 935 debetis.
824 875 985 951 Respondit
1004 875 1067 933 ille:
1098 873 1210 932 Statum

175 965 456 1024 meumbenevidcs.
489 964 555 1023 Hoc
577 970 673 1022 tamen
696 965 778 1038 scias,
800 965 868 1037 quia
890 966 914 1021 si
931 963 981 1020 filii
994 963 1051 1021 mei
1064 963 1210 1019 restituere

175 1052 283 1112 vellent
303 1052 375 1111 talos
396 1054 591 1127 possessiones
612 1050 712 1108 talium
735 1049 926 1124 ecclesiarum,
947 1051 1068 1126 propriis
1089 1049 1211 1106 nomini-

176 1140 231 1198 bus
254 1155 303 1198 eas
326 1141 501 1213 exprimens,
523 1154 595 1213 quas
615 1137 685 1194 mihi
706 1139 808 1195 iniuste
830 1138 980 1212 usurpavi,
1004 1141 1032 1194 et
1053 1135 1108 1194 sub
1131 1133 1210 1193 titulo

176 1219 346 1284 hereditario
375 1227 443 1300 ipsis
464 1225 578 1298 reliqui,
610 1217 748 1299 magnum
776 1226 889 1282 animae
911 1240 993 1282 meac
1010 1219 1032 1302 ⁴)
1055 1221 1212 1281 conferrent

176 1311 341 1372 remedium.
385 1310 439 1369 Cui
460 1329 525 1370 cum
547 1309 666 1368 clericus
679 1307 699 1389 ⁵)
722 1309 842 1368 diceret:
863 1310 996 1384 Domine,
1016 1326 1074 1368 nen
1098 1308 1212 1368 credent

176 1399 261 1474 mihi3
294 1397 454 1473 respondit:
483 1397 546 1473 Ego
570 1397 663 1456 dicam
683 1397 735 1456 tibi
757 1399 882 1474 signum,
915 1396 993 1472 quod
1020 1413 1106 1455 nemo
1134 1398 1212 1454 novit

176 1492 289 1562 praeter
310 1502 356 1544 me
379 1491 408 1543 et
428 1484 501 1542 filios
523 1500 611 1542 meos.
654 1483 784 1559 Accepto
807 1486 896 1560 signe,
923 1490 952 1542 et
972 1483 1156 1559 Luntgrsvio,
1178 1497 1211 1540 eo

176 1572 307 1645 vidente,
329 1563 429 1651 mox⁶)
451 1578 538 1645 putee
560 1573 707 1645 immerso,
740 1586 793 1646 per
814 1571 983 1629 daemonem
1004 1569 1140 1630 reductus
1162 1574 1212 1627 est

178 1659 234 1736 Qui
254 1658 322 1716 licet
341 1661 430 1716 vitam
451 1674 508 1716 uon
530 1656 697 1731 perdiderit,
725 1660 766 1716 ita
787 1663 883 1716 tamen
904 1656 1027 1732 pallidus
1050 1663 1079 1715 ct
1099 1655 1212 1732 langui-
1259 1657 1264 1664 '

179 1746 232 1805 dus
253 1745 349 1818 rediit,
382 1750 414 1803 ut
441 1747 490 1803 vix
511 1751 720 1821 agnosceretur.
763 1744 862 1803 Verba
893 1747 982 1819 patris
1009 1743 1075 1801 filiis
1104 1742 1211 1816 retulit,

178 1835 260 1908 signa
282 1831 413 1905 ostendit,
435 1831 486 1890 sed
508 1831 652 1889 medicum
672 1831 712 1888 illi
733 1831 846 1906 profuit.
889 1830 954 1889 Non
971 1827 991 1911 ²)
1013 1833 1042 1888 in
1063 1829 1121 1889 hec
1144 1846 1213 1889 con-

178 1921 283 1978 sentire
304 1919 464 1992 volucrunt,
485 1924 517 1976 ut
537 1920 732 1993 possessiones
756 1921 943 1982 restituerent.
986 1917 1148 1992 Respondit
1167 1922 1213 1975 ta-

178 2022 244 2065 men
265 2005 436 2065 Lodewieus
457 2005 647 2082 Lantgravius
670 2005 796 2063 clericor
820 2004 909 2081 Signa
931 2020 1082 2081 cognosco,
1104 2009 1213 2080 patrem

178 2109 275 2152 meum
296 2100 325 2152 te
346 2093 451 2152 vidisse
472 2110 530 2151 non
553 2092 660 2165 dubito,
681 2087 891 2170 propesitum⁰)
914 2092 965 2149 tibi
977 2093 1136 2166 praemium
1147 2089 1213 2148 dare

178 2197 237 2238 non
258 2197 355 2239 renue.
398 2178 447 2238 Ad
469 2196 555 2253 quem
574 2179 640 2237 ille:
662 2178 796 2252 Domine,
818 2181 904 2237 curtis
926 2184 1022 2237 vestra
1043 2179 1129 2237 vebis
1150 2193 1213 2236 ma·

178 2263 294 2345 neat-⁹);
317 2283 370 2342 ego
393 2267 527 2342 cogitabo
551 2264 618 2340 quid
633 2268 744 2324 animae
759 2281 840 2323 meac
856 2265 996 2340 expediat.
1039 2264 1213 2339 Relictisque

179 2353 326 2426 omnibus,
357 2353 449 2412 faetus
482 2359 525 2411 est
557 2352 714 2411 monachus
740 2354 769 2409 in
792 2351 890 2410 ordine
913 2351 1111 2426 (listerciensi,
1144 2367 1213 2410 ceu-

179 2446 308 2498 temnens
329 2435 357 2518 ¹⁰)
376 2456 490 2498 omnem
504 2439 632 2498 laborem
649 2435 676 2518 ¹¹)
692 2438 1038 2514 susdneretemporalem,
1060 2437 1214 2497 dummodo

178 2543 301 2602 poenam
324 2526 459 2584 evaderet
480 2532 633 2584 aeternam.
676 2525 752 2584 Ecce
774 2525 864 2584 habes
885 2527 940 2584 tria
962 2525 1108 2600 exempla,
1138 2523 1214 2600 quod

179 2613 295 2688 quidam
328 2619 529 2672 convertantur
556 2615 656 2672 timere
686 2611 733 2671 vel
761 2614 870 2672 risione
898 2629 1010 2688 poenae
1038 2611 1213 2688 gehennalis.

178 2701 298 2758 Possem
319 2699 372 2758 tibi
393 2699 428 2758 de
450 2700 494 2758 his
516 2699 610 2758 adhue
631 2699 714 2776 plura
738 2700 839 2773 dicere,
862 2698 912 2758 sed
934 2702 962 2757 in
977 2698 1213 2762 aliisdistinctie-

178 2787 262 2845 nibus
284 2803 412 2862 propono
433 2787 486 2845 tibi
506 2787 555 2845 illa
571 2784 599 2866 ¹²)
612 2786 758 2846 disserere.
790 2784 993 2845 NOVICIUS:
1015 2785 1046 2844 Si
1067 2785 1137 2844 talia
1158 2784 1213 2843 ho-

178 2876 268 2934 mines
290 2873 387 2932 videre
408 2880 535 2948 possent,
555 2879 627 2948 puto
651 2876 718 2948 quia
735 2880 795 2931 tam
813 2869 841 2952 ¹³)
863 2872 951 2931 libere
972 2889 1030 2930 non
1051 2877 1212 2947 peccarent.

177 2959 412 3020 MonAuHUS:
434 2960 481 3019 Ita
503 2966 599 3020 estut
621 2958 700 3019 dieis.
728 2958 807 3018 Audi
828 2959 923 3019 adhuc
940 2955 969 3038 ¹⁴)
992 2959 1069 3034 quod
1083 2965 1213 3035 superest

197 3181 227 3251 i)
245 3181 265 3232 ll
284 3189 457 3232 eructante.
484 3179 573 3232 Hemil.
591 3180 621 3232 ll.
641 3197 665 3246 p.
684 3181 731 3233 85:
759 3180 918 3248 liquorem
937 3179 975 3230 de
1001 3187 1135 3248 gutture
1153 3193 1211 3230 suo

247 3260 430 3303 eructuans.
449 3250 521 3302 Cenl.
539 3251 603 3302 inira
621 3250 722 3314 1V‚22.
741 3250 783 3314 Xl,
801 3253 825 3302 7.
846 3280 876 3289 -
895 3251 927 3317 2)
945 3249 987 3300 Bl)
1005 3249 1155 3301 aseendit
1172 3257 1211 3300 et.

244 3350 280 3366 r-
300 3320 332 3388 3)
350 3336 425 3371 ecce
443 3336 483 3371 ern
502 3319 529 3372 G.
550 3349 581 3359 -
609 3321 641 3390 4]
658 3335 747 3370 meae
765 3335 805 3370 em
824 3319 874 3371 Bl).
893 3348 923 3358 -
953 3319 985 3387 5)
1003 3318 1145 3371 clericus
1171 3333 1211 3372 em

246 3389 356 3458 G.-6)
374 3405 442 3441 mox
460 3389 609 3441 adossu-
630 3390 661 3456 7)
680 3388 757 3441 cade
776 3391 911 3440 enim-
927 3389 958 3456 8]
977 3388 997 3441 G
1014 3391 1210 3455 promissum.

248 3490 278 3500 -
299 3459 330 3526 9)
349 3459 368 3511 C
386 3467 562 3511 remanent.
582 3488 613 3497 -
634 3459 682 3525 10)
700 3457 720 3509 B
739 3475 799 3510 non
823 3467 1022 3522 contemtus,
1039 3458 1059 3510 C
1077 3468 1212 3509 centen-

247 3529 334 3580 dens.
362 3529 428 3580 lnira
446 3529 546 3591 ll,32:
573 3528 734 3580 vermibus
760 3529 931 3580 morituris
950 3529 1141 3591 contemtis,
1160 3528 1212 3578 im-

247 3597 405 3650 mortales
432 3599 581 3665 effugere
607 3599 756 3664 cupiens,
791 3607 854 3649 tum
887 3598 1011 3650 timore,
1031 3597 1211 3666 gehennae,

247 3676 311 3718 tum
334 3683 440 3718 amere
464 3666 623 3718 coelestis
641 3669 781 3733 patriae,
798 3667 899 3719 nudus
918 3683 950 3718 re
969 3683 1067 3734 super
1084 3681 1211 3720 vermes

245 3738 394 3788 iactavit
420 3766 451 3775 -
481 3736 528 3803 ii)
551 3736 571 3787 (l
597 3738 845 3802 poenitentiam.
864 3767 896 3776 -
926 3737 973 3804 12)
1000 3735 1040 3788 lll’
1067 3737 1121 3790 illa
1147 3735 1209 3787 tibi

247 3820 396 3873 propono.
417 3835 447 3846 -
469 3805 516 3873 13)
535 3805 554 3857 G
572 3805 655 3873 quod
674 3807 727 3858 ita.
747 3835 777 3848 —
799 3807 846 3875 ¹4)
865 3806 970 3859 adhuc
986 3822 1028 3858 om
1045 3805 1073 3860 0.
1091 3851 1102 3872 ,
