2642 4330
142 281 205 341 ano
283 346 287 354 ,
455 273 683 339 ιιιιιιιιιιιο
706 274 856 355 purum

142 410 175 462 ut
201 402 271 461 satis
303 398 351 459 ille
378 401 535 460 miraretur.
591 400 745 476 Nunquam
792 416 899 476 equum
926 415 1011 458 auum
1042 395 1182 471 ascendit,

142 505 289 564 uunquam
311 486 465 562 descendit,
486 489 554 563 quin
565 487 612 546 ille
625 493 813 563 praeparatus
826 484 842 568 Ι)
864 491 948 560 esset,
971 491 999 545 et
1015 483 1180 561 genuflexo

142 582 269 651 strepam
297 580 414 633 teneret.
443 575 642 649 'Discretum,
674 574 826 649 providum
859 579 888 632 et
919 571 1038 631 hilarem
1067 587 1181 646 semper

143 679 175 722 se
203 662 341 722 exhibuit.
381 660 439 720 Die
468 658 594 736 quadam
617 679 683 720 cum
711 661 795 720 simul
817 663 992 736 equitarent,
1024 664 1053 718 et
1080 659 1181 717 venis-

118 754 208 810 ·sent
239 747 277 808 ad
305 748 411 807 flumen
444 745 589 824 quoddam
600 744 621 827 ²)
654 765 806 825 maguum,
840 747 921 806 miles
948 747 1116 821 respiciens,
1150 749 1180 802 et

145 836 240 912 plures
272 852 308 894 ex
335 836 455 893 inimicis
483 837 542 894 suis
570 835 738 894 mortalibus
766 841 832 910 post
860 851 891 893 se
920 835 1016 892 venire
1046 828 1180 892 couside-

146 941 227 997 rans,
255 924 296 980 ait
323 938 422 980 servo:
453 921 561 980 Mortui
590 939 697 980 sumus.
746 922 822 980 Ecca
843 922 948 979 inimici
970 920 1026 978 mei
1046 922 1113 996 post
1133 933 1180 976 mc

144 1009 287 1084 festinant,
307 1009 411 1067 fluvius
433 1025 468 1067 cx
490 1010 622 1084 opposito
645 1015 703 1082 est,
724 1008 819 1066 nullus
844 1013 984 1106 superest,
1000 1005 1081 1064 locus
1101 1002 1180 1064 reiu-

145 1099 192 1174 gii.
234 1095 297 1154 Aut
318 1095 449 1154 occident
475 1113 536 1170 me,
565 1101 616 1153 aut
644 1097 765 1170 capient.
807 1095 889 1153 Tunc
915 1093 978 1152 ille:
1006 1092 1051 1152 Ne
1069 1093 1181 1163 timeas,

146 1184 275 1257 dominc,
303 1183 410 1241 vadum
437 1181 561 1240 fluminis
592 1181 677 1240 huius
706 1183 779 1240 bene
811 1183 892 1256 novi,
921 1196 1041 1255 sequere
1069 1182 1181 1237 tautum
1244 1163 1249 1180 ¹
1296 1197 1304 1214 1

145 1287 207 1345 me,
237 1270 313 1329 bene
341 1267 505 1328 evademus.
554 1268 758 1342 Respondente
786 1268 890 1342 milite,
918 1284 1066 1342 uunquam
1093 1265 1180 1324 homo

145 1358 264 1417 fluvium
285 1359 371 1414 istum
390 1357 421 1413 in
441 1354 498 1414 hoc
518 1354 582 1414 loco
596 1351 616 1434 8)
639 1355 843 1429 transvadavit,
864 1370 915 1429 spe
930 1360 1026 1412 tamen
1041 1351 1181 1412 evasionis

146 1461 260 1504 servum
275 1442 378 1501 ducem
392 1447 507 1506 secutus
521 1445 581 1501 sine
595 1441 720 1517 periculo
733 1437 892 1520 perveniti)
908 1439 945 1500 ed
959 1436 1034 1500 litus.
1061 1439 1100 1497 Et
1113 1453 1181 1497 ecce

146 1534 187 1590 eis
207 1532 400 1605 transpositis,
428 1529 526 1588 hostes
549 1547 584 1588 ex
605 1530 736 1604 opposito
757 1529 838 1587 litore
861 1530 1061 1601 consistentes,
1089 1525 1183 1584 mirati

145 1623 212 1678 suut
233 1617 373 1676 dicentes:
406 1615 476 1692 Quis
503 1633 631 1691 unquam
659 1614 768 1675 audivit
788 1613 924 1674 vadum
916 1633 946 1672 ru
960 1614 1082 1673 flumine
1102 1609 1182 1670 isto?

145 1703 210 1763 Nou
231 1703 303 1763 alius
324 1705 378 1762 nisi
400 1703 530 1762 diabolus
550 1701 631 1761 illum
652 1705 816 1761 transverit.
851 1701 1053 1776 Timentesque
1074 1699 1182 1758 reversi

146 1797 221 1851 suut.
263 1791 405 1850 Processu
426 1807 495 1849 vero
517 1791 652 1864 temporis
674 1771 785 1864 accidid,
806 1794 839 1846 ιιι
860 1787 956 1846 militis
978 1804 1050 1846 uxor
1061 1782 1081 1865 ι)
1102 1783 1183 1843 iufir-

130 1884 270 1938 furaretur
289 1894 383 1952 usque
411 1877 449 1936 ad
479 1883 610 1935 mortem.
652 1875 688 1934 In
716 1893 773 1950 qua
796 1874 864 1933 dum
887 1885 985 1946 oppres
1007 1873 1183 1933 medicorum

145 1971 220 2024 artes
242 1965 424 2040 deiecissent,
452 1965 492 2022 ait
511 1965 613 2021 iterum
635 1961 758 2021 daemon
779 1962 894 2021 domino
917 1979 987 2021 suo:
1016 1959 1047 2020 Si
1066 1959 1184 2018 domine

145 2070 209 2112 mea
230 2054 413 2128 inungeretur
432 2050 507 2109 laete
527 2049 650 2123 leonino,
671 2051 767 2107 statim
788 2053 945 2108 sanaretur.
983 2047 1104 2106 Dicente
1125 2047 1184 2103 mi·

144 2138 208 2213 lite,
237 2138 312 2197 uude
341 2137 494 2196 haberetur
518 2137 564 2195 lae
592 2134 670 2195 tale?
698 2135 844 2211 respoudit
874 2134 934 2193 ille:
963 2133 1027 2210 Ego
1056 2133 1183 2192 afferam.
1219 2193 1222 2212 ,

146 2225 202 2302 Qui
222 2225 340 2298 vadens,
361 2230 390 2283 ιι
410 2230 476 2299 post
496 2225 620 2298 spatium
641 2225 725 2280 uuius
746 2223 835 2281 horae
856 2221 977 2296 rediens,
999 2237 1051 2280 vas
1064 2219 1182 2295 plenum

144 2329 243 2372 secum
271 2311 372 2371 attrdit.
415 2310 445 2369 Δ
466 2327 523 2384 quo
546 2327 611 2368 curn
631 2310 731 2369 brissei
751 2315 904 2385 penmcta,
931 2324 1000 2370 mox
1021 2307 1182 2378 meliorata,

144 2401 293 2474 pristinum
314 2399 494 2471 recuperavit
514 2399 652 2472 vigorem.
696 2395 748 2455 Oui
771 2413 837 2455 cum
858 2394 966 2454 diceret
985 2394 1082 2469 miles,
1105 2391 1183 2452 unde

145 2486 302 2544 habuistit
290 2491 350 2542 tem
372 2485 428 2542 cito
441 2479 462 2562 ⁶)
485 2483 530 2542 lac
549 2482 648 2541 istud?
671 2481 836 2582 respondit.
857 2479 922 2541 De
928 2482 1073 2540 montibus
1100 2478 1184 2538 attuli

144 2571 279 2631 Arabiae.
318 2569 469 2628 Reccdens
485 2587 504 2628 a
524 2572 583 2628 ιι
575 2588 605 2626 m
622 2563 786 2634 Arabiam
778 2565 856 2647 rvi),
877 2569 995 2628 leaenae
1016 2567 1183 2642 speluncam

144 2661 255 2731 intravi,
277 2656 387 2716 catulos
400 2657 493 2732 abegi
515 2662 544 2714 ιι
567 2658 659 2730 ipsam
680 2656 772 2731 mulsi,
793 2658 892 2731 sicque
910 2671 1042 2713 reversus
1064 2671 1128 2714 sum
1144 2652 1184 2712 ad

143 2753 180 2804 ι.ι
209 2745 348 2819 Stupente
370 2742 457 2802 milite
475 2741 512 2801 ad
534 2743 625 2801 verba
646 2746 710 2818 ista,
733 2748 762 2802 et
778 2743 901 2836 dicante,
919 2743 993 2844 quis
1001 2757 1069 2817 crgo
1083 2757 1113 2799 ιι
1129 2738 1183 2798 tui

143 2830 290 2907 respondit
310 2830 372 2888 ille:
394 2829 459 2888 Non
481 2829 638 2888 solliciteris
661 2831 696 2890 de
718 2830 789 2905 hoc,
811 2846 911 2888 servus
934 2830 1009 2887 euim
1030 2835 1096 2886 tuus
1117 2839 1183 2884 sum

143 2935 206 2995 ego.
247 2918 377 2977 Instante
397 2916 501 2992 milite,
533 2915 649 2976 tandem
671 2917 818 2976 confessus
839 2922 883 2975 est
905 2915 1017 2973 dicens:
1048 2914 1183 2973 Daemon

129 3021 196 3082 ,ego
219 3021 295 3078 sum,
327 3021 401 3061 uuus
434 3019 469 3061 ex
496 3001 550 3062 illis
573 3005 623 3077 qui
644 3021 709 3062 eum
730 3003 862 3062 Lucifero
885 3001 1056 3061 ceciderunt.
1099 2999 1183 3059 Tunc

143 3093 234 3168 magis
252 3089 344 3154 milite
361 3095 507 3164 stupente,
529 3090 686 3149 subiunxit:
708 3090 739 3149 Si
755 3093 862 3149 natura
884 3087 1015 3148 diabolus
1037 3105 1084 3162 ιι,
1113 3085 1184 3162 quid

143 3184 186 3237 est
215 3175 292 3253 quod
320 3183 379 3235 ιιιιι
405 3175 527 3235 fideliter
558 3179 647 3236 servis
675 3175 804 3254 homini?
854 3175 1015 3250 Respondit
1043 3173 1183 3233 daemon:

141 3264 250 3340 Magna
272 3270 317 3324 ιιι
336 3263 405 3322 mibi
422 3263 578 3324 consolatio
602 3281 664 3322 esse
687 3281 752 3324 curn
773 3263 838 3322 filiis
859 3263 1016 3326 hominum.
1058 3261 1184 3320 Dicente

93 3409 94 3414 ,
140 3351 243 3425 ιιιίΙιιι,
264 3367 323 3408 nou
344 3351 436 3410 audeo
459 3351 495 3409 dc
525 3358 620 3410 cetero
643 3353 685 3408 uti
706 3352 822 3410 servitio
843 3355 909 3424 tuo;
940 3351 1043 3408 iterum
1065 3347 1112 3407 ille
1133 3365 1184 3406 re·

140 3437 269 3514 spondit:
291 3436 356 3497 Hoc
377 3454 430 3513 pro
445 3445 522 3497 certo
537 3440 620 3512 scias,
643 3440 711 3514 quia
732 3439 757 3494 si
777 3454 824 3496 me
846 3437 981 3510 tenueris,
1001 3451 1149 3510 nunquam
1162 3451 1183 3494 a

138 3542 186 3584 me
206 3524 255 3584 vel
274 3532 390 3621 propterx
417 3543 464 3586 me
485 3524 593 3601 aliquid
621 3525 689 3583 mali
709 3525 762 3584 tibi
773 3519 794 3602 Β)
818 3525 939 3584 eveniet.
981 3522 1047 3582 Nou
1069 3521 1182 3596 audeo,

158 3642 189 3709 1)
206 3641 249 3694 Bc
274 3649 420 3708 paratus,
449 3673 480 3682 -
509 3643 525 3693 2
552 3641 596 3694 AD
620 3640 760 3693 fluvium
786 3637 959 3708 quoddam,
987 3637 1026 3690 GP
1044 3637 1182 3690 fluvium

208 3710 374 3780 quendam.
405 3742 437 3752 —
466 3713 497 3780 3)
524 3711 565 3763 BG
592 3710 652 3761 hoc
678 3712 709 3760 in
737 3709 818 3761 loco.
848 3739 878 3748 -
907 3708 939 3776 4)
967 3707 1053 3760 ABDP
1080 3711 1183 3760 venit.

209 3811 241 3820 -
260 3782 291 3849 5]
309 3781 351 3837 BG
368 3798 447 3834 uxor
469 3781 595 3834 militis.
615 3811 647 3818 -
674 3779 706 3848 6)
725 3779 766 3832 Bo
788 3777 943 3832 tum-cito
968 3777 1126 3831 habuisti.
1148 3807 1180 3818 -

207 3851 240 3920 7]
257 3850 278 3905 B
295 3851 352 3904 tui.
371 3883 403 3894 -
422 3851 454 3921 8)
471 3851 514 3905 Bc
530 3850 594 3903 tibi
611 3848 695 3902 mali.
