2654 4308
177 249 236 306 112
486 241 714 306 DISTINOTIO
737 241 902 307 OCTAVA

175 367 350 428 didissimam
382 381 468 442 super
500 365 587 441 caput
619 367 682 425 eius
713 365 886 427 descendere
914 363 1002 441 vidit,
1031 363 1089 426 illic
1117 367 1210 442 quieto

176 453 347 516 residentem
358 451 376 533 ¹)
408 469 501 529 usquc
530 452 568 512 ad
596 451 683 512 linem
703 453 864 530 Evangelii.
904 453 1013 512 Fuerat
1040 454 1116 513 enim
1135 452 1211 512 idem

175 541 334 603 monachus
363 542 402 600 ibi
430 539 552 618 hospes,
584 545 614 598 et
641 546 701 599 tam
729 540 824 600 bonae
851 542 929 599 vitae
957 545 991 600 ut
1018 545 1099 599 tenta
1119 541 1211 617 gratia

176 627 278 706 dignus
311 628 474 687 haberetur.
516 625 659 686 Processu
686 630 823 703 temporis
845 644 911 686 curn
931 625 1023 687 iactus
1044 626 1145 686 fuisset
1165 643 1213 686 sa·

176 714 295 789 cardos,
330 713 444 774 cuidam
481 713 623 774 monacho
657 731 693 774 ex
724 714 858 774 fratribus
890 715 951 776 eius
982 713 1118 776 sacerdos
1149 715 1215 789 qui-

176 801 244 862 dam
279 800 432 862 saecularis
468 799 597 861 dicebatr
636 801 699 878 Ego
734 801 896 876 frequenter
931 799 1015 862 vidae
1051 800 1216 860 columbam

111 959 114 969 .
177 905 263 964 super
290 894 377 964 caput
404 886 478 946 illius
510 886 659 962 monaehi,
695 887 810 962 quando
843 890 944 947 missas
972 885 1107 947 celebrat.
1151 886 1216 946 Non

175 983 272 1034 tamen
304 980 374 1050 puto
408 991 474 1034 eum
505 973 659 1050 aliquando
692 976 796 1034 missae
829 976 890 1034 eius
920 973 1080 1034 interfuisse
1112 989 1217 1051 corpo·
1295 1049 1296 1052 Ἴ

174 1079 221 1137 rc,
253 1060 305 1122 sed
336 1061 444 1137 spiritu.
497 1059 550 1120 Est
582 1063 658 1119 enim
689 1061 734 1120 vir
765 1059 929 1138 religiosus,
964 1060 1070 1120 multas
1102 1059 1218 1121 babens
1295 1057 1296 1070 ¹

174 1147 363 1209 revelationes
392 1165 410 1207 a
437 1147 511 1206 Dec.
554 1145 758 1207 NOVICIUS:
793 1147 870 1223 Quid
899 1145 1078 1206 sentiendum
1106 1153 1152 1207 est
1181 1146 1217 1206 de

177 1234 341 1295 huiusmodi
355 1233 516 1294 columbis?
548 1232 785 1294 MONAOHUS:
806 1234 853 1295 De
867 1234 923 1293 bac
937 1236 1104 1310 quaestione
1122 1251 1217 1310 quan·

177 1329 239 1382 tum
260 1323 340 1399 potui
355 1321 486 1398 expedivi
507 1326 536 1379 te
558 1320 784 1381 indistinctione
806 1320 933 1382 secunda
955 1319 1079 1397 capitulo
1101 1323 1218 1397 quinto,

176 1407 298 1486 loquens
328 1407 364 1468 de
386 1407 534 1468 sacerdote
555 1407 705 1467 fornicario
716 1403 754 1488 ²),
783 1410 830 1468 cui
850 1406 985 1467 columba
1006 1413 1220 1467 sacramentum

171 1495 274 1572 ,alaris
302 1494 381 1569 tulit,
410 1499 525 1571 etpost
546 1497 750 1570 poenitentiam
780 1496 912 1554 restituit.
954 1493 1074 1570 Signum
1097 1499 1141 1553 est
1162 1493 1219 1554 ad·
1295 1567 1296 1574 ἵ

179 1588 283 1642 ventus
314 1581 434 1657 Spiritus
467 1583 557 1640 saneti
591 1580 733 1641 columba.
784 1581 816 1641 Si
846 1580 917 1640 nihil
943 1580 1043 1640 fuisset
1072 1579 1160 1640 divini
1189 1582 1218 1639 in
1295 1631 1296 1652 ,

177 1668 332 1745 praedictis
360 1667 514 1743 columbis,
547 1669 632 1727 etiam
661 1667 710 1738 alii
742 1685 791 1728 aas
820 1667 965 1726 vidissent.
1013 1665 1218 1728 NOVICIUS:

178 1754 244 1815 Hoc
266 1756 335 1816 satis
357 1754 491 1814 credibile
513 1760 565 1814 cst.
606 1753 842 1815 MONAUHUS:
865 1753 951 1832 Quod
976 1760 1072 1814 autem
1094 1751 1218 1830 Spiritus

180 1847 295 1902 sanctus
324 1843 410 1902 etiam
437 1844 467 1900 in
494 1841 560 1918 igne
581 1843 772 1917 praesentiam
792 1859 875 1901 suam
897 1841 1069 1918 quandoque
1096 1841 1221 1901 manife-

179 1934 235 1989 stet
243 1925 280 2010 ⁸),
308 1928 407 1990 audies
435 1931 465 1988 in
493 1927 671 1988 distinctione
692 1945 769 1988 nona
790 1925 915 2004 capitulo
936 1930 1081 1988 tricesimo
1107 1935 1221 2003 quarto.

180 2013 254 2092 Quia
285 2018 343 2075 iam
374 2015 470 2094 plures
502 2017 626 2076 visiones
658 2016 711 2074 tibi
738 2015 822 2076 retuli
851 2013 886 2074 de
916 2014 1045 2089 Christo,
1077 2014 1220 2090 quasdam

180 2103 267 2162 etiam
295 2103 331 2162 de
351 2101 459 2181 Spiritu
487 2108 602 2177 sancto,
630 2120 719 2162 unam
746 2103 797 2162 tibi
825 2101 920 2162 adbuc
943 2101 1036 2164 dicam
1059 2100 1095 2160 de
1117 2109 1220 2163 sancta

181 2188 329 2250 Trinitate.

471 2343 704 2406 carrnunuu
731 2340 925 2424 xxxrxn)

177 2507 184 2540 ,
213 2468 261 2529 De
281 2467 501 2529 sanctimoniali
521 2470 569 2528 cui
590 2468 757 2527 mentaliter
782 2474 929 2528 osoensum
951 2473 993 2528 cst
1013 2483 1187 2529 annumero·

501 2560 566 2614 turn
590 2561 711 2614 sunctae
735 2554 898 2614 Trinitatis.

244 2675 311 2737 Nou
340 2681 384 2737 est
405 2673 455 2736 diu
476 2674 554 2753 qood
576 2675 719 2751 quaedam
741 2673 964 2736 sanctimonialis
987 2673 1092 2734 ordiris
1113 2677 1221 2748 nostri,

181 2762 251 2824 dnm
277 2765 307 2822 in
334 2763 461 2840 quadam
488 2764 535 2824 die
556 2761 710 2823 Dominica
730 2762 769 2822 ad
789 2765 1035 2838 primamstarot,
1062 2767 1093 2822 et
1113 2761 1220 2824 chorus

110 2869 115 2891 .
179 2849 314 2928 psalleret
334 2850 420 2912 fidem
433 2848 594 2928 Athanasii,
614 2850 663 2909 illa
684 2849 721 2910 de
741 2850 877 2926 mysterio
899 2844 1058 2928 summae⁴)
1072 2847 1219 2908 Trinitatis

181 2939 326 3016 cogitans,
357 2943 452 2998 mente
482 2937 612 2998 excessit.
653 2936 689 2996 In
710 2953 768 3012 quo
791 2953 910 2996 excessu
930 2941 1012 2994 tanta
1033 2938 1060 2995 ei
1081 2941 1148 2994 sunt
1169 2952 1218 2995 re-

180 3024 277 3084 velata
298 3023 334 3084 de
355 3024 404 3084 illa
425 3041 538 3084 summa
560 3029 589 3083 et
610 3027 726 3085 aeterna
746 3023 900 3097 Trinitate,
928 3028 961 3082 ut
989 3038 1041 3082 suo
1063 3021 1217 3083 consessori

180 3111 238 3186 illa,
259 3113 320 3172 slve
340 3109 459 3171 modum
481 3109 609 3172 eiusdem
629 3111 746 3170 visionis
760 3109 902 3186 explicare
923 3126 981 3170 non
1002 3114 1109 3184 posset.
1139 3109 1218 3170 Ecce

181 3199 223 3259 sic
252 3200 366 3274 copiose
387 3197 531 3257 Dominus
559 3199 663 3258 visioni
689 3202 803 3258 nostrae
831 3195 1042 3258 condescendit
1084 3195 1151 3272 Ipse
1173 3201 1218 3256 est

181 3301 269 3361 quem
288 3284 383 3344 Jacob
412 3286 442 3343 in
473 3286 579 3343 somnis
606 3283 677 3343 vidit
704 3286 832 3343 innixum
861 3283 964 3343 scalae.
1013 3281 1119 3360 Angeli
1145 3299 1216 3344 vero

181 3370 369 3432 ascendentes
390 3373 451 3431 sive
473 3368 693 3446 descendentes,
725 3377 791 3430 sunt
812 3373 898 3430 ceteri
919 3373 952 3428 nt
973 3367 1081 3429 dictum
1102 3373 1145 3429 est
1165 3385 1217 3430 or·

182 3457 262 3518 dines
291 3456 396 3517 civium
425 3457 606 3533 coelestium,
635 3456 839 3518 descendentes
867 3455 951 3516 nobis
979 3456 1157 3532 apparendo,
1187 3459 1217 3515 ct

182 3543 369 3606 ascendentes
390 3562 421 3606 se
439 3547 545 3605 nostris
566 3546 677 3605 risibus
698 3543 891 3604 subtrahendo
901 3540 931 3624 ⁵).
973 3543 1034 3620 Ipsi
1054 3544 1129 3603 enim
1148 3547 1217 3603 sunt

201 3677 233 3748 1)
250 3676 317 3731 ano
341 3683 368 3730 et
388 3677 451 3748 prO
473 3677 637 3732 residens.
656 3707 686 3719 -
706 3679 740 3747 2)
757 3677 822 3731 Abu
846 3677 1058 3730 fornicatore.
1083 3675 1153 3732 cont
1170 3673 1215 3738 IX,

252 3747 294 3802 53.
313 3775 344 3788 ·-
363 3749 395 3817 3)
412 3748 454 3802 nr
470 3748 669 3800 menilcstat.
688 3779 719 3790 -
744 3749 776 3816 i)
793 3747 884 3803 llornil.
907 3747 947 3801 lll.
966 3761 992 3815 p.
1011 3747 1052 3800 10.
1071 3769 1104 3799 e·
1121 3747 1152 3814 4)
1172 3743 1215 3797 BG

252 3825 392 3870 sanctae.
413 3847 443 3860 ·-
463 3819 495 3886 5)
514 3818 604 3872 Gener.
622 3819 665 3882 28,
683 3818 724 3874 12.
744 3818 784 3872 13.
