2628 4310
208 255 273 316 284
493 252 724 316 lamentatio*
746 251 957 317 UNDEOIMA

209 375 325 436 exeatis.
367 372 417 434 Ad
445 375 524 451 quod
545 377 667 437 verbnm
695 393 763 438 mox
784 379 837 438 viri
859 376 1040 454 egredientes
1066 381 1096 437 et
1114 374 1229 436 vultures

136 510 140 522 .
210 459 369 536 avolantes,
390 477 532 537 nusquam
547 471 776 540 comparuerunt
817 463 1050 524 Jaoebatautem
1070 462 1145 523 idem
1157 460 1229 521 tudo

209 547 339 608 infirmus
359 547 485 608 inlecto
514 553 663 626 opposito,
689 553 734 610 vir
759 567 848 611 senex
877 557 907 610 et
933 549 1097 627 retgiosus,
1123 564 1231 626 torpore

208 636 299 711 virgo.
341 633 423 694 Visio
444 635 517 696 haee
539 639 613 696 sieut
634 643 663 698 et
684 638 861 714 subsequens
882 635 974 698 relata
994 637 1063 696 mihi
1084 642 1129 697 eet
1148 653 1167 696 a
1185 635 1231 694 do·

208 723 287 781 mino
307 719 474 781 Hermanno
495 721 621 800 Abbate,
641 729 709 784 tune
730 724 836 784 ibidem
856 723 964 784 Priore.
1006 723 1153 800 Quantum
1172 737 1232 782 vero

210 809 427 885 agonizantibus
447 809 564 870 fratnrm
585 813 779 886 praesentium
801 813 891 871 oratio
911 812 1002 886 prosit
1012 806 1046 889 ¹),
1074 809 1176 871 eadem
1194 810 1233 867 vi·

83 931 85 938 ›
161 917 172 938 ι
208 895 288 956 sione
309 894 506 956 declarabitur.
829 913 833 920 ’

459 1102 463 1114 ·
555 1085 789 1148 unumunurn
808 1048 894 1147 xm.

209 1208 259 1268 De
278 1215 374 1269 morte
390 1211 521 1284 emoverat
540 1226 629 1284 super
650 1227 737 1285 quem
757 1208 925 1268 radebant
946 1211 1028 1269 eoooa'
1048 1227 1117 1269 oum
1140 1210 1234 1284 agero*-

427 1301 517 1369 auret,
540 1298 593 1372 qut
613 1313 634 1353 α
656 1294 794 1355 columbo
815 1295 930 1372 copulat
949 1303 1033 1356 auat.

275 1411 359 1475 Circa
378 1413 454 1475 idem
483 1421 599 1492 tempus
624 1415 698 1475 alius
724 1414 841 1492 quidam
871 1431 1026 1476 conversus
1052 1415 1110 1476 illie
1141 1415 1237 1474 morie·

210 1501 310 1577 baurr,
337 1500 425 1562 homo
450 1501 565 1578 quidem
592 1503 769 1578 ponderosus
801 1509 830 1562 et
857 1501 969 1578 medus,
997 1507 1027 1562 et
1052 1501 1119 1562 ideo
1148 1501 1237 1562 ueteris

211 1587 371 1664 despectus.
415 1585 471 1665 Qui
492 1605 558 1650 eum
579 1591 689 1665 positus
717 1589 817 1649 luisset
844 1607 931 1665 super
958 1595 1094 1664 mattam,
1127 1587 1237 1662 finisque

211 1676 273 1735 eius
293 1674 415 1750 adesset,
436 1673 493 1735 duo
512 1677 590 1735 corvi
612 1676 781 1736 advolantes
800 1677 954 1752 inopinate,
974 1681 1154 1752 gyraverunt
1174 1676 1238 1734 eiua

210 1761 299 1839 illum,
319 1761 436 1822 tandem
456 1765 487 1821 in
508 1762 589 1822 nabe
608 1778 683 1837 quae
705 1763 791 1838 eapti
813 1764 873 1822 eius
893 1763 1061 1822 imminebat
1081 1761 1238 1822 residentes

212 1847 294 1925 Quos
319 1853 352 1907 ut
377 1848 449 1907 vidit
477 1848 564 1909 frater
591 1847 734 1908 Henrious
763 1851 843 1909 euius
874 1865 962 1924 saepe
993 1850 1023 1906 in
1051 1847 1238 1924 superioribus
1282 1881 1283 1930 3

211 1935 317 1995 mentio
338 1934 416 1994 faeta
437 1940 488 2011 est,
510 1935 664 1994 daemones
685 1934 749 1995 illos
772 1952 835 1996 esse
857 1937 1021 2011 suspicans,
1043 1934 1182 2010 quidnam
1202 1933 1238 1992 la·

212 2023 285 2081 etuti
306 2026 402 2082 essent
416 2023 603 2098 exspectavit.
632 2021 751 2082 Interim
770 2021 884 2098 pulsata
897 2027 940 2082 est
953 2019 1060 2107 tabula,
1082 2027 1111 2081 et
1127 2019 1240 2082 accurrit

212 2112 379 2168 conventus.
422 2106 552 2184 Cumque
574 2125 644 2167 euax
663 2109 869 2184 inmutaretur,
897 2107 1031 2168 columba
1058 2109 1148 2169 nivea
1171 2107 1239 2166 illan

210 2193 401 2272 praecedens,
434 2196 538 2253 ostium
559 2193 725 2256 infirmitorii
752 2197 830 2272 prior
856 2197 987 2270 intravit,
1020 2199 1049 2253 et
1077 2196 1239 2271 superium

211 2281 317 2341 dictam
338 2281 448 2341 trabem
469 2280 607 2355 volitans,
634 2282 708 2340 inter
735 2279 851 2340 eosdem
882 2298 984 2340 corvos
1011 2279 1106 2340 media
1136 2280 1240 2342 resedit

212 2367 342 2444 Cumque
364 2385 430 2428 oum
450 2365 506 2426 illie
527 2365 700 2442 decertaret,
727 2366 887 2427 hincinde
915 2367 969 2426 alis
998 2382 1048 2426 eos
1074 2367 1239 2438 verberans,

210 2453 326 2514 tandem
347 2453 452 2531 adepta
473 2455 608 2529 victoria,
638 2454 724 2513 etde
746 2453 831 2513 domo
854 2452 1017 2528 eliminatis,
1044 2453 1108 2528 ipsa
1131 2455 1163 2513 in
1183 2453 1239 2514 loeo

212 2557 361 2601 corvorum
382 2541 492 2601 tamdiu
514 2533 575 2600 erat
595 2539 736 2615 residens,
763 2539 854 2600 donee
879 2555 1033 2603 conversus
1055 2543 1239 2616 exspirasset,

211 2632 242 2687 et
262 2625 354 2687 donee
374 2625 450 2686 lotus
465 2633 494 2688 et
514 2627 616 2687 feretro
629 2629 788 2702 impositus,
809 2623 939 2707 eodem²)
961 2626 1025 2685 loeo
1039 2627 1189 2687 restitutus
1201 2625 1240 2685 in·

210 2715 288 2774 isset
331 2713 424 2791 Quem
446 2730 511 2773 eum
532 2716 562 2771 in
584 2716 739 2773 oratorium
758 2713 859 2772 trabes
888 2713 1083 2789 deportarent,
1113 2713 1240 2774 columba

211 2799 313 2861 eadem
341 2800 459 2860 evolans
487 2816 601 2860 erucem
629 2798 839 2876 praecedebam
864 2802 962 2874 sieque
990 2815 1137 2874 nusquam
1167 2816 1240 2860 uom-

209 2887 314 2964 paruit
354 2884 557 2947 NOVICIUS:
588 2886 664 2962 Quid
689 2885 804 2946 videtur
831 2887 882 2946 tibi
907 2886 994 2946 fuisse
1016 2885 1155 2947 columba
1175 2881 1240 2945 illei

209 2969 445 3050 molitionum
471 2972 614 3050 Angelioa
637 2972 735 3048 aliqua
755 2967 921 3053 persona³),
943 2989 1017 3048 quae
1037 2973 1159 3032 frenum
1181 2988 1239 3032 ora·

209 3061 336 3121 tionibus
356 3059 468 3135 adiuta,
496 3077 549 3136 pro
578 3061 674 3119 anima
694 3061 842 3119 morientis
864 3075 929 3118 eum
951 3058 1140 3120 daemonibus
1163 3059 1240 3119 dimi·

211 3149 297 3223 eavit,
319 3153 405 3223 atque
426 3145 634 3222 triumphavit„
663 3139 823 3226 Quantus⁴)
845 3143 901 3205 illio
922 3147 959 3204 sit
979 3145 1154 3206 daemmum
1176 3162 1240 3206 eon·

211 3249 326 3308 cursus,
352 3233 402 3293 ubi
428 3233 458 3292 hi
486 3235 645 3294 moriuntur
673 3233 722 3308 qui
743 3233 784 3291 eis
805 3234 978 3308 servierunt,
1005 3249 1099 3293 sermo
1122 3247 1241 3310 sequen

211 3315 381 3400 ostendet‘).

229 3679 261 3750 1)
278 3677 344 3733 aas
360 3680 471 3747 prosit
486 3677 725 3748 oratio.·-2)B
743 3675 853 3731 eidem.
866 3706 897 3717 -
909 3677 942 3746 3)
954 3676 1042 3732 aas?
1060 3677 1238 3748 angelicam

279 3749 623 3871 :laitfflintpmom
648 3779 680 3790 -
704 3747 738 3818 4]
760 3746 891 3804 acuns?
914 3755 1081 3818 quantum,
1101 3777 1134 3790 -
1150 3747 1185 3817 5)
1202 3743 1239 3800 BP
