2538 4314
169 245 211 306 80
461 241 689 304 DISTINO'I'IO
706 241 892 305 SECUNDA

171 367 366 440 exfestucavit,
387 363 501 426 dabolo
522 363 680 424 hominium
695 363 711 446 ¹)
732 365 848 426 iaciens.
889 361 1076 424 Hocsoelere
1096 379 1204 441 perpe·

170 460 261 528 trato,
283 451 414 512 diabolus
435 451 554 512 adiecitr
574 450 684 512 Adhuc
703 469 775 528 opus
795 451 991 528 imperfectum
1012 457 1064 512 est
1108 451 1204 511 Etiam

170 541 380 600 abrenunciare
397 538 483 598 debet
503 540 587 598 matri
606 537 760 615 Altissimi3
780 539 829 598 illa
850 545 895 598 est
915 540 991 598 euim
1012 554 1088 613 quae
1109 540 1205 598 maxi-

170 643 251 688 mum
278 626 361 686 uobis
392 625 476 686 infert
495 625 640 686 damnum
684 625 764 702 Quos
791 626 866 686 lilius
897 643 949 701 per
968 627 1108 684 iustitiam
1128 626 1204 685 abii-

171 709 241 793 oit²),
261 719 360 788 mater,
382 715 451 790 qnia
461 714 545 772 nimis
565 713 724 773 miserIoors
736 718 787 786 est,
808 711 847 772 ad
856 711 1062 789 indulgentiam
1083 712 1205 774 reducit.

170 799 303 862 Sibilavit
321 802 425 860 iterum
445 816 562 877 serpens
582 801 612 858 in
633 817 702 860 arne
723 798 931 875 adolescentis,
958 805 991 858 ut
1012 797 1129 859 domiuo
1151 815 1204 859 suo

170 889 199 946 in
220 887 277 948 hoc
298 886 436 961 obediret,
456 893 490 946 ut
502 888 577 946 sicut
596 885 694 961 filiurn,
715 889 756 945 ita
773 889 859 945 etiarn
877 892 910 946 et
930 892 1051 946 matrem
1071 887 1204 963 abnega-

169 981 222 1034 ret.
272 972 322 1032 Ad
349 973 428 1048 quod
458 974 579 1033 verbum
606 974 717 1034 iuvenis
745 975 828 1032 nimis
857 975 987 1048 expavit,
1013 973 1205 1049 turbatusque

54 1082 60 1096 *
169 1059 392 1137 supramodum,
409 1059 567 1137 respoudit:
588 1058 654 1120 Hoc
664 1077 811 1135 nunquam
823 1059 935 1119 faciam.
964 1059 1081 1136 Quare?
1103 1062 1204 1135 inquit

168 1147 289 1208 Fecistis
298 1147 377 1224 quod
386 1150 480 1207 maius
492 1153 543 1221 est,
562 1145 647 1206 facite
659 1164 737 1206 nuno
751 1146 828 1222 quod
840 1148 934 1206 minus
945 1152 997 1206 est
1024 1146 1120 1208 Maior
1131 1152 1174 1206 est
1182 1143 1203 1226 ³)

170 1242 288 1309 creator,
307 1252 394 1307 quam
404 1240 541 1294 areauna
572 1232 683 1292 Etillc:
704 1233 858 1310 Nunquam
871 1234 1072 1310 camnegabo,
1093 1235 1204 1294 etiamsi

169 1339 216 1384 me
238 1322 394 1397 oportuerit
413 1322 538 1380 ostiatim
558 1319 720 1380 mendicare
740 1337 792 1396 per
812 1337 911 1380 omnes
933 1319 993 1380 dies
1014 1323 1092 1380 vitae
1113 1337 1204 1380 meae.

170 1409 208 1468 Et
227 1426 286 1468 non
307 1409 459 1482 acquievit
501 1405 606 1481 Sioque
626 1407 731 1467 iniecto
752 1409 876 1485 negotio,
896 1407 982 1468 ambo
1003 1409 1113 1468 reversi
1129 1413 1204 1482 suut,

169 1495 240 1556 nihil
261 1494 376 1571 quidem
402 1494 518 1552 honoris
540 1497 698 1569 consecuti,
726 1493 779 1554 sed
799 1497 923 1554 maximo
944 1496 1057 1569 peccati
1076 1496 1204 1570 pondere

169 1584 296 1660 gravati,
323 1580 435 1642 villicus
456 1578 621 1655 suadendo,
652 1583 763 1640 invenis
791 1579 1003 1640 consentiendo
1045 1581 1203 1658 Pergentes

170 1685 239 1728 vero
267 1666 353 1728 simul
371 1673 521 1748 ,venenmt
548 1667 586 1726 ad
607 1667 753 1744 quandam
780 1667 946 1742 ecclesiam,
977 1669 1059 1728 cuius
1087 1670 1203 1728 ianuam

134 1817 136 1826 ,
170 1758 369 1831 campanarius
390 1757 487 1814 exiens
507 1753 660 1830 reliquerat
680 1754 886 1814 semiclausam.
928 1753 1000 1816 Mox
1016 1757 1131 1815 iuvenis
1151 1753 1203 1816 de·

170 1841 267 1902 silicus
288 1841 325 1902 dc
346 1858 437 1919 equo,
466 1843 606 1902 commisit
632 1858 699 1902 eum
719 1841 823 1917 villico,
844 1841 967 1903 diceuss·
984 1841 1131 1918 Exspecta
1156 1857 1202 1901 mc

170 1929 230 2004 hic,
259 1928 351 1989 donec
368 1934 496 1988 revertar
516 1927 555 1987 ad
575 1933 630 2004 te.x
655 1929 695 1987 Et
720 1931 828 1988 intrans
848 1927 1000 1989 ecclesiam
1020 1935 1089 1990 anto
1110 1934 1202 1988 ortum

170 2032 304 2092 aurorae,
325 2017 479 2091 prostravit
499 2032 531 2074 se
552 2021 619 2075 ante
640 2015 744 2090 altare,
777 2022 806 2076 et
826 2033 863 2074 cx
881 2017 981 2075 intimo
1004 2015 1091 2078 corde
1111 2018 1201 2092 ipsam

170 2110 292 2164 matrem
311 2101 521 2174 misericordiae
534 2103 629 2178 coepit
644 2104 787 2164 invocare.
827 2101 899 2163 Erat
912 2108 1009 2162 autem
1020 2120 1108 2179 super
1126 2101 1202 2162 idem

171 2191 262 2252 altaro
275 2191 371 2266 imago
391 2192 481 2264 ipsius
493 2191 610 2268 viginis
631 2194 661 2249 et
680 2191 779 2248 matris
789 2185 821 2268 ⁸),
842 2205 964 2264 puerum
976 2188 1080 2250 Jcsum
1101 2193 1130 2250 in
1141 2189 1202 2248 sinu

172 2285 281 2338 tenens.
322 2275 362 2334 Et
381 2293 462 2351 ecce,
490 2278 597 2336 meritis
618 2277 708 2352 ipsius
725 2276 968 2351 praeclarissimae
989 2275 1089 2338 stellae
1111 2277 1203 2348 maris,

171 2381 257 2422 veros
269 2362 369 2422 lucifer
382 2365 448 2422 oriri
461 2365 555 2438 coepit
574 2364 604 2420 in
626 2361 712 2422 corde
724 2362 881 2438 saepedicti
894 2362 1093 2424 adolescentis.
1124 2363 1202 2422 Tan·

172 2457 232 2520 tem
253 2449 280 2508 ei
300 2448 443 2508 Dominus
463 2455 579 2524 propter
599 2448 736 2510 honorem
757 2452 869 2524 matris,
890 2467 977 2525 quam
997 2467 1056 2510 non
1076 2465 1201 2528 negave-

171 2543 229 2612 rat,
256 2538 454 2596 contritionem
475 2535 582 2596 donare
595 2533 615 2616 ⁵)
638 2535 772 2613 dignatus
793 2543 845 2610 est,
866 2544 900 2595 ut
919 2553 970 2612 pro
992 2537 1062 2598 fletu
1083 2537 1201 2613 rugiret,

172 2631 202 2684 et
221 2640 274 2699 pro
296 2622 412 2698 planctu
433 2624 527 2682 nimiis
547 2621 720 2682 clamoribus
752 2623 902 2684 ecclesiam
922 2623 1051 2699 repleret.
1093 2621 1200 2684 Eadem

171 2709 244 2771 hora
264 2709 444 2786 supradictus
464 2709 554 2784 miles,
576 2711 624 2786 qui
646 2711 743 2770 omnia
762 2712 824 2770 eins
844 2711 922 2771 bona
942 2710 1077 2786 habebat,
1098 2710 1200 2782 divino,

172 2804 207 2856 ut
227 2796 357 2872 crodimr,
377 2803 449 2856 nutu
470 2795 508 2856 ad
530 2795 651 2856 eandem
672 2796 823 2858 ecclesiam
845 2798 966 2872 divertit,
987 2804 1016 2858 et
1037 2815 1104 2858 curn
1119 2795 1198 2857 ride-

172 2889 217 2944 ret
236 2889 373 2959 apertam,
393 2889 498 2959 putans
518 2884 559 2943 ibi
580 2882 678 2943 divina
695 2883 840 2959 celebrari,
861 2886 984 2944 maxime
1004 2891 1121 2961 propter
1140 2881 1198 2942 cla·

172 2987 266 3030 mores
286 2967 495 3051 muinmoosl),
516 2970 595 3030 solus
615 2973 739 3030 mnevit.
770 2971 980 3047 Inveniensque
1002 2988 1099 3032 coram
1119 2969 1197 3030 altari

171 3058 305 3118 iuvenem
326 3045 380 3118 sibi
400 3058 474 3116 benc
487 3063 587 3116 notum
607 3057 818 3133 lacrimantem,
847 3065 876 3118 et
906 3065 1011 3134 putans
1031 3061 1099 3134 quia
1119 3070 1198 3117 suam

172 3143 351 3204 solummodo
378 3142 496 3203 dederet
523 3145 730 3220 calamitatem,
757 3151 832 3204 retro
861 3145 1006 3220 quandam
1039 3145 1196 3206 columnam

171 3229 290 3290 latenter
311 3233 443 3306 secessit,
471 3232 513 3290 roi
534 3233 641 3290 exitum
670 3237 848 3307 exspectans.
892 3231 1022 3309 Cumque
1049 3228 1196 3294 terribilem

169 3315 249 3376 illam
276 3321 471 3393 maiestatem,
500 3335 587 3393 quam
607 3324 779 3394 negaverat,
807 3321 967 3395 nominare,
995 3319 1043 3378 vel
1067 3322 1195 3378 invocare

169 3420 229 3464 non
238 3404 365 3480 auderet,
385 3403 436 3464 sed
454 3411 565 3464 minum
593 3407 750 3481 piissimam
778 3407 839 3464 cius
852 3409 1024 3482 'genitricem
1044 3401 1194 3466 lacrimosis

170 3491 290 3552 vocibus
310 3491 449 3567 pulsaret,
470 3498 592 3568 utroque
613 3491 759 3567 audiente,
780 3509 832 3568 per
852 3508 886 3553 os
905 3494 1036 3570 imaginis
1055 3507 1124 3552 suae
1144 3490 1194 3548 be·

186 3677 216 3746 η
234 3675 256 3798 Β
272 3675 640 3814 EidmilciililileP'jipdili
650 3677 842 3802 addititii:
855 3671 1191 3818 θῶῗὲᾱῗιιθίᾞῒεοῖυὲ),

230 3815 468 3870 Cintrinaeeus
486 3815 622 3874 auditas,
