2642 4330
150 287 213 350 soa
463 285 690 351 nanneno
714 286 865 368 oumrn

149 408 243 470 decim
269 425 360 485 panes
380 409 454 488 Regi
473 411 665 487 Francorum,
696 410 807 486 idest,
836 410 955 470 scientia
982 409 1189 485 seripturarum

149 501 179 556 et
205 501 342 572 potestas.
369 496 438 557 sHis
458 497 577 573 auditis,
602 499 738 574 magister
757 495 927 573 Rudolphus
947 498 1139 573 interrogavit,
1161 497 1190 555 si

149 583 261 658 aliquos
282 582 401 642 haberet
421 587 530 659 socios,
562 586 666 660 quibus
693 586 749 643 ista
776 585 895 643 fuissem
915 583 1050 642 revelata
1093 581 1147 641 (hd
1163 578 1189 662 ¹)

149 686 216 730 cum
235 669 439 746 respondisset,
460 671 554 730 habeo
576 671 694 746 multos,
718 670 896 746 supradictos
916 671 993 729 viros
1019 670 1182 743 nominans,

147 755 327 834 perpendens
347 759 391 815 vir
411 757 536 833 prudens
562 759 712 816 imminens
732 755 891 832 perieulum
911 755 1073 830 Ecclesiae,
1103 762 1132 816 et
1152 771 1189 816 se

149 842 243 902 solum
264 842 303 902 ad
322 843 550 922 investigandam
561 840 583 924 ²)
605 861 704 903 eormn
725 845 897 918 nequitiam,
929 859 1036 919 eosque
1064 843 1188 901 convin-

149 928 256 990 cendos
283 946 342 990 non
367 947 453 1006 posse
474 930 618 1004 sufficere,
650 947 686 989 ex
708 929 832 1004 quadam
853 929 1033 988 simulatione
1054 927 1189 1004 dicebat,

148 1017 204 1076 sibi
229 1033 292 1076 esse
319 1017 478 1076 revelatum
504 1034 523 1075 a
544 1016 651 1092 Spiritu
678 1023 778 1076 saneto
806 1015 842 1076 de
869 1015 995 1092 quodam
1020 1014 1186 1090 secerdote,

149 1104 199 1179 qui
219 1120 285 1164 eum
307 1119 341 1162 eo
357 1103 524 1179 praedicere
546 1102 664 1163 deberet
684 1109 793 1162 sectam
819 1119 926 1162 eorum.
968 1101 1007 1160 Et
1027 1107 1060 1160 ut
1078 1101 1189 1161 lamam

148 1207 231 1249 snam
252 1195 379 1250 servaret
405 1189 549 1264 illaesam,
580 1191 727 1248 nunciavit
746 1190 820 1249 haee
841 1191 937 1249 omnia
958 1187 1067 1249 Abbati
1092 1189 1188 1248 saneti

148 1276 286 1351 Victoris,
308 1281 337 1336 et
357 1278 492 1353 magistro
513 1276 667 1352 Roberto,
679 1282 709 1335 et
728 1276 805 1336 hatti
826 1275 972 1350 Thomas,
993 1291 1060 1334 cum
1080 1275 1188 1350 quibus

149 1361 220 1422 adiit
238 1361 413 1438 Episcopum
434 1361 641 1438 Parisiensem5
671 1368 701 1421 et
727 1369 785 1422 tres
807 1365 959 1438 magistros
987 1362 1114 1438 legentes
1146 1359 1207 1446 de·

149 1447 303 1525 theologie,
329 1448 461 1508 videlicet
481 1448 632 1510 Decanum
653 1444 942 1528 Salebergiensem2),
962 1455 992 1508 et
1018 1449 1188 1524 magistrum

149 1534 308 1596 Eobertum
330 1533 366 1594 de
386 1532 531 1616 Kortui⁴),
554 1542 582 1595 et
603 1538 770 1612 magistrum
788 1534 974 1611 Stephanum,
996 1536 1091 1594 omnia
1112 1534 1212 1594 haee·

150 1623 191 1681 eis
210 1623 395 1680 insinuantes.
439 1621 494 1698 Qui
515 1623 603 1681 territi
624 1622 920 1696 valde,·iniunxerunt
937 1620 1103 1696 saepedicto
1119 1620 1188 1680 Ru-

150 1707 256 1784 dolpho
277 1710 306 1766 in
327 1710 521 1768 remissionem
540 1715 725 1784 peecatorum
746 1725 871 1784 suorum,
893 1715 922 1767 et
935 1706 1187 1783 alterisacerdoti,

38 1797 40 1806 '
149 1801 183 1854 ut
203 1812 235 1854 se
255 1794 396 1872 lingerent
422 1791 518 1875 esse‘)
540 1795 577 1855 de
604 1794 717 1854 illorum
745 1797 903 1871 consortio,
931 1794 1023 1854 donec
1051 1795 1188 1854 edendos

150 1884 278 1942 omniurn
297 1879 485 1957 audivissent,
514 1887 543 1942 et
563 1881 676 1957 plenius
704 1899 804 1942 omnes
826 1880 961 1941 artierdos
982 1879 1189 1941 incredulitatis

151 1985 251 2029 eorum
290 1969 493 2044 explorassent
557 1968 696 2045 Magister
733 1984 802 2027 vero
841 1967 1012 2043 Rudolphus
1047 1973 1077 2026 et
1114 1983 1187 2027 suus

150 2057 246 2114 socius
284 2054 417 2115 sacerdos
449 2057 486 2114 in
525 2057 707 2115 exsecutione
746 2054 830 2114 huius
868 2054 974 2114 laboris
1002 2071 1080 2128 ¹eum
1115 2053 1188 2130 ipsis

150 2141 300 2202 haereticis
339 2143 509 2202 circuierunt
542 2140 748 2217 Episcopatum
786 2140 983 2216 Parisiensem,
1021 2141 1189 2216 Lingonen-

149 2245 226 2304 sem,
254 2228 440 2303 Treoensem,
473 2234 503 2288 et
529 2226 815 2304 Arobiepisoopatum
851 2227 1046 2288 senonensem
1074 2230 1103 2285 in
1134 2227 1190 2285 tri-

149 2315 205 2374 bus
242 2316 403 2390 mensibus,
442 2320 472 2375 et
505 2332 593 2391 quam
626 2315 764 2390 plurimos
799 2313 835 2374 de
864 2331 963 2374 eorum
992 2319 1074 2374 secta
1103 2313 1190 2372 inve-

149 2407 261 2460 nerunt
303 2400 344 2460 Ut
363 2403 460 2476 itaque
481 2403 535 2477 ipsi
555 2399 691 2460 haeretici
714 2399 798 2477 plene
821 2400 856 2459 de
878 2403 942 2477 ipso
963 2403 1100 2478 magistro
1120 2399 1189 2458 Ru-

150 2486 257 2563 dolpho
289 2487 476 2563 confiderent,
508 2487 681 2564 quandoque
712 2487 794 2547 vultu
824 2487 936 2548 elevato
969 2503 1001 2546 se
1029 2488 1129 2563 spiritu
1155 2486 1191 2545 in

150 2573 263 2634 coelum
284 2580 399 2650 raptum
421 2573 588 2649 simulabat,
621 2580 650 2633 et
674 2580 778 2649 postea
805 2572 903 2649 aliqua
932 2590 1006 2650 quae
1029 2572 1191 2634 sevidisse

150 2659 277 2743 dicebat,
298 2659 555 2721 inconventiculis
576 2677 675 2720 eorum
696 2655 881 2740 narrabct⁶),
903 2666 932 2720 et
951 2659 1067 2736 pubhee
1088 2675 1192 2720 eorum

149 2746 236 2806 iidem
258 2746 294 2807 de
323 2746 368 2808 die
394 2749 425 2805 in
453 2746 529 2806 diem
549 2763 581 2807 se
602 2745 832 2822 praedicaturum
853 2745 1015 2823 spopondit
1057 2745 1191 2806 Tandem

148 2836 256 2894 reversi
286 2833 325 2893 ad
352 2833 543 2910 Episcopum,
574 2835 638 2892 visa
670 2839 700 2892 et
731 2833 828 2892 audita
861 2839 1072 2902 enamaverunt
1122 2831 1191 2908 Quo

137 2920 258 2997 autho,
277 2920 438 2997 Episcopus
459 2916 656 2999 praedictus')
677 2936 730 2996 per
750 2921 927 2995 provinciam
948 2936 1000 2994 pro
1028 2920 1069 2978 eis
1096 2920 1191 2996 misit,

150 3025 185 3068 eo
208 3006 286 3083 quod
306 3023 364 3066 non
386 3013 482 3067 essent
506 3009 537 3065 in
558 3008 688 3081 civitam,
710 3012 830 3082 excepto
852 3023 910 3066 uno
931 3005 1087 3065 Bernerdo.
1110 3003 1191 3081 'Qui

115 3139 119 3144 -
150 3111 216 3156 eum
238 3099 333 3155 essent
352 3096 382 3153 in
410 3093 539 3153 custodia
559 3092 707 3169 Episcopi,
737 3095 901 3170 congregati
928 3099 995 3151 sunt
1022 3091 1060 3151 ad
1088 3107 1191 3153 eorum

150 3183 387 3242 examinationem
415 3181 500 3239 vieini
522 3179 658 3254 Episcopi
679 3185 709 3238 et
728 3182 857 3256 magistri
877 3179 1018 3255 theologi3
1039 3181 1191 3255 proposita

148 3275 216 3327 sunt
237 3269 277 3328 eis
298 3265 463 3343 supradicta
480 3264 613 3341 capitula,
634 3283 709 3342 quae
724 3266 841 3341 quidam
863 3283 899 3325 ex
921 3268 961 3324 eis
982 3265 1191 3342 inpraesentia

149 3356 275 3414 omnium
296 3354 541 3430 protestabantur,
566 3351 682 3427 quidam
702 3369 771 3411 vero
794 3369 860 3412 oum
881 3352 988 3411 resilire
1008 3350 1129 3425 vellent,
1158 3359 1190 3412 et

148 3457 181 3501 se
203 3442 333 3502 convinci
353 3439 492 3513 viderent,
514 3455 580 3498 cum
601 3440 702 3498 ceteris
723 3440 839 3499 stabant
858 3441 888 3497 in
911 3438 1011 3499 eadem
1023 3438 1189 3514 pertinacia,

148 3544 202 3588 neo
223 3527 378 3604 negabant.
410 3525 504 3586 Tanta
515 3525 614 3585 audita
632 3527 827 3602 perversitate,
850 3525 966 3586 consilio
979 3525 1189 3601 Episcoporum

167 3643 199 3712 1)
216 3641 258 3696 ΑΡ
281 3642 344 3710 qui.
364 3671 395 3682 -
414 3642 446 3710 2)
464 3641 484 3693 Ρ
509 3640 785 3709 investigandum.
805 3671 836 3683 -
862 3640 931 3708 eJl’
954 3640 1188 3710 saleburgien-

218 3727 331 3765 sern-
352 3710 671 3780 4)Alloroui.—5)
690 3726 763 3764 esse
781 3726 822 3763 orn
840 3710 934 3764 BC.-
954 3709 985 3777 6)
1004 3709 1046 3764 ΒΟ
1063 3712 1093 3762 iu
1111 3725 1187 3763 cou-

217 3781 372 3836 ventibus
390 3795 497 3834 eorum
515 3779 701 3834 enarrabat.
720 3809 753 3820 ·-
777 3781 810 3850 7)
827 3779 869 3835 BE
891 3779 1090 3848 praedictus
1113 3779 1186 3850 Epi-

218 3865 348 3921 scopum
365 3866 422 3904 mox
439 3850 461 3905 D
479 3866 533 3921 per
551 3851 757 3921 provincias.
