2538 4314
401 294 460 360 Du
484 294 760 362 commotus.
1042 297 1101 358 105

85 421 170 497 muas,
189 437 300 499 omnes,
324 429 454 498 excepto
475 435 532 482 utro
554 426 679 499 seniore,
700 424 841 500 ingerunt.
884 422 923 483 Et
944 437 1012 483 ecce
1033 423 1102 482 toti·

85 507 135 568 den
152 509 238 586 angeli
258 514 355 570 sancti
379 516 481 570 contra
502 518 624 587 quotuor
645 510 800 570 daemones
828 528 847 569 a
874 516 956 588 parte
986 508 1103 572 dextera

84 612 107 654 se
124 593 289 656 ordinabant
334 597 468 673 Moxque
489 600 527 673 is,
549 601 597 674 qui
618 601 726 674 primus
746 600 820 656 inter
842 597 996 658 daemones
1017 596 1101 658 vide·

83 682 155 758 hatur,
173 687 200 742 in
220 684 292 743 illud
314 683 494 744 Davidioum
510 681 527 765 ¹)
549 687 654 760 erupit:
676 685 763 744 Dtctt
783 689 929 760 insipiens,
951 692 986 744 ut
1008 685 1102 744 delin-

82 777 140 846 prut
157 774 187 829 in
206 777 383 848 amudps05
404 787 468 830 nore
489 779 531 832 est
552 777 640 832 umor
653 773 713 832 Det
735 779 804 832 unte
826 774 926 832 oculos
948 773 1027 847 ciem
1046 771 1103 832 lroc

81 859 164 917 nicto
183 859 299 918 homine
322 859 476 935 impletum
504 866 555 918 est.
598 857 681 918 Alter
710 858 794 918 dixit:
825 861 976 937 Quoniam
1005 859 1104 918 dolone

81 947 125 1018 epit
141 948 170 1004 in
189 953 351 1022 conspectu
373 949 445 1019 etue
466 953 502 1006 ut
522 950 693 1006 inveniatur
713 948 855 1021 iniquitas
870 945 1104 1006 eiusadodium.

81 1029 120 1088 cni
137 1036 230 1092 tertius
252 1035 422 1094 subiunxit:
450 1032 546 1092 Verba
575 1037 636 1092 eius
664 1036 807 1108 iniquitat
829 1041 856 1094 ct
878 1034 980 1108 dolcu3
1007 1033 1104 1092 cnunc

79 1119 230 1195 occipere,
259 1129 298 1182 ut
322 1121 395 1180 bene
418 1127 525 1196 upcret.
569 1119 695 1197 Quartus
717 1120 803 1179 dixit:
823 1121 1019 1196 Iniquitatem
1039 1135 1103 1178 me

79 1205 170 1266 ditatas
191 1215 233 1267 est
252 1212 288 1268 ire
311 1207 403 1266 cubili
423 1224 494 1283 au05
515 1210 609 1268 oscitet
631 1211 713 1266 cunni
732 1210 800 1266 ciue
821 1209 936 1280 malac,
956 1207 1104 1266 mutilium

79 1299 160 1352 num
179 1313 241 1355 non
263 1295 369 1354 odivit
421 1295 503 1354 Tunc
531 1294 615 1354 simul
647 1296 747 1354 omnes
775 1293 922 1354 dixerunt:
964 1292 997 1353 Si
1022 1293 1104 1352 Deus

78 1380 151 1438 iustus
171 1387 230 1456 est,
263 1388 294 1440 ct
315 1381 410 1440 verba
431 1383 492 1440 eius
514 1398 599 1456 vera,
631 1380 719 1440 homo
747 1384 800 1440 iste
823 1387 929 1459 ¹nostor
951 1386 1009 1454 set,
1036 1382 1104 1456 quia

78 1470 185 1528 omnium
212 1469 319 1528 horum
356 1485 424 1528 reus
454 1473 506 1528 est.
557 1466 780 1546 Responderunt
807 1471 898 1528 saneti
931 1467 1039 1546 angeli:
1072 1466 1104 1528 Si

77 1559 159 1614 eontm
179 1573 246 1615 cum
269 1572 388 1616 carmen
407 1555 581 1615 Davidicum
602 1555 745 1631 profertis,
766 1555 920 1630 procedite.
962 1555 1105 1614 Dixerunt

77 1639 226 1702 daemones:
259 1643 324 1702 Ista
345 1643 431 1702 nobis
453 1641 595 1702 sufficiunt
617 1642 655 1703 ad
677 1644 738 1702 cius
746 1639 767 1721 ²)
791 1642 1011 1704 damnationem.
1054 1641 1104 1702 Ad

78 1728 141 1802 pot
159 1731 254 1807 angeli
275 1723 500 1806 responderent:
531 1727 577 1789 Ex
604 1746 671 1804 qnov
684 1746 738 1787 vos
759 1733 874 1805 tacetis,
905 1746 958 1789 nos
978 1731 1104 1805 incoepti

77 1814 166 1877 Psalmi
186 1818 303 1879 residua
324 1816 510 1893 proferemus.
552 1815 604 1878 Ait
624 1819 722 1891 itaque
742 1818 865 1891 primusr
893 1817 1038 1891 Domine,
1071 1818 1104 1874 to

77 1904 141 1962 cccc
159 1905 367 1964 ndefftcordta
390 1911 452 1975 tou,
475 1909 503 1962 ct
522 1906 631 1962 veritus
655 1911 710 1966 tuo
730 1921 824 1980 usque
846 1903 888 1962 ud
907 1903 1006 1964 nubes.
1051 1902 1105 1960 Cui

77 1991 202 2052 nemcns
224 1992 347 2052 ediscite
369 1990 497 2048 Justitiu
518 1997 573 2049 tuc
593 1994 669 2049 siem
689 1997 802 2050 montes
818 1991 895 2066 Dci,·
916 1990 1027 2048 iudica
1049 1997 1103 2050 tna

78 2075 182 2153 ulyssm
201 2081 311 2139 motta.
357 2077 471 2140 Tertius
491 2093 575 2139 vcro:
598 2077 742 2136 Horninee
764 2083 791 2136 ct
812 2081 946 2136 tumenta
966 2075 1104 2150 edoctu,

77 2163 203 2239 nonme,
231 2161 488 2244 quemcdmocnm
515 2165 719 2239 multopluustt
745 2164 976 2223 menendum
1007 2171 1105 2236 tuum,

76 2250 153 2312 Deru.
196 2252 331 2329 Cumque
356 2257 475 2326 quanm
496 2251 708 2313 subiunxissct:
736 2250 807 2310 Filii
829 2259 930 2310 autem
951 2251 1105 2334 contineant

77 2339 101 2395 tn
120 2343 240 2414 tcpminnc
263 2341 389 2399 alarum
411 2345 534 2396 tuarum
555 2337 738 2413 sperabunt5
758 2338 842 2396 simcd
862 2339 893 2396 in
914 2337 988 2399 hene
1002 2353 1105 2397 vocem

77 2433 229 2500 eruperunt:
266 2426 343 2506 Quia
364 2424 446 2488 Deus
467 2427 558 2483 iustus
580 2431 632 2498 est,
654 2430 684 2484 ct
705 2419 843 2499 scripture
864 2425 939 2485 solvi
958 2441 1016 2484 non
1037 2431 1106 2500 pot-

78 2517 129 2586 est,
148 2511 223 2575 filius
244 2513 293 2572 hic
315 2513 440 2576 hominis
461 2518 558 2572 noster
579 2518 637 2586 est,
659 2511 697 2570 ad
718 2511 875 2574 Dominum
898 2512 1039 2588 confugit,
1068 2511 1105 2571 ad

77 2595 221 2659 dominum
241 2601 313 2674 ibit,
337 2601 405 2679 quia
426 2598 480 2658 sub
501 2602 626 2674 tegmine
648 2599 760 2665 alarum
781 2598 855 2658 illins
877 2601 1011 2674 speravit.
1054 2599 1106 2656 ln-

79 2684 221 2748 ebriebitur
242 2688 281 2746 ab
303 2688 436 2746 ubertate
459 2684 560 2744 domus
582 2689 651 2760 eius,
674 2688 722 2761 qui
744 2703 776 2744 sc
797 2685 920 2748 lacrimis
933 2687 1107 2747 contritioni·

78 2771 230 2849 inebriavit3
253 2780 283 2832 et
304 2778 430 2848 torrente
450 2772 607 2848 voluptatis
630 2789 701 2834 suae
722 2774 834 2848 potabo
856 2791 936 2838 eum:
970 2775 1107 2848 quoniam

79 2859 144 2932 apud
164 2864 260 2936 ipsum
282 2867 328 2921 est
348 2861 412 2919 lons
433 2861 526 2936 vitoc3
559 2861 639 2923 etin
660 2860 766 2920 lumine
789 2863 850 2920 eins
871 2860 981 2920 videbit
1001 2861 1107 2922 lumen.

80 2943 119 3002 dd
143 2946 218 3012 hane
246 2964 352 3008 vocem
388 2946 575 3011 daemonibus
610 2947 735 3006 contusis
749 2983 751 2986 -
764 2954 793 3006 ct
826 2948 1107 3023 obmutescentibus,

81 3033 205 3094 coelestes
226 3037 325 3094 nuncii
346 3036 471 3099 animam
493 3034 606 3095 contriti
626 3037 785 3111 peccatoris
807 3034 954 3110 tollentes,
980 3035 1035 3095 illis
1056 3051 1106 3094 so-

82 3120 234 3197 ciaverunt,
268 3123 304 3182 de
333 3122 437 3197 quibus
458 3121 591 3180 Salvator
611 3123 641 3180 in
662 3121 820 3197 Evangelio
842 3122 923 3184 dicit:
954 3120 1106 3181 chdterm

83 3213 117 3264 ut
134 3211 165 3267 in
185 3210 264 3268 coelo
287 3209 400 3283 anoctis
421 3209 479 3268 Dei
507 3225 596 3282 snper
627 3225 690 3266 uno
717 3215 873 3283 peccatore
894 3213 1107 3288 poenitentium

84 3293 213 3370 upentc³).
256 3294 460 3356 NOVICIUS:
490 3294 567 3370 Qud
598 3295 720 3370 amplius
748 3295 854 3369 profuit
874 3295 941 3356 huic
963 3299 1108 3372 usurario,

85 3377 277 3463 eleemosynae,
299 3400 338 3448 an
361 3380 511 3444 contritio?
554 3379 789 3446 MONAoHUs:
818 3382 884 3443 Hoc
906 3400 1007 3444 secure
1028 3382 1109 3458 dico,

86 3469 143 3538 quia
162 3472 185 3527 si
206 3471 337 3535 contritio
361 3467 501 3544 defuisset,
522 3468 669 3533 modicum
689 3469 729 3530 illi
751 3469 934 3546 eleemosyna
948 3470 1109 3545 promissat.

86 3551 131 3611 Vis
159 3556 253 3616 ardue
288 3562 430 3633 quantum
461 3555 542 3620 Deus
574 3561 706 3636 acceptet
739 3555 935 3637 eleemosynas
964 3557 1109 3618 usurarii?

87 3635 273 3704 NOVICIUS:
296 3641 375 3702 Volo
398 3649 425 3700 et
445 3642 585 3704 desidero.

104 3807 130 3874 1]
144 3807 203 3865 Prel.
220 3811 262 3864 35.
283 3839 316 3849 -
336 3809 455 3876 2]lted
481 3829 587 3866 verurn
614 3813 700 3878 eius,
726 3773 748 3865 (l
769 3811 807 3863 ad
834 3813 903 3865 eius
930 3815 1053 3865 iustam.
1078 3840 1107 3854 -
1198 3839 1200 3844 ·

146 3878 176 3947 ἃ)
192 3879 249 3938 luc.
268 3881 314 3943 15,
332 3879 360 3928 7.

256 3991 258 3995 ,
797 3951 850 4027 5*
