2664 4308
167 299 207 358 rs
439 373 441 378 ¹
473 293 701 358 umrmomo
723 293 898 358 summu

167 421 299 480 Domini:
326 419 385 478 Iste
408 425 452 478 est
471 420 544 479 liber
563 407 842 496 praedestinationis,
865 420 1013 479 continens
1034 421 1130 479 omnia
1152 436 1208 479 no-

168 509 246 566 mina
274 505 441 580 electorum,
470 508 519 582 qui
547 506 584 565 ab
613 509 692 565 initio
722 507 821 564 mundi
848 522 940 582 usque
969 505 1007 565 ad
1035 506 1111 566 diem
1132 506 1210 566 hanc

168 595 229 654 nati
249 599 324 652 sunt
368 593 440 651 Cum
454 599 551 654 autem
564 591 663 652 solium
692 593 771 668 quod
788 609 913 652 vacuum
928 595 1029 667 cernis,
1049 594 1210 669 perlectum

169 680 266 753 luerit,
296 679 419 738 mundus
442 681 693 738 consummabitur.
736 680 774 739 ut
796 680 920 739 ostendit
941 682 967 738 ei
988 696 1093 739 nomen
1114 697 1211 738 suum.

170 766 255 844 Quod
278 783 343 826 cum
363 766 456 824 laetus
477 767 601 843 legisset,
624 766 742 825 adiecit:
767 767 921 840 Nunquam
944 765 1084 826 delebitur
1103 783 1212 826 nomen

135 911 137 916 .
170 861 252 912 tuum
284 852 320 912 de
354 851 426 912 libro
455 853 519 912 hoc.
571 853 630 912 Iste
659 859 703 912 est
730 853 801 913 liber
834 852 870 911 de
892 870 949 928 quo
972 853 1070 912 David
1091 853 1160 913 dicit
1179 855 1212 912 in

170 939 302 1000 Psalmo:
334 939 376 998 Et
403 943 434 998 in
459 939 534 998 libro
558 945 610 999 too
640 957 738 999 omnes
760 937 964 1017 senatore.
1006 939 1045 998 Et
1065 939 1212 1000 Dominus

170 1029 199 1086 in
231 1025 405 1102 Evangelio:
447 1026 580 1086 Gaudete
612 1033 640 1084 et
672 1027 815 1100 exultate,
853 1030 925 1102 quio
956 1031 1080 1086 nornbto
1111 1034 1214 1086 vestra

171 1118 281 1189 compta
309 1121 380 1172 sunt
407 1115 439 1170 in
468 1115 547 1174 coelo
556 1110 587 1189 ²).
631 1112 834 1173 NOVICIUS:
864 1112 895 1173 Si
921 1114 950 1171 in
979 1113 1028 1173 illo
1055 1113 1127 1174 libro
1157 1113 1215 1172 soli

172 1200 255 1261 electi
276 1200 452 1274 scribuntur,
486 1199 553 1274 quid
589 1206 631 1257 est
660 1199 738 1274 quod
759 1199 835 1258 idem
856 1199 1002 1274 Propheta
1022 1201 1060 1260 de
1080 1201 1214 1275 reprobis

173 1287 253 1346 dicit:
278 1288 445 1354 Delectatur
467 1287 503 1344 de
524 1285 599 1344 libro
621 1285 837 1364 viventium?
868 1286 1102 1347 MONAOHUS:
1124 1286 1214 1346 Psal-

172 1377 258 1434 mista
289 1373 337 1432 hic
375 1371 500 1447 loquitur
539 1373 697 1432 seeundum
729 1390 810 1448 spem
841 1373 967 1447 illorum,
1007 1377 1056 1450 qui
1088 1373 1124 1433 de
1157 1391 1214 1433 sua

173 1465 388 1537 praesumentes
410 1461 529 1534 iustitia,
556 1466 658 1535 putant
679 1477 710 1518 se
731 1461 771 1518 ibi
793 1477 855 1520 esse
877 1462 1006 1536 scriptos.
1050 1459 1135 1535 Quod
1156 1477 1215 1518 au-

174 1555 233 1607 tem
254 1546 349 1605 nullus
370 1547 556 1621 reproborum
585 1549 614 1603 in
643 1563 677 1605 eo
706 1547 858 1620 scribatur,
887 1563 955 1605 mox
977 1547 1112 1620 ostendit,
1146 1564 1216 1606 cum

175 1635 334 1710 subiungit:
373 1633 415 1692 Et
450 1651 518 1691 curn
557 1637 641 1692 iustis
679 1651 741 1692 non
779 1633 955 1693 scribantur.
1008 1631 1215 1694 NOVIOIUS:

174 1720 276 1779 Placet
303 1719 381 1795 quod
410 1715 494 1794 dicis3
524 1719 575 1779 sed
603 1737 673 1796 rogo
700 1725 733 1778 ut
761 1721 785 1778 si
813 1719 921 1797 aliquid
950 1720 1148 1800 adhucnosti
1177 1720 1216 1780 de

175 1807 232 1867 boc
252 1803 368 1887 beatoii
391 1808 466 1880 viro,
490 1806 584 1866 dicere
606 1807 674 1866 mihi
695 1824 752 1888 uop
775 1805 895 1888 differas.
915 1841 956 1850 —
977 1804 1216 1867 MONAOHUS:

177 1895 319 1969 Tempore
347 1893 472 1970 quodam
494 1911 559 1953 cum
582 1901 657 1953 essct
676 1896 704 1951 in
727 1897 867 1968 oratione,
895 1894 1011 1953 beatam
1041 1893 1218 1953 Genitricem

177 1978 263 2060 Dei⁵)
293 1998 329 2040 ex
358 1983 489 2056 opposito
518 1983 563 2039 sui
595 1997 681 2056 supra
710 1983 846 2055 cespitem
873 1982 1012 2040 virentem
1044 1987 1120 2040 stare
1142 1997 1217 2040 con-

178 2071 278 2146 spexit.
331 2067 369 2126 Et
401 2084 468 2127 ecce
496 2067 560 2126 lons
592 2069 670 2126 aurei
703 2067 805 2126 coloris
834 2084 850 2127 e
879 2070 995 2144 regione
1017 2085 1083 2127 cum
1103 2069 1217 2142 impetu

179 2172 344 2231 erumpens,
376 2153 498 2214 rivulum
531 2172 614 2212 suum
646 2151 684 2214 ad
715 2153 804 2229 pedes
838 2156 899 2213 eius
931 2153 1078 2231 dirigebat.
1126 2153 1218 2214 Cuius

177 2241 266 2318 lapilli
293 2241 402 2319 lapides
431 2235 511 2301 erant
532 2243 663 2316 pretiosi,
695 2241 840 2318 smaragdi
860 2240 1007 2317 videlicet,
1037 2241 1219 2316 carbunculi,

177 2331 297 2404 topazii,
327 2328 445 2403 saphiri,
473 2329 595 2387 iacincti.
639 2327 768 2402 Cumque
797 2328 832 2388 de
858 2330 967 2387 visione
989 2331 1146 2402 miraretur,
1175 2331 1219 2388 ait

177 2415 218 2473 illi
239 2415 365 2474 Domina
392 2420 504 2473 nostra:
532 2415 614 2473 Nosti
640 2414 831 2489 Bertramme,
857 2415 934 2490 quid*
953 2418 1009 2474 ista
1034 2413 1219 2491 significent?

178 2501 300 2560 Dicente
321 2501 379 2574 illo,
399 2519 456 2560 non
479 2502 619 2575 Domiua;
648 2501 809 2576 respondit:
838 2502 916 2561 Fons
937 2505 991 2561 iste
1011 2504 1091 2561 aurci
1112 2501 1220 2561 coloris

179 2587 249 2649 ordo
272 2587 466 2647 cisterciensis
495 2593 551 2663 est,
583 2590 633 2663 qui
661 2590 734 2647 sicut
762 2606 864 2647 aumm
887 2588 1002 2664 'reliqua
1029 2587 1155 2663 metalla,
1176 2591 1220 2649 ita

179 2681 290 2736 ceteros
313 2674 435 2734 ordines
463 2681 524 2733 tam
553 2675 688 2750 dignitate
717 2693 805 2750 quam
833 2677 984 2735 sanctitate
1012 2675 1159 2752 praecellit
1188 2677 1220 2734 in
1317 2675 1318 2712 i

178 2762 317 2822 Ecclesia.
359 2761 419 2820 Illis
448 2757 534 2840 iam‘)
565 2778 600 2820 ex
628 2779 734 2838 magna
762 2769 843 2837 parte
864 2762 1018 2822 fluentibus
1040 2780 1058 2822 a
1079 2779 1140 2836 me,
1161 2764 1221 2823 iste

178 2848 296 2926 speciali
309 2848 434 2924 quadam
446 2850 645 2923 praerogativa
664 2849 820 2908 dilectionis
832 2867 889 2908 non
901 2855 994 2909 cessat
1007 2849 1094 2908 fluere
1107 2848 1148 2907 ad
1160 2865 1221 2910 me.

179 2935 282 3014 Lapilli
302 2936 418 3011 pretiosi
440 2951 512 3009 quos
532 2934 612 2993 vides
634 2936 663 2992 in
677 2935 778 3009 rivulo,
807 2936 945 3011 speciales
966 2937 1051 2995 amici
1072 2937 1128 2994 mei
1150 2945 1221 2996 sunt

178 3025 208 3081 in
241 3022 353 3096 ordine,
392 3027 421 3080 et
452 3023 481 3079 in
519 3021 657 3096 obsequio
697 3038 761 3081 meo
794 3023 859 3098 plus
892 3024 991 3082 ceteris
1022 3023 1221 3083 ferventiores.

178 3109 284 3185 Sisque
313 3109 452 3183 dispamit
479 3109 550 3166 visio
579 3111 608 3165 in
637 3108 727 3168 oculis
754 3111 823 3167 eius.
878 3109 981 3168 Omnia
1002 3109 1075 3169 baec
1096 3111 1221 3171 recitata

178 3203 246 3255 sunt
271 3194 438 3254 Abbatibus
466 3201 593 3270 tempore
623 3195 745 3271 Capituli
773 3196 923 3272 generalis.
973 3196 1066 3255 Multa
1094 3195 1153 3270 alia
1175 3199 1221 3255 vir

178 3284 232 3342 iste
253 3283 356 3340 beatus
385 3281 456 3340 vidit
484 3288 513 3341 et
542 3284 600 3358 egit
629 3281 715 3358 digna
743 3282 847 3358 relatu',
876 3283 1042 3359 quaemihi
1070 3299 1128 3342 non
1151 3291 1221 3342 sunt

178 3371 305 3429 recitata.
359 3367 562 3428 NOVICIUS:
602 3368 692 3428 Miror
724 3370 747 3427 si
777 3370 890 3445 aliquas
930 3372 974 3428 vir
1009 3377 1067 3428 tam
1100 3377 1220 3430 sanctus
1316 3435 1317 3442 χ

178 3456 313 3515 babuerit
340 3456 370 3512 in
400 3455 497 3515 ordine
526 3457 706 3515 tentationes.
749 3455 982 3517 MONACHUS:
1015 3456 1050 3514 In
1077 3457 1220 3532 principio
1316 3447 1317 3470 ¹

180 3545 373 3604 conversionis
403 3559 473 3602 suae
500 3550 533 3602 ut
561 3543 657 3601 audivi
688 3543 724 3602 de
754 3545 825 3603 cibis
854 3543 1033 3620 regularibus
1061 3542 1220 3618 plurimum

179 3631 356 3704 tentabatur,
385 3631 458 3689 sicut
487 3631 530 3689 vir
555 3629 658 3689 nobilis
681 3636 710 3690 et
732 3629 879 3691 delicatus.
923 3631 988 3690 Hoc
1012 3647 1077 3690 cum
1100 3629 1221 3691 dixisset

198 3795 310 3865 i),l’sal.
331 3797 389 3862 138,
409 3799 448 3852 16.
469 3829 499 3840 -
519 3800 552 3866 2)
569 3798 626 3851 Luc.
647 3800 688 3864 io,
706 3800 748 3851 20.
768 3829 798 3840 -
818 3799 849 3867 3)
867 3797 932 3850 Psel.
950 3799 994 3862 68,
1012 3797 1053 3848 29.
1073 3825 1103 3835 —-
1124 3796 1157 3864 l)
1177 3795 1219 3851 Bc

248 3866 341 3920 bono.
361 3898 390 3908 -
412 3869 443 3937 5)
461 3869 523 3924 BCD
542 3869 597 3922 Dei
616 3869 824 3922 Genitricem.
845 3899 873 3909 -
894 3869 926 3936 6)
944 3868 964 3921 Β
982 3881 1123 3934 namque.
