2628 4310
186 237 248 296 302
468 233 696 298 DISTINCTIO
721 233 933 298 UNDEOIMA

183 363 278 416 nabas.
302 355 359 418 Hic
380 356 496 418 tandem
518 357 686 433 infirmatus,
707 359 827 420 materia
841 356 1219 430 ascendentoiucarebmm,
1286 401 1287 416 t

183 443 276 503 factum
299 450 343 504 est
363 443 555 519 phreneticus.
599 445 655 520 Qui
678 462 744 505 cum
766 446 893 521 quotidie
915 444 1016 504 dentes
1045 449 1075 503 et
1103 460 1136 504 os
1156 461 1220 502 mo·
1286 419 1287 512 l

183 538 271 604 reret,
293 529 424 590 dlxcmnt
445 532 471 590 ei
492 533 612 590 ministri
632 534 689 590 sui:
713 532 790 607 Quid
811 531 959 592 comeditis
982 529 1118 590 domine?
1161 529 1221 590 Re-

183 616 299 693 spondit
311 616 373 676 ille:
406 615 547 678 Denarios
577 635 630 696 ego
660 621 802 679 mastico..
844 619 948 678 Visum
977 620 1004 678 ei
1031 616 1125 677 suerat
1145 615 1222 692 quod

184 702 316 763 denarios
338 704 380 762 ori
402 706 463 764 eius
485 705 639 764 daemones
660 704 851 766 infunderent.
892 704 958 765 Non
976 721 1104 780 possum,
1124 705 1222 779 lnquit,

181 791 323 862 sustinere
345 788 499 851 daemones
520 794 601 852 istos.
628 791 745 852 Portate
767 809 814 852 me
824 791 866 850 ud
887 793 1092 851 monasterium
1101 789 1187 850 Roda
1199 787 1222 870 ¹),
1286 831 1287 840 η

183 877 251 936 boni
272 876 329 936 illic
350 877 481 938 homiues
502 884 584 953 sunt,
612 877 683 938 forte
712 879 817 938 auxilio
839 877 953 939 illorum
974 879 1012 937 ab
1034 877 1080 937 his
1102 876 1222 937 diabolis
1286 931 1287 956 ,

183 962 334 1024 liberabor.
377 962 443 1040 Quo
465 982 531 1024 cum
553 964 665 1024 deletus
685 964 793 1040 suisset,
814 965 963 1025 clamarit:
989 964 1147 1040 Reportate
1169 981 1223 1038 me,
1286 957 1287 1044 J

183 1056 326 1126 reportate
346 1068 409 1128 me3
438 1051 535 1127 plures
547 1049 568 1130 ²)
601 1051 648 1111 hic
671 1050 825 1111 daemones
857 1051 941 1111 video
972 1068 1059 1127 quam
1085 1053 1116 1110 in
1138 1050 1222 1111 domo
1286 1055 1287 1100 i

182 1154 257 1196 mea.
299 1137 370 1196 Erat
392 1139 466 1196 enim
488 1137 524 1197 de
546 1137 615 1197 villa
635 1137 764 1198 Wurme.
814 1137 862 1198 Sic
884 1140 970 1197 miser
990 1137 1114 1212 relatus,
1147 1145 1222 1198 eta
1286 1175 1287 1220 3

184 1223 373 1283 daemonibus
393 1226 518 1300 agitatus
527 1220 557 1303 ³),
580 1226 750 1300 exspiravit,
772 1241 859 1301 quam
882 1223 1042 1284 execrabile
1064 1226 1167 1284 vitium
1189 1226 1223 1284 sit

183 1327 279 1385 usura,
299 1313 329 1370 in
351 1311 409 1370 suis
430 1313 579 1371 tormentis
601 1311 697 1371 multis
720 1311 881 1370 ostendens.
910 1310 1035 1388 Quidam
1047 1311 1182 1372 dixerunt
1193 1329 1221 1370 se

183 1398 212 1454 in
235 1414 284 1457 ore
306 1404 335 1456 et
355 1399 385 1455 in
399 1403 514 1474 gutture
531 1399 592 1456 cius
615 1397 745 1457 denarios
766 1397 881 1458 vidisse.
916 1396 1121 1458 NOVIOIUS:
1142 1398 1222 1458 Bene
1286 1409 1287 1430 l

183 1482 341 1559 Apostolus
368 1487 518 1544 arentiam
546 1484 673 1560 appellat
701 1484 843 1544 idolorum
871 1481 1082 1565 servituteml),
1115 1487 1162 1544 cui
1184 1487 1222 1544 sic

183 1569 339 1630 daemones
359 1569 540 1630 famulantru.
583 1569 818 1632 MONAOHUS:
847 1569 979 1636 Avaritia
1006 1571 1065 1630 heu
1093 1588 1152 1631 uon
1174 1589 1221 1632 so·

183 1656 243 1716 lum
264 1659 293 1716 iu
315 1656 525 1732 saecularibus,
557 1657 608 1716 sed
630 1660 716 1718 etiam
744 1659 774 1716 in
802 1658 932 1734 personis
953 1657 1153 1718 ecdesiasueis
1175 1676 1220 1720 rc-

182 1749 261 1820 gnat,
283 1745 367 1820 eique
388 1741 599 1825 famulantum).
1158 1765 1164 1778 ¹

519 1933 752 1996 OAPITULUM
779 1933 892 1994 XLIII.

294 2057 342 2116 Dc
363 2064 458 2117 morta
485 2055 610 2116 Wolters·
631 2057 726 2116 clerici
748 2057 957 2134 dispensatotm
978 2057 1119 2119 Lotborii

525 2145 695 2219 Praepositi
715 2143 891 2234 Bounomeia
953 2187 958 2199 .

248 2261 403 2322 Lutharius
424 2263 609 2340 Praepositus
630 2265 792 2324 Bonnensis
826 2264 960 2324 clericum
980 2264 1110 2325 habebat
1139 2267 1220 2324 nimis

183 2365 312 2425 avarum,
333 2349 567 2410 Monasteriensis
589 2350 727 2411 ccclesiae
749 2354 926 2411 canonicum.
969 2351 1007 2409 Et
1019 2354 1086 2427 quic
1108 2369 1143 2411 ex
1162 2355 1219 2412 eius

185 2436 302 2497 consilio
324 2437 400 2496 idern
422 2437 608 2514 Praepositns
629 2437 781 2513 pendebat,
803 2437 922 2498 multam
943 2441 1095 2514 pecuniam
1109 2439 1220 2498 Walte·
1286 2439 1287 2442 ’

184 2540 233 2581 ms
256 2532 488 2600 congregaverat.
532 2523 675 2601 Quicum
698 2532 945 2599 moreretur,·nec
966 2521 1084 2606 unum⁶)
1108 2523 1219 2601 quidem

148 2611 151 2616 '
186 2609 333 2669 denarium
354 2628 405 2686 pro
428 2613 524 2670 anima
546 2629 599 2670 sua
620 2611 735 2688 legavit.
785 2611 820 2669 In
846 2613 911 2686 ipss
932 2610 1004 2672 hora
1025 2614 1124 2672 mortis
1145 2614 1218 2685 eius,

186 2695 358 2756 Godeiridus
391 2697 529 2756 ecclesiae
562 2700 653 2756 sancti
683 2697 818 2758 Andreae
850 2700 879 2756 in
902 2697 1021 2758 Colonia
1053 2701 1218 2771 canonicus,

185 2800 280 2843 coram
303 2783 417 2842 domino
441 2801 493 2844 suo
515 2782 667 2860 Adolpho,
695 2791 763 2845 tunc
791 2786 905 2845 maioris
928 2784 1065 2846 ecclesiae
1085 2786 1218 2856 Decano,

185 2876 214 2928 et
234 2877 336 2946 postea
356 2869 599 2946 Archiepiscopo,
631 2872 660 2930 in
682 2871 772 2930 Porta
789 2871 962 2932 clericorum
984 2872 1125 2932 dormivit.
1167 2871 1217 2930 cui

183 2957 249 3016 talis
270 2959 342 3016 visio
365 2964 481 3017 ostensa
502 2964 554 3016 est.
596 2958 700 3018 Visum
730 2964 774 3018 est
800 2961 826 3018 ei
853 2958 931 3034 quod
952 2958 1115 3034 praedictus
1134 2957 1215 3018 Wal-

184 3050 262 3103 tems
283 3045 436 3120 pecuniam
458 3043 493 3104 de
515 3061 620 3120 magno
654 3044 768 3104 cumulo
797 3047 827 3104 in
856 3045 956 3106 tabula
984 3051 1160 3119 numeraret,
1188 3049 1217 3102 et

150 3195 152 3203 ,
185 3129 263 3205 quod
285 3130 406 3190 daemon
429 3148 465 3190 ex
493 3131 582 3190 altere
610 3138 692 3206 parte
721 3132 750 3191 in
771 3130 934 3208 Aethyopis
967 3131 1060 3209 effigio
1082 3131 1215 3202 residens,

183 3217 258 3276 illins
295 3220 537 3292 computationem
571 3216 783 3294 diligentissime
820 3219 1013 3279 consideraret
1021 3216 1050 3298 ²).
1103 3219 1136 3278 In
1155 3221 1215 3294 ipss

186 3305 397 3379 computatione
430 3304 575 3364 Walterus
610 3305 772 3380 frequenter
801 3322 837 3365 ex
865 3307 928 3381 ipsa
960 3307 1084 3381 pecunia
1113 3300 1214 3380 aliquid

183 3391 287 3450 furtive
315 3393 388 3450 vesti
419 3393 551 3466 propriae
572 3391 712 3452 submisit.
755 3391 822 3468 Qua
842 3400 1006 3467 numerata,
1042 3392 1162 3453 daemon
1185 3391 1213 3446 in

204 3526 234 3594 l)
252 3522 430 3588 lllosterrode,
453 3523 553 3576 abbatia
570 3523 721 3594 regularium
740 3527 931 3588 canonicorum,
949 3525 1060 3578 secundo
1078 3525 1109 3578 ab
1126 3525 1212 3593 Aquis-
1286 3577 1287 3596 ,

254 3609 333 3663 grano
351 3592 441 3662 lapide.
456 3594 530 3661 -2)
548 3593 610 3646 CFP
633 3593 745 3660 plures
763 3596 855 3647 anim.
868 3626 898 3636 -
914 3593 997 3664 aJcF
1022 3598 1210 3667 exagitatus.

256 3665 331 3731 -t)
348 3663 446 3716 Coloss.
464 3664 490 3727 3,
508 3665 533 3715 5.
548 3693 577 3703 -
597 3664 629 3732 5)
641 3663 749 3716 ACEFP
767 3666 881 3734 eisque
899 3664 1085 3719 famulatur.
1103 3665 1210 3719 Fortasse

254 3735 840 3871 frigsstss⁸¹¹0⁰ss⁰sspfffl¹ssffe¹³pfi¹¹⁰spmn
851 3765 884 3775 —-
898 3735 929 3804 6)
943 3733 986 3789 CF
1003 3752 1097 3790 unum
1111 3733 1209 3788 solam.
