2664 4308
154 237 217 296 390
475 233 703 297 memmio
731 235 867 298 snm

155 356 251 417 crolum
278 357 380 432 capitis
407 357 453 416 sni
480 355 671 432 complicans,
701 363 802 417 contra
829 363 931 433 pectus
961 355 1190 416 condolenter

154 446 235 518 iecit,
262 460 337 518 qm
357 461 481 504 morae
502 443 642 518 siiapide
664 462 801 520 percussa
821 449 916 519 essai,
947 445 977 502 in
997 450 1101 502 terram
1122 459 1191 504 cor·

155 533 219 592 mit,
261 530 296 590 In
317 547 376 606 qua
396 530 465 590 dum
485 532 547 588 sine
567 547 655 589 sensu
671 531 1001 608 aliquamdiniacnisset,
1022 536 1117 590 erecta
1135 546 1192 606 per
1232 531 1242 544 “

154 617 307 677 ienesiram
327 616 403 677 lecto
430 617 598 676 infirmantis
625 620 789 694 contiguam
815 619 969 694 prospexit.
1011 616 1050 675 Et
1070 633 1138 676 ecce
1158 617 1191 674 in
1204 686 1221 704 k

155 705 291 765 cimiterio
312 703 464 763 multitado
479 705 575 764 stabat
588 702 802 779 dextrariorum,
822 703 909 764 sellas
930 703 1191 764 deauratasirenn-

156 807 212 866 qne
233 807 321 850 aurea
348 790 527 850 habentium.
568 789 698 866 Cumque
725 794 755 850 in
775 795 839 867 ipsa
858 789 1191 866 horsprsedietsvirgo

155 879 328 954 agonizaret,
348 879 494 937 sororibus
513 880 631 953 propius
645 878 857 952 accedentibus,
878 877 955 938 elam
971 893 1043 936 voce
1065 876 1191 936 clamare

156 965 265 1040 coepit:
292 964 370 1024 Date
391 964 501 1040 locum,
530 964 597 1023 date
617 963 728 1040 loonm3
756 967 840 1024 sinite
861 964 991 1024 dominos
1011 965 1082 1023 istos
1101 979 1192 1022 ecce·

156 1049 232 1112 dere
274 1050 394 1110 Viderat
421 1052 498 1110 enim
525 1050 658 1110 cellulam
684 1051 825 1127 repletam
845 1053 974 1126 personis
994 1051 1058 1108 miri
1078 1047 1192 1109 decoris

154 1145 243 1214 atque
274 1136 451 1214 splendoris,
485 1154 607 1214 quornm
638 1141 811 1198 vestimenta
841 1135 981 1198 deaurata
1010 1135 1193 1196 videbantur.

155 1223 261 1300 Sicqoe
289 1223 461 1284 obdormivit
487 1226 518 1284 in
538 1224 673 1283 Domino.
714 1223 918 1285 NOVICIUS:
939 1223 1015 1287 Puto
1036 1222 1192 1282 coelestem

156 1310 243 1370 inisse
264 1313 432 1385 exercitum,
460 1314 509 1387 qni
529 1312 654 1370 animam
674 1311 749 1370 illins
770 1311 905 1387 simplicis
926 1310 1048 1370 feminae
1068 1311 1098 1368 in
1118 1325 1193 1369 coe·

156 1396 258 1458 lestcm
286 1397 467 1458 deducebant
497 1397 665 1458 thalamum
717 1396 952 1458 MONACHUS:
980 1397 1061 1456 Bene
1092 1397 1193 1456 seniis.

156 1482 253 1544 Unum
280 1489 375 1543 tamen
404 1490 503 1546 notare
525 1484 631 1559 debes,
659 1477 792 1544 videlicet
820 1484 898 1560 quod
925 1483 1077 1543 infirmaria
1098 1499 1194 1558 equos

38 1569 41 1576 '
157 1570 229 1629 vidit
247 1571 277 1630 in
298 1572 449 1645 cimiterio,
481 1573 605 1630 moriens
632 1587 701 1630 vero
723 1587 889 1630 ascensores
908 1571 938 1642 ip
959 1570 1053 1630 domo.
1094 1569 1196 1631 Testis

44 1710 48 1720 .
104 1727 108 1734 ¹
157 1656 241 1716 huius
272 1659 390 1717 visionis
421 1663 466 1717 est
485 1657 628 1717 Henricns
648 1658 730 1717 Prior
750 1657 983 1718 Praedicatornm
1002 1659 1033 1714 in
1054 1654 1196 1734 Colonia,

158 1745 206 1818 qui
226 1761 259 1804 se
280 1761 346 1804 eam
366 1763 385 1806 a
405 1745 544 1824 praedicti
563 1745 619 1806 loci
630 1745 799 1821 Praeposito
812 1744 955 1805 audivisse
976 1749 1197 1804 commemorat.
