<?xml version="1.0" encoding="UTF-8"?>
<!DOCTYPE html PUBLIC "-//W3C//DTD XHTML 1.0 Transitional//EN"
    "http://www.w3.org/TR/xhtml1/DTD/xhtml1-transitional.dtd">
<html xmlns="http://www.w3.org/1999/xhtml" xml:lang="en" lang="en">
 <head>
  <title>
</title>
<meta http-equiv="Content-Type" content="text/html;charset=utf-8" />
  <meta name='ocr-system' content='tesseract 3.04.00' />
  <meta name='ocr-capabilities' content='ocr_page ocr_carea ocr_par ocr_line ocrx_word'/>
</head>
<body>
  <div class='ocr_page' id='page_1' title='image "./caesariiheister05stragoog/caesariiheister05stragoog_0471.png"; bbox 0 0 2664 4308; ppageno 0'>
   <div class='ocr_carea' id='block_1_1' title="bbox 163 259 897 343">
    <p class='ocr_par' dir='ltr' id='par_1_1' title="bbox 163 259 897 343">
     <span class='ocr_line' id='line_1_1' title="bbox 163 259 897 343; baseline 0 -1"><span class='ocrx_word' id='word_1_1' title='bbox 163 286 204 342; x_wconf 77' lang='lat'>44</span> <span class='ocrx_word' id='word_1_2' title='bbox 297 264 299 272; x_wconf 88' lang='grc'><strong>’</strong></span> <span class='ocrx_word' id='word_1_3' title='bbox 434 259 436 264; x_wconf 83' lang='grc'><strong>’</strong></span> <span class='ocrx_word' id='word_1_4' title='bbox 470 279 698 342; x_wconf 83' lang='lat' dir='ltr'>nrsmucrro</span> <span class='ocrx_word' id='word_1_5' title='bbox 721 279 897 343; x_wconf 76' lang='lat' dir='ltr'>suarum</span> 
     </span>
    </p>
   </div>
   <div class='ocr_carea' id='block_1_2' title="bbox 126 399 1261 2043">
    <p class='ocr_par' dir='ltr' id='par_1_2' title="bbox 126 399 1261 2043">
     <span class='ocr_line' id='line_1_2' title="bbox 162 399 1205 479; baseline 0 -17"><span class='ocrx_word' id='word_1_6' title='bbox 162 401 291 478; x_wconf 78' lang='lat' dir='ltr'><strong>spondit:</strong></span> <span class='ocrx_word' id='word_1_7' title='bbox 322 399 436 478; x_wconf 87' lang='lat' dir='ltr'>Optimo</span> <span class='ocrx_word' id='word_1_8' title='bbox 464 403 533 462; x_wconf 91' lang='lat' dir='ltr'>mibi</span> <span class='ocrx_word' id='word_1_9' title='bbox 561 402 657 479; x_wconf 89' lang='lat' dir='ltr'>placet</span> <span class='ocrx_word' id='word_1_10' title='bbox 686 402 755 463; x_wconf 90' lang='lat' dir='ltr'>ordo</span> <span class='ocrx_word' id='word_1_11' title='bbox 786 409 815 462; x_wconf 88' lang='lat' dir='ltr'>at</span> <span class='ocrx_word' id='word_1_12' title='bbox 842 402 1049 478; x_wconf 78' lang='lat' dir='ltr'>barchaban,</span> <span class='ocrx_word' id='word_1_13' title='bbox 1078 401 1132 462; x_wconf 87' lang='lat' dir='ltr'>sed</span> <span class='ocrx_word' id='word_1_14' title='bbox 1152 419 1205 478; x_wconf 88' lang='lat' dir='ltr'>per</span> 
     </span>
     <span class='ocr_line' id='line_1_3' title="bbox 162 488 1204 568; baseline -0.003 -18"><span class='ocrx_word' id='word_1_15' title='bbox 162 495 275 564; x_wconf 85' lang='lat' dir='ltr'>tempus</span> <span class='ocrx_word' id='word_1_16' title='bbox 304 489 388 548; x_wconf 88' lang='lat' dir='ltr'>valde</span> <span class='ocrx_word' id='word_1_17' title='bbox 409 488 485 550; x_wconf 90' lang='lat' dir='ltr'>male</span> <span class='ocrx_word' id='word_1_18' title='bbox 505 490 602 549; x_wconf 89' lang='lat' dir='ltr'>habui.</span> <span class='ocrx_word' id='word_1_19' title='bbox 644 490 839 568; x_wconf 80' lang='lat' dir='ltr'><strong>Interrogatus</strong></span> <span class='ocrx_word' id='word_1_20' title='bbox 861 490 897 550; x_wconf 91' lang='lat' dir='ltr'>de</span> <span class='ocrx_word' id='word_1_21' title='bbox 927 507 1030 564; x_wconf 89' lang='lat' dir='ltr'>causa,</span> <span class='ocrx_word' id='word_1_22' title='bbox 1057 492 1126 564; x_wconf 89' lang='lat' dir='ltr'>quia</span> <span class='ocrx_word' id='word_1_23' title='bbox 1146 489 1204 548; x_wconf 89' lang='lat' dir='ltr'>hc-</span> 
     </span>
     <span class='ocr_line' id='line_1_4' title="bbox 163 575 1205 653; baseline 0.002 -19"><span class='ocrx_word' id='word_1_24' title='bbox 163 577 269 636; x_wconf 89' lang='lat' dir='ltr'>minem</span> <span class='ocrx_word' id='word_1_25' title='bbox 290 575 388 636; x_wconf 85' lang='lat' dir='ltr'>dilexit</span> <span class='ocrx_word' id='word_1_26' title='bbox 415 583 444 635; x_wconf 88' lang='lat' dir='ltr'>et</span> <span class='ocrx_word' id='word_1_27' title='bbox 465 577 616 637; x_wconf 88' lang='lat' dir='ltr'>aedificare</span> <span class='ocrx_word' id='word_1_28' title='bbox 637 577 742 652; x_wconf 86' lang='lat' dir='ltr'>voluit,</span> <span class='ocrx_word' id='word_1_29' title='bbox 771 578 928 637; x_wconf 84' lang='lat' dir='ltr'>subiunxit:</span> <span class='ocrx_word' id='word_1_30' title='bbox 958 575 1082 652; x_wconf 83' lang='lat' dir='ltr'>Quando</span> <span class='ocrx_word' id='word_1_31' title='bbox 1110 577 1205 653; x_wconf 90' lang='lat' dir='ltr'>primo</span> 
     </span>
     <span class='ocr_line' id='line_1_5' title="bbox 163 663 1206 740; baseline -0.001 -17"><span class='ocrx_word' id='word_1_32' title='bbox 163 679 319 723; x_wconf 85' lang='lat' dir='ltr'>conversus</span> <span class='ocrx_word' id='word_1_33' title='bbox 347 681 427 738; x_wconf 92' lang='lat' dir='ltr'>sum,</span> <span class='ocrx_word' id='word_1_34' title='bbox 454 665 495 723; x_wconf 84' lang='lat' dir='ltr'>ita</span> <span class='ocrx_word' id='word_1_35' title='bbox 524 671 604 722; x_wconf 88' lang='lat' dir='ltr'>erant</span> <span class='ocrx_word' id='word_1_36' title='bbox 624 663 694 722; x_wconf 88' lang='lat' dir='ltr'>mihi</span> <span class='ocrx_word' id='word_1_37' title='bbox 715 680 818 740; x_wconf 85' lang='lat' dir='ltr'>graves</span> <span class='ocrx_word' id='word_1_38' title='bbox 839 664 992 723; x_wconf 77' lang='lat' dir='ltr'>sollemnes</span> <span class='ocrx_word' id='word_1_39' title='bbox 1012 663 1142 740; x_wconf 85' lang='lat' dir='ltr'>vigiliae,</span> <span class='ocrx_word' id='word_1_40' title='bbox 1171 669 1206 722; x_wconf 93' lang='lat' dir='ltr'>ut</span> 
     </span>
     <span class='ocr_line' id='line_1_6' title="bbox 163 748 1205 826; baseline 0.002 -18"><span class='ocrx_word' id='word_1_41' title='bbox 163 750 408 826; x_wconf 79' lang='lat' dir='ltr'><strong>quotienscunque</strong></span> <span class='ocrx_word' id='word_1_42' title='bbox 424 751 575 825; x_wconf 84' lang='lat' dir='ltr'>oportebat</span> <span class='ocrx_word' id='word_1_43' title='bbox 587 768 633 811; x_wconf 89' lang='lat' dir='ltr'>me</span> <span class='ocrx_word' id='word_1_44' title='bbox 647 753 688 810; x_wconf 90' lang='lat' dir='ltr'>ire</span> <span class='ocrx_word' id='word_1_45' title='bbox 700 750 739 810; x_wconf 89' lang='lat' dir='ltr'>ad</span> <span class='ocrx_word' id='word_1_46' title='bbox 752 753 915 826; x_wconf 86' lang='lat' dir='ltr'>matutinas,</span> <span class='ocrx_word' id='word_1_47' title='bbox 935 752 1037 808; x_wconf 90' lang='lat' dir='ltr'>timore</span> <span class='ocrx_word' id='word_1_48' title='bbox 1058 766 1093 810; x_wconf 91' lang='lat' dir='ltr'>ac</span> <span class='ocrx_word' id='word_1_49' title='bbox 1107 748 1205 810; x_wconf 85' lang='lat' dir='ltr'>taedio</span> 
     </span>
     <span class='ocr_line' id='line_1_7' title="bbox 162 835 1205 913; baseline -0.001 -16"><span class='ocrx_word' id='word_1_50' title='bbox 162 835 273 897; x_wconf 88' lang='lat' dir='ltr'>illarum</span> <span class='ocrx_word' id='word_1_51' title='bbox 294 842 354 896; x_wconf 86' lang='lat' dir='ltr'>tam</span> <span class='ocrx_word' id='word_1_52' title='bbox 377 853 494 913; x_wconf 88' lang='lat' dir='ltr'>corpore</span> <span class='ocrx_word' id='word_1_53' title='bbox 516 854 604 912; x_wconf 89' lang='lat' dir='ltr'>quam</span> <span class='ocrx_word' id='word_1_54' title='bbox 626 837 711 897; x_wconf 88' lang='lat' dir='ltr'>corde</span> <span class='ocrx_word' id='word_1_55' title='bbox 733 838 919 897; x_wconf 79' lang='lat' dir='ltr'>tabescerem.</span> <span class='ocrx_word' id='word_1_56' title='bbox 962 836 1054 896; x_wconf 89' lang='lat' dir='ltr'>Nocte</span> <span class='ocrx_word' id='word_1_57' title='bbox 1076 836 1205 913; x_wconf 89' lang='lat' dir='ltr'>quadam</span> 
     </span>
     <span class='ocr_line' id='line_1_8' title="bbox 163 921 1261 1000; baseline 0.002 -19"><span class='ocrx_word' id='word_1_58' title='bbox 163 921 305 983; x_wconf 86' lang='lat' dir='ltr'>defectum</span> <span class='ocrx_word' id='word_1_59' title='bbox 326 939 445 998; x_wconf 91' lang='lat' dir='ltr'>passus,</span> <span class='ocrx_word' id='word_1_60' title='bbox 475 941 540 984; x_wconf 90' lang='lat' dir='ltr'>cum</span> <span class='ocrx_word' id='word_1_61' title='bbox 562 931 637 983; x_wconf 88' lang='lat' dir='ltr'>stare</span> <span class='ocrx_word' id='word_1_62' title='bbox 659 941 717 984; x_wconf 93' lang='lat' dir='ltr'>non</span> <span class='ocrx_word' id='word_1_63' title='bbox 738 941 867 1000; x_wconf 88' lang='lat' dir='ltr'>possem,</span> <span class='ocrx_word' id='word_1_64' title='bbox 897 942 915 982; x_wconf 89' lang='lat' dir='ltr'>a</span> <span class='ocrx_word' id='word_1_65' title='bbox 935 923 1035 982; x_wconf 92' lang='lat' dir='ltr'>Priore</span> <span class='ocrx_word' id='word_1_66' title='bbox 1057 923 1093 984; x_wconf 88' lang='lat' dir='ltr'>de</span> <span class='ocrx_word' id='word_1_67' title='bbox 1115 924 1205 984; x_wconf 93' lang='lat' dir='ltr'>choro</span> <span class='ocrx_word' id='word_1_68' title='bbox 1258 987 1261 999; x_wconf 37' lang='lat'>¹</span> 
     </span>
     <span class='ocr_line' id='line_1_9' title="bbox 162 1011 1206 1086; baseline 0.001 -17"><span class='ocrx_word' id='word_1_69' title='bbox 162 1027 226 1069; x_wconf 88' lang='lat' dir='ltr'>sum</span> <span class='ocrx_word' id='word_1_70' title='bbox 249 1011 377 1084; x_wconf 86' lang='lat' dir='ltr'>eductus,</span> <span class='ocrx_word' id='word_1_71' title='bbox 399 1012 477 1069; x_wconf 90' lang='lat' dir='ltr'>etin</span> <span class='ocrx_word' id='word_1_72' title='bbox 500 1011 568 1070; x_wconf 92' lang='lat' dir='ltr'>sede</span> <span class='ocrx_word' id='word_1_73' title='bbox 589 1011 764 1070; x_wconf 87' lang='lat' dir='ltr'>infirmorum</span> <span class='ocrx_word' id='word_1_74' title='bbox 786 1014 904 1086; x_wconf 87' lang='lat' dir='ltr'>positus,</span> <span class='ocrx_word' id='word_1_75' title='bbox 927 1027 1065 1070; x_wconf 88' lang='lat' dir='ltr'>converso</span> <span class='ocrx_word' id='word_1_76' title='bbox 1088 1011 1126 1069; x_wconf 88' lang='lat' dir='ltr'>ad</span> <span class='ocrx_word' id='word_1_77' title='bbox 1149 1027 1206 1072; x_wconf 90' lang='lat' dir='ltr'>cu-</span> 
     </span>
     <span class='ocr_line' id='line_1_10' title="bbox 162 1096 1207 1174; baseline 0 -17"><span class='ocrx_word' id='word_1_78' title='bbox 162 1097 285 1157; x_wconf 89' lang='lat' dir='ltr'>stodiam</span> <span class='ocrx_word' id='word_1_79' title='bbox 313 1097 384 1166; x_wconf 86' lang='lat' dir='ltr'>mibi</span> <span class='ocrx_word' id='word_1_80' title='bbox 412 1097 558 1172; x_wconf 83' lang='lat' dir='ltr'>deputato.</span> <span class='ocrx_word' id='word_1_81' title='bbox 601 1098 672 1156; x_wconf 87' lang='lat' dir='ltr'>Mox</span> <span class='ocrx_word' id='word_1_82' title='bbox 693 1100 722 1157; x_wconf 91' lang='lat' dir='ltr'>in</span> <span class='ocrx_word' id='word_1_83' title='bbox 744 1101 835 1157; x_wconf 85' lang='lat' dir='ltr'>extasi</span> <span class='ocrx_word' id='word_1_84' title='bbox 855 1098 963 1171; x_wconf 88' lang='lat' dir='ltr'>iactus,</span> <span class='ocrx_word' id='word_1_85' title='bbox 993 1096 1207 1174; x_wconf 76' lang='lat' dir='ltr'>contemplatus</span> 
     </span>
     <span class='ocr_line' id='line_1_11' title="bbox 162 1176 1206 1260; baseline 0.002 -17"><span class='ocrx_word' id='word_1_86' title='bbox 162 1199 227 1243; x_wconf 87' lang='lat' dir='ltr'>sum</span> <span class='ocrx_word' id='word_1_87' title='bbox 259 1183 404 1244; x_wconf 91' lang='lat' dir='ltr'>dominam</span> <span class='ocrx_word' id='word_1_88' title='bbox 439 1184 639 1259; x_wconf 87' lang='lat' dir='ltr'>clarissimam,</span> <span class='ocrx_word' id='word_1_89' title='bbox 680 1202 766 1260; x_wconf 89' lang='lat' dir='ltr'>quam</span> <span class='ocrx_word' id='word_1_90' title='bbox 796 1184 901 1244; x_wconf 88' lang='lat' dir='ltr'>diversi</span> <span class='ocrx_word' id='word_1_91' title='bbox 923 1176 1034 1244; x_wconf 86' lang='lat' dir='ltr'>&#39;ordinis</span> <span class='ocrx_word' id='word_1_92' title='bbox 1062 1202 1206 1260; x_wconf 86' lang='lat' dir='ltr'>personae</span> 
     </span>
     <span class='ocr_line' id='line_1_12' title="bbox 162 1269 1205 1349; baseline 0.004 -21"><span class='ocrx_word' id='word_1_93' title='bbox 162 1269 390 1347; x_wconf 75' lang='lat' dir='ltr'>praecedebant,</span> <span class='ocrx_word' id='word_1_94' title='bbox 411 1288 462 1347; x_wconf 89' lang='lat' dir='ltr'>per</span> <span class='ocrx_word' id='word_1_95' title='bbox 482 1273 560 1331; x_wconf 87' lang='lat' dir='ltr'>viam</span> <span class='ocrx_word' id='word_1_96' title='bbox 582 1289 656 1347; x_wconf 89' lang='lat' dir='ltr'>quae</span> <span class='ocrx_word' id='word_1_97' title='bbox 679 1278 740 1330; x_wconf 89' lang='lat' dir='ltr'>erat</span> <span class='ocrx_word' id='word_1_98' title='bbox 761 1274 834 1331; x_wconf 91' lang='lat' dir='ltr'>inter</span> <span class='ocrx_word' id='word_1_99' title='bbox 855 1288 901 1331; x_wconf 89' lang='lat' dir='ltr'>me</span> <span class='ocrx_word' id='word_1_100' title='bbox 924 1277 952 1330; x_wconf 88' lang='lat' dir='ltr'>at</span> <span class='ocrx_word' id='word_1_101' title='bbox 973 1271 1100 1349; x_wconf 87' lang='lat' dir='ltr'>chorum,</span> <span class='ocrx_word' id='word_1_102' title='bbox 1120 1273 1205 1332; x_wconf 88' lang='lat' dir='ltr'>ince-</span> 
     </span>
     <span class='ocr_line' id='line_1_13' title="bbox 126 1357 1206 1444; baseline -0.001 -25"><span class='ocrx_word' id='word_1_103' title='bbox 126 1433 129 1444; x_wconf 91' lang='lat'>.</span> <span class='ocrx_word' id='word_1_104' title='bbox 163 1357 287 1420; x_wconf 87' lang='lat' dir='ltr'>dentem.</span> <span class='ocrx_word' id='word_1_105' title='bbox 328 1358 466 1438; x_wconf 80' lang='lat' dir='ltr'>Habebat</span> <span class='ocrx_word' id='word_1_106' title='bbox 494 1361 569 1418; x_wconf 90' lang='lat' dir='ltr'>enim</span> <span class='ocrx_word' id='word_1_107' title='bbox 597 1361 626 1416; x_wconf 90' lang='lat' dir='ltr'>in</span> <span class='ocrx_word' id='word_1_108' title='bbox 648 1359 741 1434; x_wconf 89' lang='lat' dir='ltr'>eapite</span> <span class='ocrx_word' id='word_1_109' title='bbox 764 1375 899 1418; x_wconf 90' lang='lat' dir='ltr'>coronam</span> <span class='ocrx_word' id='word_1_110' title='bbox 921 1357 1099 1418; x_wconf 86' lang='lat' dir='ltr'>diversorum</span> <span class='ocrx_word' id='word_1_111' title='bbox 1121 1358 1206 1418; x_wconf 91' lang='lat' dir='ltr'>colo·</span> 
     </span>
     <span class='ocr_line' id='line_1_14' title="bbox 162 1444 1206 1522; baseline 0 -18"><span class='ocrx_word' id='word_1_112' title='bbox 162 1462 242 1520; x_wconf 89' lang='lat' dir='ltr'>rum,</span> <span class='ocrx_word' id='word_1_113' title='bbox 274 1453 303 1505; x_wconf 88' lang='lat' dir='ltr'>et</span> <span class='ocrx_word' id='word_1_114' title='bbox 331 1451 392 1504; x_wconf 88' lang='lat' dir='ltr'>erat</span> <span class='ocrx_word' id='word_1_115' title='bbox 421 1459 499 1504; x_wconf 88' lang='lat' dir='ltr'>more</span> <span class='ocrx_word' id='word_1_116' title='bbox 526 1444 651 1505; x_wconf 85' lang='lat' dir='ltr'>Judaico</span> <span class='ocrx_word' id='word_1_117' title='bbox 680 1445 784 1518; x_wconf 83' lang='lat' dir='ltr'>velata.</span> <span class='ocrx_word' id='word_1_118' title='bbox 828 1444 958 1520; x_wconf 82' lang='lat' dir='ltr'><strong>Cumque</strong></span> <span class='ocrx_word' id='word_1_119' title='bbox 986 1445 1056 1504; x_wconf 91' lang='lat' dir='ltr'>mihi</span> <span class='ocrx_word' id='word_1_120' title='bbox 1083 1448 1206 1522; x_wconf 88' lang='lat' dir='ltr'>propin-</span> 
     </span>
     <span class='ocr_line' id='line_1_15' title="bbox 163 1527 1207 1611; baseline 0 -19"><span class='ocrx_word' id='word_1_121' title='bbox 163 1538 281 1608; x_wconf 87' lang='lat' dir='ltr'>quasset</span> <span class='ocrx_word' id='word_1_122' title='bbox 297 1527 322 1611; x_wconf 90' lang='lat'>¹),</span> <span class='ocrx_word' id='word_1_123' title='bbox 345 1535 426 1607; x_wconf 90' lang='lat' dir='ltr'>quasi</span> <span class='ocrx_word' id='word_1_124' title='bbox 448 1534 664 1592; x_wconf 86' lang='lat' dir='ltr'>exnecessitete</span> <span class='ocrx_word' id='word_1_125' title='bbox 686 1549 732 1590; x_wconf 93' lang='lat' dir='ltr'>me</span> <span class='ocrx_word' id='word_1_126' title='bbox 750 1539 880 1608; x_wconf 83' lang='lat' dir='ltr'>tangens,</span> <span class='ocrx_word' id='word_1_127' title='bbox 901 1537 982 1590; x_wconf 89' lang='lat' dir='ltr'>veste</span> <span class='ocrx_word' id='word_1_128' title='bbox 1003 1534 1151 1608; x_wconf 80' lang='lat' dir='ltr'>percussit,</span> <span class='ocrx_word' id='word_1_129' title='bbox 1173 1539 1207 1592; x_wconf 87' lang='lat' dir='ltr'>et</span> 
     </span>
     <span class='ocr_line' id='line_1_16' title="bbox 163 1618 1207 1695; baseline 0.001 -17"><span class='ocrx_word' id='word_1_130' title='bbox 163 1635 232 1678; x_wconf 86' lang='lat' dir='ltr'>occe</span> <span class='ocrx_word' id='word_1_131' title='bbox 252 1619 347 1678; x_wconf 88' lang='lat' dir='ltr'>subito</span> <span class='ocrx_word' id='word_1_132' title='bbox 369 1619 561 1693; x_wconf 84' lang='lat' dir='ltr'>confortatus,</span> <span class='ocrx_word' id='word_1_133' title='bbox 580 1621 621 1679; x_wconf 91' lang='lat' dir='ltr'>ita</span> <span class='ocrx_word' id='word_1_134' title='bbox 642 1621 734 1678; x_wconf 90' lang='lat' dir='ltr'>omnis</span> <span class='ocrx_word' id='word_1_135' title='bbox 755 1618 901 1694; x_wconf 83' lang='lat' dir='ltr'>praedicta</span> <span class='ocrx_word' id='word_1_136' title='bbox 921 1621 1040 1678; x_wconf 88' lang='lat' dir='ltr'>tentatio</span> <span class='ocrx_word' id='word_1_137' title='bbox 1064 1620 1207 1695; x_wconf 89' lang='lat' dir='ltr'>conquie-</span> 
     </span>
     <span class='ocr_line' id='line_1_17' title="bbox 163 1703 1204 1782; baseline 0.001 -16"><span class='ocrx_word' id='word_1_138' title='bbox 163 1707 213 1780; x_wconf 86' lang='lat' dir='ltr'>vit,</span> <span class='ocrx_word' id='word_1_139' title='bbox 234 1711 266 1764; x_wconf 91' lang='lat' dir='ltr'>ut</span> <span class='ocrx_word' id='word_1_140' title='bbox 288 1706 325 1765; x_wconf 92' lang='lat' dir='ltr'>ab</span> <span class='ocrx_word' id='word_1_141' title='bbox 347 1705 396 1764; x_wconf 92' lang='lat' dir='ltr'>illa</span> <span class='ocrx_word' id='word_1_142' title='bbox 408 1705 480 1766; x_wconf 90' lang='lat' dir='ltr'>hora</span> <span class='ocrx_word' id='word_1_143' title='bbox 495 1705 612 1765; x_wconf 82' lang='lat' dir='ltr'>deliciae</span> <span class='ocrx_word' id='word_1_144' title='bbox 634 1705 703 1764; x_wconf 92' lang='lat' dir='ltr'>mibi</span> <span class='ocrx_word' id='word_1_145' title='bbox 724 1707 780 1765; x_wconf 89' lang='lat' dir='ltr'>sint</span> <span class='ocrx_word' id='word_1_146' title='bbox 800 1708 840 1764; x_wconf 87' lang='lat' dir='ltr'>ira</span> <span class='ocrx_word' id='word_1_147' title='bbox 862 1703 900 1764; x_wconf 89' lang='lat' dir='ltr'>ad</span> <span class='ocrx_word' id='word_1_148' title='bbox 915 1708 1078 1765; x_wconf 82' lang='lat' dir='ltr'>matutinas.</span> <span class='ocrx_word' id='word_1_149' title='bbox 1108 1706 1204 1782; x_wconf 86' lang='lat' dir='ltr'>Spero</span> 
     </span>
     <span class='ocr_line' id='line_1_18' title="bbox 164 1785 1207 1870; baseline 0.001 -19"><span class='ocrx_word' id='word_1_150' title='bbox 164 1790 241 1870; x_wconf 90' lang='lat' dir='ltr'>quod</span> <span class='ocrx_word' id='word_1_151' title='bbox 263 1793 390 1852; x_wconf 90' lang='lat' dir='ltr'>Domina</span> <span class='ocrx_word' id='word_1_152' title='bbox 416 1799 514 1852; x_wconf 89' lang='lat' dir='ltr'>nostra</span> <span class='ocrx_word' id='word_1_153' title='bbox 542 1793 640 1867; x_wconf 84' lang='lat' dir='ltr'>fuerit,</span> <span class='ocrx_word' id='word_1_154' title='bbox 670 1809 745 1867; x_wconf 87' lang='lat' dir='ltr'>quae</span> <span class='ocrx_word' id='word_1_155' title='bbox 766 1785 961 1869; x_wconf 85' lang='lat' dir='ltr'>pusillanimes</span> <span class='ocrx_word' id='word_1_156' title='bbox 983 1793 1138 1868; x_wconf 73' lang='lat' dir='ltr'>confortat,</span> <span class='ocrx_word' id='word_1_157' title='bbox 1165 1809 1207 1852; x_wconf 89' lang='lat' dir='ltr'>nc</span> 
     </span>
     <span class='ocr_line' id='line_1_19' title="bbox 163 1877 1207 1955; baseline 0 -16"><span class='ocrx_word' id='word_1_158' title='bbox 163 1881 313 1940; x_wconf 87' lang='lat' dir='ltr'>tentationi</span> <span class='ocrx_word' id='word_1_159' title='bbox 333 1880 530 1940; x_wconf 83' lang='lat' dir='ltr'>succumbant</span> <span class='ocrx_word' id='word_1_160' title='bbox 573 1879 619 1938; x_wconf 89' lang='lat' dir='ltr'>De</span> <span class='ocrx_word' id='word_1_161' title='bbox 641 1879 686 1942; x_wconf 89' lang='lat' dir='ltr'>his</span> <span class='ocrx_word' id='word_1_162' title='bbox 717 1897 803 1939; x_wconf 90' lang='lat' dir='ltr'>ame</span> <span class='ocrx_word' id='word_1_163' title='bbox 825 1881 976 1955; x_wconf 89' lang='lat' dir='ltr'>requisitus</span> <span class='ocrx_word' id='word_1_164' title='bbox 996 1880 1074 1939; x_wconf 89' lang='lat' dir='ltr'>idem</span> <span class='ocrx_word' id='word_1_165' title='bbox 1094 1877 1207 1939; x_wconf 85' lang='lat' dir='ltr'>Hauri-</span> 
     </span>
     <span class='ocr_line' id='line_1_20' title="bbox 164 1965 1208 2043; baseline 0 -17"><span class='ocrx_word' id='word_1_166' title='bbox 164 1983 224 2042; x_wconf 90' lang='lat' dir='ltr'>cus,</span> <span class='ocrx_word' id='word_1_167' title='bbox 244 1983 302 2026; x_wconf 90' lang='lat' dir='ltr'>non</span> <span class='ocrx_word' id='word_1_168' title='bbox 322 1970 449 2043; x_wconf 80' lang='lat' dir='ltr'>negavit.</span> <span class='ocrx_word' id='word_1_169' title='bbox 491 1966 577 2042; x_wconf 84' lang='lat' dir='ltr'>Quod</span> <span class='ocrx_word' id='word_1_170' title='bbox 603 1983 672 2026; x_wconf 83' lang='lat' dir='ltr'>vero</span> <span class='ocrx_word' id='word_1_171' title='bbox 694 1972 838 2042; x_wconf 84' lang='lat' dir='ltr'>torpentes</span> <span class='ocrx_word' id='word_1_172' title='bbox 860 1965 898 2027; x_wconf 92' lang='lat' dir='ltr'>ad</span> <span class='ocrx_word' id='word_1_173' title='bbox 920 1966 1101 2026; x_wconf 89' lang='lat' dir='ltr'>devotionem</span> <span class='ocrx_word' id='word_1_174' title='bbox 1122 1968 1208 2026; x_wconf 87' lang='lat' dir='ltr'>exci-</span> 
     </span>
    </p>
   </div>
   <div class='ocr_carea' id='block_1_3' title="bbox 163 2052 1322 2129">
    <p class='ocr_par' dir='ltr' id='par_1_3' title="bbox 163 2052 1322 2129">
     <span class='ocr_line' id='line_1_21' title="bbox 163 2052 1322 2129; baseline 0 -17"><span class='ocrx_word' id='word_1_175' title='bbox 163 2059 213 2128; x_wconf 85' lang='lat' dir='ltr'>tet,</span> <span class='ocrx_word' id='word_1_176' title='bbox 233 2053 324 2112; x_wconf 88' lang='lat' dir='ltr'>habes</span> <span class='ocrx_word' id='word_1_177' title='bbox 346 2053 507 2129; x_wconf 87' lang='lat' dir='ltr'>exemplum</span> <span class='ocrx_word' id='word_1_178' title='bbox 538 2054 567 2112; x_wconf 90' lang='lat' dir='ltr'>in</span> <span class='ocrx_word' id='word_1_179' title='bbox 589 2054 767 2114; x_wconf 87' lang='lat' dir='ltr'>distinctione</span> <span class='ocrx_word' id='word_1_180' title='bbox 790 2059 892 2129; x_wconf 90' lang='lat' dir='ltr'>quarta</span> <span class='ocrx_word' id='word_1_181' title='bbox 914 2052 1038 2127; x_wconf 89' lang='lat' dir='ltr'>capitulo</span> <span class='ocrx_word' id='word_1_182' title='bbox 1059 2055 1206 2113; x_wconf 84' lang='lat' dir='ltr'>tricesimo</span> <span class='ocrx_word' id='word_1_183' title='bbox 1321 2097 1322 2112; x_wconf 69' lang='lat'>.</span> 
     </span>
    </p>
   </div>
   <div class='ocr_carea' id='block_1_4' title="bbox 144 2137 1209 2565">
    <p class='ocr_par' dir='ltr' id='par_1_4' title="bbox 144 2137 1209 2565">
     <span class='ocr_line' id='line_1_22' title="bbox 164 2137 1207 2220; baseline -0.002 -20"><span class='ocrx_word' id='word_1_184' title='bbox 164 2139 200 2201; x_wconf 87' lang='lat' dir='ltr'>ds</span> <span class='ocrx_word' id='word_1_185' title='bbox 215 2139 375 2200; x_wconf 79' lang='lat' dir='ltr'>Christiano</span> <span class='ocrx_word' id='word_1_186' title='bbox 396 2140 539 2201; x_wconf 89' lang='lat' dir='ltr'>monacho</span> <span class='ocrx_word' id='word_1_187' title='bbox 559 2147 665 2215; x_wconf 88' lang='lat' dir='ltr'>nostro,</span> <span class='ocrx_word' id='word_1_188' title='bbox 688 2158 772 2216; x_wconf 86' lang='lat' dir='ltr'>quom</span> <span class='ocrx_word' id='word_1_189' title='bbox 793 2143 823 2200; x_wconf 88' lang='lat' dir='ltr'>in</span> <span class='ocrx_word' id='word_1_190' title='bbox 841 2142 963 2200; x_wconf 89' lang='lat' dir='ltr'>oratorio</span> <span class='ocrx_word' id='word_1_191' title='bbox 987 2137 1207 2220; x_wconf 73' lang='lat' dir='ltr'>dormientem)</span> 
     </span>
     <span class='ocr_line' id='line_1_23' title="bbox 165 2224 1208 2304; baseline 0 -18"><span class='ocrx_word' id='word_1_192' title='bbox 165 2228 258 2304; x_wconf 85' lang='lat' dir='ltr'>tetigit</span> <span class='ocrx_word' id='word_1_193' title='bbox 279 2226 391 2287; x_wconf 70' lang='lat' dir='ltr'>diesim</span> <span class='ocrx_word' id='word_1_194' title='bbox 412 2227 477 2286; x_wconf 91' lang='lat' dir='ltr'>Non</span> <span class='ocrx_word' id='word_1_195' title='bbox 500 2233 544 2286; x_wconf 89' lang='lat' dir='ltr'>est</span> <span class='ocrx_word' id='word_1_196' title='bbox 564 2227 611 2288; x_wconf 90' lang='lat' dir='ltr'>hic</span> <span class='ocrx_word' id='word_1_197' title='bbox 626 2226 845 2302; x_wconf 87' lang='lat' dir='ltr'>dormitandum,</span> <span class='ocrx_word' id='word_1_198' title='bbox 866 2226 918 2286; x_wconf 89' lang='lat' dir='ltr'>sed</span> <span class='ocrx_word' id='word_1_199' title='bbox 940 2227 1088 2286; x_wconf 85' lang='lat' dir='ltr'>orandum.</span> <span class='ocrx_word' id='word_1_200' title='bbox 1130 2224 1208 2286; x_wconf 88' lang='lat' dir='ltr'>NO-</span> 
     </span>
     <span class='ocr_line' id='line_1_24' title="bbox 164 2311 1209 2396; baseline 0 -22"><span class='ocrx_word' id='word_1_201' title='bbox 164 2313 312 2374; x_wconf 82' lang='lat' dir='ltr'>VIOIUS:</span> <span class='ocrx_word' id='word_1_202' title='bbox 334 2315 414 2375; x_wconf 88' lang='lat' dir='ltr'>Bene</span> <span class='ocrx_word' id='word_1_203' title='bbox 435 2315 568 2396; x_wconf 83' lang='lat' dir='ltr'>recordor</span> <span class='ocrx_word' id='word_1_204' title='bbox 587 2314 672 2373; x_wconf 88' lang='lat' dir='ltr'>huius</span> <span class='ocrx_word' id='word_1_205' title='bbox 694 2314 818 2390; x_wconf 90' lang='lat' dir='ltr'>capituli.</span> <span class='ocrx_word' id='word_1_206' title='bbox 860 2312 1094 2374; x_wconf 83' lang='lat' dir='ltr'>MONAOHUS:</span> <span class='ocrx_word' id='word_1_207' title='bbox 1117 2311 1209 2390; x_wconf 87' lang='lat' dir='ltr'>Quod</span> 
     </span>
     <span class='ocr_line' id='line_1_25' title="bbox 144 2400 1208 2477; baseline 0.001 -17"><span class='ocrx_word' id='word_1_208' title='bbox 144 2417 234 2470; x_wconf 19' lang='lat' dir='ltr'>,vcro</span> <span class='ocrx_word' id='word_1_209' title='bbox 255 2416 308 2477; x_wconf 91' lang='lat' dir='ltr'>pro</span> <span class='ocrx_word' id='word_1_210' title='bbox 330 2403 388 2460; x_wconf 90' lang='lat' dir='ltr'>suis</span> <span class='ocrx_word' id='word_1_211' title='bbox 411 2402 492 2465; x_wconf 80' lang='lat' dir='ltr'>uitiis</span> <span class='ocrx_word' id='word_1_212' title='bbox 515 2401 551 2460; x_wconf 88' lang='lat' dir='ltr'>do</span> <span class='ocrx_word' id='word_1_213' title='bbox 572 2401 671 2461; x_wconf 91' lang='lat' dir='ltr'>ordine</span> <span class='ocrx_word' id='word_1_214' title='bbox 694 2402 789 2475; x_wconf 68' lang='lat' dir='ltr'>docti,</span> <span class='ocrx_word' id='word_1_215' title='bbox 817 2400 921 2460; x_wconf 85' lang='lat' dir='ltr'>beatae</span> <span class='ocrx_word' id='word_1_216' title='bbox 941 2400 1069 2477; x_wconf 86' lang='lat' dir='ltr'>Virginis</span> <span class='ocrx_word' id='word_1_217' title='bbox 1090 2401 1208 2462; x_wconf 87' lang='lat' dir='ltr'>miseri-</span> 
     </span>
     <span class='ocr_line' id='line_1_26' title="bbox 166 2487 907 2565; baseline -0.003 -17"><span class='ocrx_word' id='word_1_218' title='bbox 166 2487 263 2549; x_wconf 89' lang='lat' dir='ltr'>cordia</span> <span class='ocrx_word' id='word_1_219' title='bbox 283 2495 461 2563; x_wconf 84' lang='lat' dir='ltr'>revocentur,</span> <span class='ocrx_word' id='word_1_220' title='bbox 482 2505 604 2565; x_wconf 88' lang='lat' dir='ltr'>sequens</span> <span class='ocrx_word' id='word_1_221' title='bbox 626 2505 719 2548; x_wconf 88' lang='lat' dir='ltr'>senno</span> <span class='ocrx_word' id='word_1_222' title='bbox 742 2487 907 2548; x_wconf 86' lang='lat' dir='ltr'>declarabit.</span> 
     </span>
    </p>
   </div>
   <div class='ocr_carea' id='block_1_5' title="bbox 466 2660 891 2722">
    <p class='ocr_par' dir='ltr' id='par_1_5' title="bbox 466 2660 891 2722">
     <span class='ocr_line' id='line_1_27' title="bbox 466 2660 891 2722; baseline -0.002 -2"><span class='ocrx_word' id='word_1_223' title='bbox 466 2660 717 2722; x_wconf 82' lang='lat' dir='ltr'>·cAP1TULUM</span> <span class='ocrx_word' id='word_1_224' title='bbox 740 2661 891 2722; x_wconf 88' lang='lat' dir='ltr'>XXXVI.</span> 
     </span>
    </p>
   </div>
   <div class='ocr_carea' id='block_1_6' title="bbox 208 2781 1161 2946">
    <p class='ocr_par' dir='ltr' id='par_1_6' title="bbox 208 2781 1161 2946">
     <span class='ocr_line' id='line_1_28' title="bbox 208 2781 1161 2866; baseline -0.001 -21"><span class='ocrx_word' id='word_1_225' title='bbox 208 2786 256 2845; x_wconf 82' lang='lat' dir='ltr'>De</span> <span class='ocrx_word' id='word_1_226' title='bbox 277 2785 407 2866; x_wconf 80' lang='lat' dir='ltr'>chrico</span> <span class='ocrx_word' id='word_1_227' title='bbox 428 2784 573 2843; x_wconf 76' lang='lat' dir='ltr'>monacho</span> <span class='ocrx_word' id='word_1_228' title='bbox 596 2787 691 2857; x_wconf 79' lang='lat' dir='ltr'>electo,</span> <span class='ocrx_word' id='word_1_229' title='bbox 714 2785 766 2860; x_wconf 80' lang='lat' dir='ltr'>qui</span> <span class='ocrx_word' id='word_1_230' title='bbox 786 2785 896 2843; x_wconf 68' lang='lat' dir='ltr'>metitis</span> <span class='ocrx_word' id='word_1_231' title='bbox 918 2781 1161 2844; x_wconf 73' lang='lat' dir='ltr'>beataemariae</span> 
     </span>
     <span class='ocr_line' id='line_1_29' title="bbox 577 2876 788 2946; baseline 0.005 -18"><span class='ocrx_word' id='word_1_232' title='bbox 577 2877 709 2946; x_wconf 82' lang='lat' dir='ltr'>receptus</span> <span class='ocrx_word' id='word_1_233' title='bbox 739 2876 788 2929; x_wconf 85' lang='lat' dir='ltr'>eat.</span> 
     </span>
    </p>
   </div>
   <div class='ocr_carea' id='block_1_7' title="bbox 164 2972 1212 3226">
    <p class='ocr_par' dir='ltr' id='par_1_7' title="bbox 164 2972 1212 3226">
     <span class='ocr_line' id='line_1_30' title="bbox 229 2972 1210 3052; baseline 0 -18"><span class='ocrx_word' id='word_1_234' title='bbox 229 2975 340 3036; x_wconf 88' lang='lat' dir='ltr'>Eodem</span> <span class='ocrx_word' id='word_1_235' title='bbox 371 2983 500 3052; x_wconf 89' lang='lat' dir='ltr'>tempore</span> <span class='ocrx_word' id='word_1_236' title='bbox 529 2992 586 3051; x_wconf 92' lang='lat' dir='ltr'>quo</span> <span class='ocrx_word' id='word_1_237' title='bbox 608 2974 713 3034; x_wconf 89' lang='lat' dir='ltr'>Daniel</span> <span class='ocrx_word' id='word_1_238' title='bbox 740 2974 898 3035; x_wconf 89' lang='lat' dir='ltr'>monachus</span> <span class='ocrx_word' id='word_1_239' title='bbox 925 2975 955 3032; x_wconf 92' lang='lat' dir='ltr'>in</span> <span class='ocrx_word' id='word_1_240' title='bbox 977 2972 1210 3051; x_wconf 88' lang='lat' dir='ltr'>Hammenrode‚</span> 
     </span>
     <span class='ocr_line' id='line_1_31' title="bbox 165 3058 1212 3139; baseline 0.001 -17"><span class='ocrx_word' id='word_1_241' title='bbox 165 3063 209 3122; x_wconf 87' lang='lat' dir='ltr'>vir</span> <span class='ocrx_word' id='word_1_242' title='bbox 229 3063 350 3139; x_wconf 84' lang='lat' dir='ltr'>simplex</span> <span class='ocrx_word' id='word_1_243' title='bbox 373 3069 401 3122; x_wconf 90' lang='lat' dir='ltr'>et</span> <span class='ocrx_word' id='word_1_244' title='bbox 421 3069 529 3137; x_wconf 87' lang='lat' dir='ltr'>rectus,</span> <span class='ocrx_word' id='word_1_245' title='bbox 557 3062 688 3122; x_wconf 89' lang='lat' dir='ltr'>ultimam</span> <span class='ocrx_word' id='word_1_246' title='bbox 708 3061 807 3121; x_wconf 89' lang='lat' dir='ltr'>incidit</span> <span class='ocrx_word' id='word_1_247' title='bbox 826 3060 1033 3136; x_wconf 87' lang='lat' dir='ltr'>infirmitatem,</span> <span class='ocrx_word' id='word_1_248' title='bbox 1053 3058 1212 3122; x_wconf 86' lang='lat' dir='ltr'>laborabat</span> 
     </span>
     <span class='ocr_line' id='line_1_32' title="bbox 164 3146 1211 3226; baseline 0.001 -18"><span class='ocrx_word' id='word_1_249' title='bbox 164 3151 194 3208; x_wconf 90' lang='lat' dir='ltr'>in</span> <span class='ocrx_word' id='word_1_250' title='bbox 226 3148 329 3211; x_wconf 86' lang='lat' dir='ltr'>cadem</span> <span class='ocrx_word' id='word_1_251' title='bbox 362 3149 447 3210; x_wconf 91' lang='lat' dir='ltr'>domo</span> <span class='ocrx_word' id='word_1_252' title='bbox 475 3149 601 3226; x_wconf 88' lang='lat' dir='ltr'>ydropisi</span> <span class='ocrx_word' id='word_1_253' title='bbox 629 3149 703 3209; x_wconf 90' lang='lat' dir='ltr'>alius</span> <span class='ocrx_word' id='word_1_254' title='bbox 731 3149 848 3226; x_wconf 91' lang='lat' dir='ltr'>quidam</span> <span class='ocrx_word' id='word_1_255' title='bbox 876 3147 1034 3210; x_wconf 82' lang='lat' dir='ltr'>nonachus</span> <span class='ocrx_word' id='word_1_256' title='bbox 1062 3146 1211 3209; x_wconf 87' lang='lat' dir='ltr'>Henricus</span> 
     </span>
    </p>
   </div>
   <div class='ocr_carea' id='block_1_8' title="bbox 164 3233 1320 3312">
    <p class='ocr_par' dir='ltr' id='par_1_8' title="bbox 164 3233 1320 3312">
     <span class='ocr_line' id='line_1_33' title="bbox 164 3233 1320 3312; baseline -0.002 -16"><span class='ocrx_word' id='word_1_257' title='bbox 164 3237 295 3312; x_wconf 90' lang='lat' dir='ltr'>nomine,</span> <span class='ocrx_word' id='word_1_258' title='bbox 317 3236 415 3297; x_wconf 90' lang='lat' dir='ltr'>ordine</span> <span class='ocrx_word' id='word_1_259' title='bbox 433 3236 587 3310; x_wconf 88' lang='lat' dir='ltr'>sacerdos,</span> <span class='ocrx_word' id='word_1_260' title='bbox 608 3254 667 3298; x_wconf 88' lang='lat' dir='ltr'>nou</span> <span class='ocrx_word' id='word_1_261' title='bbox 688 3243 785 3298; x_wconf 86' lang='lat' dir='ltr'>tamen</span> <span class='ocrx_word' id='word_1_262' title='bbox 806 3236 901 3296; x_wconf 89' lang='lat' dir='ltr'>adhuc</span> <span class='ocrx_word' id='word_1_263' title='bbox 923 3234 998 3295; x_wconf 87' lang='lat' dir='ltr'>lecto</span> <span class='ocrx_word' id='word_1_264' title='bbox 1021 3233 1211 3310; x_wconf 90' lang='lat' dir='ltr'>decumbens,</span> <span class='ocrx_word' id='word_1_265' title='bbox 1319 3239 1320 3245; x_wconf 78' lang='grc'>’</span> 
     </span>
    </p>
   </div>
   <div class='ocr_carea' id='block_1_9' title="bbox 164 3317 1211 3576">
    <p class='ocr_par' dir='ltr' id='par_1_9' title="bbox 164 3317 1211 3576">
     <span class='ocr_line' id='line_1_34' title="bbox 164 3317 1210 3403; baseline -0.002 -20"><span class='ocrx_word' id='word_1_266' title='bbox 164 3321 216 3384; x_wconf 87' lang='lat' dir='ltr'>sed</span> <span class='ocrx_word' id='word_1_267' title='bbox 245 3323 392 3383; x_wconf 89' lang='lat' dir='ltr'>ambulare</span> <span class='ocrx_word' id='word_1_268' title='bbox 419 3319 500 3403; x_wconf 70' lang='lat' dir='ltr'>vix2)</span> <span class='ocrx_word' id='word_1_269' title='bbox 529 3323 681 3392; x_wconf 79' lang='lat' dir='ltr'>sufficiens.</span> <span class='ocrx_word' id='word_1_270' title='bbox 724 3323 781 3402; x_wconf 86' lang='lat' dir='ltr'>Qui</span> <span class='ocrx_word' id='word_1_271' title='bbox 809 3322 847 3383; x_wconf 89' lang='lat' dir='ltr'>ad</span> <span class='ocrx_word' id='word_1_272' title='bbox 874 3322 981 3382; x_wconf 87' lang='lat' dir='ltr'>lectum</span> <span class='ocrx_word' id='word_1_273' title='bbox 1001 3320 1174 3382; x_wconf 87' lang='lat' dir='ltr'>infirmitatis</span> <span class='ocrx_word' id='word_1_274' title='bbox 1185 3317 1210 3402; x_wconf 76' lang='lat'>⁴)</span> 
     </span>
     <span class='ocr_line' id='line_1_35' title="bbox 164 3407 1211 3487; baseline 0.001 -18"><span class='ocrx_word' id='word_1_275' title='bbox 164 3412 344 3487; x_wconf 88' lang='lat' dir='ltr'>appropians,</span> <span class='ocrx_word' id='word_1_276' title='bbox 365 3410 438 3470; x_wconf 87' lang='lat' dir='ltr'>haec</span> <span class='ocrx_word' id='word_1_277' title='bbox 459 3411 549 3470; x_wconf 86' lang='lat' dir='ltr'>verba</span> <span class='ocrx_word' id='word_1_278' title='bbox 570 3412 607 3470; x_wconf 88' lang='lat' dir='ltr'>ab</span> <span class='ocrx_word' id='word_1_279' title='bbox 630 3409 732 3470; x_wconf 90' lang='lat' dir='ltr'>eodem</span> <span class='ocrx_word' id='word_1_280' title='bbox 753 3409 874 3469; x_wconf 87' lang='lat' dir='ltr'>Daniele</span> <span class='ocrx_word' id='word_1_281' title='bbox 896 3409 1020 3469; x_wconf 86' lang='lat' dir='ltr'>audivit:</span> <span class='ocrx_word' id='word_1_282' title='bbox 1042 3407 1211 3470; x_wconf 85' lang='lat' dir='ltr'>Monachus</span> 
     </span>
     <span class='ocr_line' id='line_1_36' title="bbox 164 3491 1210 3576; baseline -0.003 -20"><span class='ocrx_word' id='word_1_283' title='bbox 164 3496 212 3556; x_wconf 87' lang='lat' dir='ltr'>illc</span> <span class='ocrx_word' id='word_1_284' title='bbox 233 3497 338 3556; x_wconf 86' lang='lat' dir='ltr'>multas</span> <span class='ocrx_word' id='word_1_285' title='bbox 350 3495 439 3557; x_wconf 87' lang='lat' dir='ltr'>habet</span> <span class='ocrx_word' id='word_1_286' title='bbox 459 3497 562 3557; x_wconf 67' lang='lat' dir='ltr'>baama</span> <span class='ocrx_word' id='word_1_287' title='bbox 577 3498 687 3574; x_wconf 87' lang='lat' dir='ltr'>Virgini</span> <span class='ocrx_word' id='word_1_288' title='bbox 708 3498 810 3557; x_wconf 83' lang='lat' dir='ltr'>referre</span> <span class='ocrx_word' id='word_1_289' title='bbox 827 3500 943 3576; x_wconf 82' lang='lat' dir='ltr'>gratias.</span> <span class='ocrx_word' id='word_1_290' title='bbox 974 3492 1105 3555; x_wconf 87' lang='lat' dir='ltr'>Audiens</span> <span class='ocrx_word' id='word_1_291' title='bbox 1118 3491 1210 3575; x_wconf 75' lang='lat' dir='ltr'>hoc‘)</span> 
     </span>
    </p>
   </div>
   <div class='ocr_carea' id='block_1_10' title="bbox 184 3647 1319 3785">
    <p class='ocr_par' dir='ltr' id='par_1_10' title="bbox 184 3647 1319 3785">
     <span class='ocr_line' id='line_1_37' title="bbox 184 3647 1319 3724; baseline -0.001 -21"><span class='ocrx_word' id='word_1_292' title='bbox 184 3648 254 3719; x_wconf 85' lang='lat' dir='ltr'>i)B</span> <span class='ocrx_word' id='word_1_293' title='bbox 278 3649 590 3717; x_wconf 76' lang='lat' dir='ltr'>appropinquasset.</span> <span class='ocrx_word' id='word_1_294' title='bbox 616 3677 646 3688; x_wconf 92' lang='lat'>-</span> <span class='ocrx_word' id='word_1_295' title='bbox 671 3648 704 3715; x_wconf 84' lang='lat'>2)</span> <span class='ocrx_word' id='word_1_296' title='bbox 727 3647 748 3701; x_wconf 89' lang='lat' dir='ltr'>B</span> <span class='ocrx_word' id='word_1_297' title='bbox 772 3647 1014 3700; x_wconf 81' lang='lat' dir='ltr'>dormitantem.</span> <span class='ocrx_word' id='word_1_298' title='bbox 1043 3675 1075 3688; x_wconf 92' lang='lat'><em>-</em></span> <span class='ocrx_word' id='word_1_299' title='bbox 1100 3647 1133 3716; x_wconf 83' lang='grc'>3)</span> <span class='ocrx_word' id='word_1_300' title='bbox 1160 3647 1209 3702; x_wconf 76' lang='grc' dir='ltr'>ΑΒ</span> <span class='ocrx_word' id='word_1_301' title='bbox 1318 3669 1319 3724; x_wconf 55' lang='lat' dir='ltr'>p</span> 
     </span>
     <span class='ocr_line' id='line_1_38' title="bbox 235 3716 1319 3785; baseline 0 -15"><span class='ocrx_word' id='word_1_302' title='bbox 235 3718 293 3770; x_wconf 86' lang='lat' dir='ltr'>sed</span> <span class='ocrx_word' id='word_1_303' title='bbox 319 3718 509 3785; x_wconf 85' lang='lat' dir='ltr'>ambulavit,</span> <span class='ocrx_word' id='word_1_304' title='bbox 535 3718 556 3772; x_wconf 80' lang='grc'>0</span> <span class='ocrx_word' id='word_1_305' title='bbox 579 3717 636 3771; x_wconf 81' lang='lat' dir='ltr'>sed</span> <span class='ocrx_word' id='word_1_306' title='bbox 663 3719 717 3770; x_wconf 84' lang='lat' dir='ltr'>vix</span> <span class='ocrx_word' id='word_1_307' title='bbox 742 3718 925 3784; x_wconf 82' lang='lat' dir='ltr'>ambulare,</span> <span class='ocrx_word' id='word_1_308' title='bbox 951 3717 991 3771; x_wconf 85' lang='lat' dir='ltr'>BP</span> <span class='ocrx_word' id='word_1_309' title='bbox 1018 3716 1076 3769; x_wconf 83' lang='lat' dir='ltr'>sod</span> <span class='ocrx_word' id='word_1_310' title='bbox 1099 3717 1211 3770; x_wconf 85' lang='lat' dir='ltr'>ambn·</span> <span class='ocrx_word' id='word_1_311' title='bbox 1318 3725 1319 3730; x_wconf 78' lang='grc'>’</span> 
     </span>
    </p>
   </div>
   <div class='ocr_carea' id='block_1_11' title="bbox 235 3787 1210 3913">
    <p class='ocr_par' dir='ltr' id='par_1_11' title="bbox 235 3787 1210 3913">
     <span class='ocr_line' id='line_1_39' title="bbox 235 3787 1210 3912; baseline 0.001 -71"><span class='ocrx_word' id='word_1_312' title='bbox 235 3788 314 3912; x_wconf 49' lang='lat' dir='ltr'>bar?</span> <span class='ocrx_word' id='word_1_313' title='bbox 340 3819 371 3830; x_wconf 91' lang='lat'>-·</span> <span class='ocrx_word' id='word_1_314' title='bbox 397 3789 429 3859; x_wconf 81' lang='lat'>4)</span> <span class='ocrx_word' id='word_1_315' title='bbox 447 3788 488 3842; x_wconf 83' lang='lat' dir='ltr'>Dl’</span> <span class='ocrx_word' id='word_1_316' title='bbox 511 3788 723 3843; x_wconf 78' lang='lat' dir='ltr'>infirmantis.</span> <span class='ocrx_word' id='word_1_317' title='bbox 758 3787 830 3842; x_wconf 83' lang='lat' dir='ltr'>Goui.</span> <span class='ocrx_word' id='word_1_318' title='bbox 854 3788 901 3854; x_wconf 81' lang='lat' dir='ltr'>w,</span> <span class='ocrx_word' id='word_1_319' title='bbox 925 3788 966 3841; x_wconf 86' lang='lat'>15.</span> <span class='ocrx_word' id='word_1_320' title='bbox 990 3803 1016 3857; x_wconf 85' lang='lat' dir='ltr'>p.</span> <span class='ocrx_word' id='word_1_321' title='bbox 1036 3787 1095 3842; x_wconf 79' lang='lat'>186.</span> <span class='ocrx_word' id='word_1_322' title='bbox 1119 3815 1151 3828; x_wconf 89' lang='lat'>·-</span> <span class='ocrx_word' id='word_1_323' title='bbox 1175 3788 1210 3857; x_wconf 81' lang='lat'>5)</span> 
     </span>
     <span class='ocr_line' id='line_1_40' title="bbox 306 3867 1108 3913; baseline 0.002 -2"><span class='ocrx_word' id='word_1_324' title='bbox 306 3874 370 3913; x_wconf 79' lang='lat' dir='ltr'>tec.</span> <span class='ocrx_word' id='word_1_325' title='bbox 1101 3867 1108 3886; x_wconf 78' lang='grc'><em>“</em></span> 
     </span>
    </p>
   </div>
   <div class='ocr_carea' id='block_1_12' title="bbox 0 0 1341 4308">
    <p class='ocr_par' dir='ltr' id='par_1_12' title="bbox 0 0 1341 4308">
     <span class='ocr_line' id='line_1_41' title="bbox 0 0 1341 4308; baseline 0 0"><span class='ocrx_word' id='word_1_326' title='bbox 0 0 1341 4308; x_wconf 95' lang='lat' dir='ltr'> </span> 
     </span>
    </p>
   </div>
  </div>
 </body>
</html>
