2628 4310
338 251 392 312 DE
414 249 596 314 PRAEMIO
617 249 883 314 MORTUORUM.
1064 251 1126 310 335

90 371 150 431 lum
170 373 327 448 requireret
346 390 401 434 nco
422 373 551 447 haberet,
573 374 627 432 ait:
649 372 713 449 Ego
729 368 818 432 'vobis
829 368 847 452 ¹)
870 373 994 432 serviam
1015 370 1128 446 quoad·

90 475 182 534 usquc
190 456 211 540 ²)
233 459 390 520 volueritis.
424 459 473 520 Ao
486 462 652 536 petitionem
665 465 762 518 tamen
775 458 986 534 praedictorum
1000 460 1129 518 virorum

91 545 224 606 dimissum
246 551 320 606 esta
339 546 484 606 nauclero.
508 545 578 622 vQui
601 563 666 606 oum
683 562 815 605 reversus
835 546 934 606 luisset
954 543 991 604 ad
1009 560 1129 606 uxorem

90 650 187 707 suam,
215 649 297 692 sacro
326 635 391 710 igne
421 640 516 694 taetus
545 639 598 692 est.
642 631 695 691 Cui
716 632 826 694 ardenti
847 631 972 707 quadam
993 636 1079 690 noete
1099 632 1129 690 in

90 722 199 780 somnis
221 719 329 780 dictum
351 725 403 795 est,
423 723 493 794 quia
514 721 538 778 si
558 719 598 778 ad
612 718 763 778 ecclesiam
777 722 868 778 eeueti
881 716 1021 794 Nyeholai
1043 733 1129 780 aece-

91 805 187 880 deret,
218 809 315 866 statim
343 807 567 867 convalesceret.
603 805 675 866 ·Ubi
704 806 773 865 dum
802 821 886 864 orans
915 803 1129 880 quatuordecim
1159 840 1163 848 ·

91 895 235 952 orationes
257 892 375 952 dixisset
406 909 460 952 neo
490 891 697 965 convaluisset,
728 891 896 968 desperatus
934 892 989 951 ait:
1023 889 1129 950 Sancte

80 979 240 1056 vNyeholae
251 979 320 1054 quid
332 978 472 1040 moraris?
494 977 593 1060 Mori)
616 986 649 1038 ut
670 977 950 1054 quintamdecimam
971 979 1129 1037 orationem

91 1068 211 1142 incepit,
232 1066 357 1143 perfecte
390 1066 547 1143 convaluit3
578 1073 607 1126 et
628 1071 672 1125 est
703 1081 796 1141 usque
828 1063 914 1124 hodie
946 1063 1026 1124 color
1057 1065 1130 1140 ignis

89 1155 204 1212 ineius
233 1170 350 1229 corpore
379 1156 440 1214 sine
462 1153 569 1213 dolore.
613 1152 708 1229 Quam
737 1153 887 1212 eeclesiam
915 1151 1045 1226 quaein
1075 1150 1130 1209 vil-

91 1239 121 1299 la
142 1236 284 1319 Staium‘)
306 1243 361 1300 sita
382 1247 441 1315 est,
463 1239 500 1299 dc
521 1257 573 1300 suo
595 1241 766 1314 patrimonio
787 1237 989 1312 reaedificans,
1017 1239 1046 1295 in
1074 1236 1130 1297 he·

92 1327 155 1386 bitu
175 1326 308 1404 religioso
340 1344 407 1386 oum
427 1345 517 1386 uxore
539 1345 593 1386 sua
614 1327 678 1386 Deo
701 1332 730 1385 et
751 1331 851 1386 saneto
872 1323 1022 1401 Nycholao
1044 1325 1074 1382 in
1096 1339 1131 1382 ea

92 1414 225 1472 deservit.
268 1411 472 1474 NOVIGIUS:
501 1412 614 1473 Vellem
643 1416 716 1472 scire
743 1411 868 1488 perfecte
890 1417 985 1470 utrum
1006 1412 1060 1468 iste
1082 1426 1131 1469 rc-

93 1506 215 1560 vocatue
237 1503 274 1558 sit
295 1499 330 1559 de
352 1501 460 1560 inferno
478 1503 540 1560 sive
562 1499 598 1558 de
610 1497 784 1580 purgatorio.
815 1495 1052 1559 MONACHUS:
1074 1495 1131 1556 Sa-

93 1589 130 1646 tis
152 1586 217 1644 inde
240 1585 416 1662 disputatum
438 1593 490 1646 cst.
534 1586 620 1662 Quod
648 1604 706 1646 non
732 1587 865 1645 fueritin
886 1585 1067 1660 purgatorio,
1095 1599 1131 1642 cx

93 1674 150 1733 hoc
172 1673 317 1748 probatur,
339 1669 444 1752 quod⁵)
466 1673 548 1732 loeus
569 1673 724 1733 electorum
746 1675 790 1749 sit,
811 1675 840 1730 in
862 1688 948 1747 quem
969 1669 1064 1730 nullus
1084 1671 1132 1728 in·

93 1759 231 1838 graditur,
251 1761 306 1818 nisi
325 1761 355 1817 in
377 1761 494 1819 caritate
514 1759 677 1824 decesserit.
719 1759 750 1818 Si
772 1760 905 1818 obiicitur
924 1757 1007 1816 illud:
1029 1756 1064 1815 In
1085 1757 1132 1815 in·

93 1848 174 1906 forno
203 1846 283 1906 nulla
304 1852 348 1905 est
368 1837 540 1922 redemptio,
569 1852 664 1921 potest
685 1845 756 1920 dici,
785 1845 821 1906 de
841 1845 896 1904 illis
917 1842 1132 1920 intelligendum
1192 1919 1193 1922 Ἴ

95 1951 176 2008 esse,
198 1936 248 2008 qui
268 1950 327 1992 non
349 1939 416 1994 sunt
435 1935 577 1992 reversuri
598 1931 636 1992 ad
658 1949 776 2009 corpus,
801 1933 905 2008 quibus
926 1930 1007 1990 nulla
1026 1929 1065 1988 ad
1085 1946 1133 1988 re-

96 2020 289 2095 demptionem
310 2025 430 2094 prosunt
452 2018 599 2078 beneficia.
642 2018 709 2080 Una
736 2026 780 2078 cst
800 2019 847 2078 lex
869 2019 996 2077 omnium
1018 2021 1133 2075 eontra-

95 2109 211 2166 riorum.
254 2105 286 2166 Si
299 2106 380 2165 Deus
403 2104 582 2180 quorundam
603 2108 721 2179 animas,
742 2107 816 2165 sicut
832 2104 935 2182 legitur
955 2106 983 2161 iu
1000 2102 1133 2178 Dialogo,

96 2190 270 2268 quandoque
292 2198 409 2252 revocat
429 2192 468 2251 ad
489 2209 592 2268 eorpus
615 2193 650 2252 de
672 2191 784 2270 gaudiis
805 2190 945 2267 paradisi,
967 2206 1054 2265 quare
1075 2206 1133 2249 nou

95 2298 115 2338 a
144 2279 227 2337 simili
255 2278 396 2338 melorum
425 2281 535 2338 animas
564 2278 600 2338 de
625 2282 725 2354 poenis
754 2276 872 2337 inferni?
916 2276 998 2336 Sicut
1026 2276 1134 2335 dictum

96 2371 141 2426 est
173 2368 202 2423 in
230 2363 410 2425 distinctione
438 2369 530 2442 prima
558 2367 683 2441 capitulo
705 2367 846 2425 tricesimo
870 2369 986 2439 quarto,
1014 2361 1133 2422 clericus

93 2451 214 2528 quidem
242 2453 419 2513 custodiente
447 2471 479 2513 se
501 2452 615 2513 diaholo
639 2451 824 2527 corporaliter
849 2451 887 2510 ad
917 2467 1025 2526 poenas
1046 2449 1133 2509 infer·

94 2539 175 2599 nales
198 2545 241 2598 est
262 2538 411 2614 deductus,
433 2546 462 2599 et
483 2540 633 2600 incolumis
651 2539 794 2599 reductus.
837 2535 1039 2598 NOVIGIUS:
1062 2536 1133 2596 Pla-

95 2633 143 2687 cet
172 2625 251 2702 quod
280 2626 359 2685 dicis.
391 2624 628 2687 MONACHUS:
649 2627 733 2686 Nune
755 2625 791 2684 de
812 2627 912 2700 poeuis
932 2625 1102 2700 purgatoriis
1111 2619 1132 2702 ε)

94 2713 193 2788 aliqua
225 2714 276 2771 tibi
307 2713 449 2788 proferam
479 2714 627 2790 exempla,
658 2714 695 2774 ab
724 2712 879 2772 acrioribus
907 2710 1066 2770 ascendens
1095 2710 1133 2769 ad

93 2802 229 2874 mitiores,
251 2815 353 2860 causas
375 2803 531 2878 purgatorii
552 2801 635 2860 utiles
657 2803 726 2860 satis
748 2796 954 2859 subnectendo.

430 2973 663 3035 CAPITULUM
684 2973 802 3033 XXIV.

151 3140 153 3148 .
228 3095 277 3154 Dc
293 3097 473 3170 purpotonr‘o
496 3095 650 3154 cuiuedom
672 3097 805 3154 usurarii
826 3093 1002 3162 Leodc'cneie.

160 3216 314 3277 Ueurarius
342 3215 459 3292 quidam
488 3219 591 3274 nostris
620 3217 796 3292 temporibus
818 3215 895 3292 apud
917 3213 1058 3274 Leodium
1079 3213 1132 3273 de·-

92 3304 208 3363 functus
230 3309 288 3378 est,
310 3311 339 3364 et
360 3305 397 3363 ab
419 3303 563 3378 Episcopo
586 3303 622 3362 de
644 3305 780 3362 cimiterio
803 3305 919 3362 eiectus.
962 3301 1042 3362 Uxor
1062 3317 1132 3361 vero

92 3389 169 3449 illius
190 3389 296 3450 Sedem
316 3388 516 3466 Apostolicam
536 3389 644 3465 adiens,
667 3405 805 3465 cumpro
828 3389 963 3448 cimiterio
985 3387 1133 3463 supplica·
1162 3451 1168 3462 ,

93 3484 145 3552 ret,
168 3483 197 3535 et
210 3476 293 3552 Papa
313 3494 371 3536 non
393 3482 539 3552 annueret,
560 3479 589 3534 in
611 3477 687 3536 hunc
709 3475 827 3535 modum
847 3492 899 3552 pro
923 3490 957 3534 eo
979 3473 1132 3550 allegavit:

93 3563 202 3623 Audivi
224 3562 338 3625 domiue
360 3563 438 3640 quod
459 3566 503 3622 vir
525 3569 554 3623 ct
575 3562 676 3622 mulier
696 3579 786 3622 unum
807 3563 877 3638 siut,
899 3569 928 3622 et
949 3560 1027 3636 quod
1048 3557 1133 3635 Apo·

113 3680 144 3748 1)
163 3677 183 3730 C
202 3694 261 3748 ego
279 3679 446 3732 vobiscum
465 3679 518 3732 ibo
536 3687 575 3732 et.
594 3709 626 3718 —
645 3679 677 3746 2)
695 3679 716 3732 E
735 3693 911 3747 quousque.
930 3706 961 3715 -
976 3675 1008 3743 3)
1025 3674 1045 3726 Β
1064 3689 1133 3726 mox

164 3763 250 3800 vero.
271 3779 302 3789 -
315 3751 347 3817 l)
365 3749 546 3810 Stalumom
565 3749 641 3814 CDF;
660 3750 678 3800 P
696 3747 773 3800 habet
791 3747 940 3816 quadarn,
958 3744 1018 3796 Est
1035 3758 1092 3795 corr
1109 3743 1132 3796 Α

163 3820 272 3870 sancti
299 3819 588 3889 Nycholai.—5)B
606 3817 839 3888 eoquod-6)
861 3813 1131 3884 BFl’purgetorli.
