2594 4302
138 167 143 174 ’
181 213 243 272 sae
456 279 459 286 ,
495 205 725 270 nmmuomo
747 205 905 270 nucum

180 349 239 392 non
266 335 363 406 potest
373 325 392 410 ¹)
412 333 602 406 prosperitus,
630 348 726 408 nequo
746 330 876 409 tangere
898 327 1074 405 adversitas,
1101 329 1163 390 sive
1182 326 1215 390 de

180 434 305 496 persona
318 419 442 492 meesit,
463 420 525 478 sive
547 415 611 498 deb
633 418 762 478 aliorum.
806 415 860 478 cui
882 434 948 478 cum
970 416 1089 476 dixisset
1108 415 1217 490 Abbas,

181 521 240 564 uon
266 510 295 562 te
323 500 479 584 turbauit⁸)
509 504 587 581 quod
615 505 696 564 miles
725 505 790 564 talis
812 520 903 580 nuper
923 505 1073 580 grangiam
1094 509 1218 564 nostram

182 589 328 672 ipcendit?
349 590 512 667 respondit:
531 591 606 652 Non.
638 591 745 652 Totum
764 593 840 652 enim
853 590 919 650 Deo
942 590 1080 652 commisi.
1111 589 1144 650 Si
1157 606 1219 650 mo·

182 677 279 739 dicum
302 676 412 752 habeo,
445 694 512 738 cum
538 680 694 754 gratiarum
715 680 828 739 actione
850 670 1002 757 recipio¹);
1031 679 1056 736 si
1084 675 1219 751 multum,

182 766 286 824 iterum
307 766 415 840 gratias
436 781 502 842 ago.
544 763 582 824 Et
591 761 611 844 ⁸)
634 767 769 842 cognovit
789 762 892 825 Abbas
914 762 992 840 quod
1014 780 1105 824 eausa
1125 769 1220 824 tanae

169 847 294 911 'virtutis
331 857 406 911 esset
433 868 514 911 amor
541 846 614 926 Dei,
651 858 680 910 et
709 859 889 927 contemptus
915 867 1010 910 rerum
1037 856 1221 910 terrenarum.

183 936 306 1000 Sanctae
327 939 456 1014 virtutes,
482 937 554 998 fides
574 935 716 1013 videlieet,
738 955 814 1014 spos,
835 940 949 1013 caritas,
968 939 1086 1013 iustitia,
1106 937 1222 997 bumili-

182 1031 236 1100 tas,
258 1023 429 1100 obedientia,
449 1023 529 1086 zelus
552 1024 725 1102 disciplinae,
746 1031 835 1101 atque
857 1025 1027 1101 compassio,
1048 1039 1137 1101 saepo
1158 1016 1223 1102 glo·

181 1114 224 1172 ria
245 1110 446 1172 miraculorum
468 1117 697 1188 remunerantur,
726 1113 800 1172 sicut
820 1111 1063 1188 subsequentibus
1085 1111 1223 1190 exemplis

183 1197 353 1261 declaratur.

540 1386 773 1450 unumunurn
790 1389 860 1482 un

182 1511 230 1570 De
258 1513 368 1570 notice
398 1509 519 1586 {moaci
538 1513 570 1569 tn
593 1481 796 1570 Hemeroboeb‘
815 1512 929 1570 baciaco
958 1517 986 1570 et
1005 1528 1060 1588 per
1086 1516 1226 1581 amaccura

549 1595 700 1657 «Iacobum
721 1597 853 1657 liberato.

246 1716 340 1779 Juxta
370 1717 518 1779 Coloniam
555 1717 629 1779 duae
663 1721 875 1802 generationes
894 1719 1064 1780 rusticorum
1091 1719 1168 1778 inter
1197 1734 1227 1778 se

183 1821 286 1883 graves
309 1807 378 1866 satis
404 1807 564 1866 inimicitias
586 1805 767 1866 exercebant
809 1805 854 1864 Ex
876 1806 980 1882 quibus
1002 1823 1061 1866 una
1080 1805 1228 1879 infirmior,

182 1894 213 1951 in
249 1898 375 1952 castrum
408 1895 535 1952 vicinum
562 1887 792 1973 Hemersbaeh⁶)
827 1909 859 1952 so
887 1892 1039 1952 transtulit.
1088 1890 1139 1952 De
1169 1908 1227 1968 quo

182 1984 294 2056 partem
323 1979 475 2039 adversam
503 1981 573 2040 satis
602 1978 803 2055 damnificaus,
831 1996 897 2038 cum
920 1978 965 2038 die
987 1977 1113 2055 quadam
1135 1996 1227 2038 unum

184 2083 221 2129 ex
248 2067 289 2126 eis
318 2068 474 2142 cepissent,
502 2065 632 2126 volentes
661 2071 718 2126 tres
740 2082 776 2125 ex
798 2066 839 2126 eis
859 2061 1159 2146 pecuniae'aliquidb
1188 2065 1225 2126 ab

183 2152 231 2212 illo
262 2158 447 2230 extorquere,
480 2151 628 2213 dicebant:
657 2151 689 2213 Si
716 2169 775 2211 non
804 2151 916 2213 dederis
944 2153 1027 2212 nobis
1054 2155 1227 2228 pecuniam,

183 2241 335 2317 puniemus
364 2245 402 2299 te.
453 2236 564 2316 Quibus
592 2238 640 2300 ille
668 2237 829 2315 respondit:
857 2239 928 2300 Tres
949 2235 1082 2318 obulos⁸)
1110 2237 1225 2314 habeo,

184 2329 268 2388 emite
292 2343 327 2385 ex
350 2328 391 2386 eis
412 2320 549 2406 cuneos⁹)
572 2332 601 2386 et
622 2327 777 2401 comedite,
807 2323 875 2403 quia
894 2325 965 2386 nihil
985 2325 1108 2402 amplius
1128 2325 1226 2386 habe-

182 2414 265 2474 bitis..
301 2412 461 2488 Fidemque
473 2411 585 2479 habens
598 2415 628 2471 in
640 2411 707 2472 Deo
726 2418 755 2472 et
771 2415 800 2471 in
819 2420 920 2478 saneto
941 2411 1066 2488 Jacobo,
1086 2413 1226 2473 subiecit:

123 2569 126 2572 ,
184 2499 318 2577 Quinque
346 2517 458 2560 marces
487 2498 564 2558 domi
594 2499 688 2560 babeo
717 2501 746 2558 in
776 2501 847 2560 cista
875 2517 955 2574 mea,
984 2506 1013 2559 et
1035 2499 1227 2560 calciamenta

158 2603 275 2662 nova,
296 2587 400 2662 quibus
428 2586 526 2646 limina
553 2593 651 2662 petam
680 2588 772 2646 sencti
799 2585 919 2662 Jacobi;
947 2603 1006 2646 non
1035 2587 1121 2646 vobis
1146 2585 1225 2647 dabo

181 2673 260 2733 illam
281 2674 442 2749 pecuniam.
484 2670 518 2734 Iu
541 2673 587 2734 die
610 2675 702 2732 sancti
722 2672 863 2750 Stephani
883 2673 1062 2751 profectuum
1084 2691 1167 2749 sum,
1199 2681 1227 2734 et
1266 2675 1267 2698 ¹

180 2767 249 2820 ante
271 2767 364 2820 ortum
386 2759 442 2820 diei
455 2756 486 2841 ¹⁰)
513 2778 533 2820 a
558 2759 641 2820 vobis
669 2777 843 2821 recessurus.
891 2759 1063 2820 Mirantibus
1091 2761 1134 2819 eis
1155 2778 1226 2822 ver·
1266 2799 1267 2828 ,

181 2847 285 2907 borum
310 2849 371 2906 eius
389 2845 587 2923 constantiam,
608 2846 680 2906 duos
694 2843 724 2927 ¹¹)
742 2846 783 2905 illi
801 2846 954 2922 compedes
971 2848 1174 2922 imposuenmt
1189 2843 1227 2929 ¹²),
1266 2839 1267 2872 ³

183 2940 212 2995 et
233 2937 263 2994 in
273 2935 418 2993 fornacem
432 2934 512 2993 illum
526 2935 679 3008 mittentes,
701 2939 766 2993 octo
787 2935 865 2994 viros
886 2939 971 2994 nocte
991 2933 1041 2993 illa
1062 2933 1100 2992 ad
1123 2941 1227 2995 eusto-

181 3019 260 3081 diam
288 3023 314 3079 ei
331 3018 360 3100 ¹¹)
389 3021 607 3098 deputaverunt.
650 3020 745 3097 Quem
776 3019 865 3080 semei
892 3037 928 3081 ae
949 3019 1076 3080 secundo
1098 3023 1227 3082 interro-

181 3114 291 3186 gantes,
312 3114 408 3168 utrum
429 3106 525 3168 adhuc
546 3105 587 3166 ibi
608 3112 696 3184 esset3
720 3112 749 3167 et
768 3106 816 3167 ille
837 3113 880 3168 tot
893 3105 1005 3167 vicibus
1018 3107 1229 3184 respondisset,

179 3197 267 3256 etiam
294 3194 388 3255 adhuc
416 3211 481 3254 sum
511 3193 571 3270 hic;
605 3196 689 3254 tertio
711 3193 813 3254 eedem
842 3195 1054 3254 sciscitantibus
1081 3194 1155 3255 nihil
1177 3213 1228 3257 re-

198 3378 1229 3519 ¹¹ffffdibdl‘i‘)⁰r¹¹.⁰.¹{i.fi‘.].².³.,‡¹i0,⁰‘¹dtssffiffiffldffi

250 3549 281 3560 -
301 3520 333 3586 5)
351 3519 371 3571 Β
389 3528 472 3571 tuno.
490 3549 524 3558 -
543 3519 575 3587 6)
599 3518 808 3584 flemmersbcch,
830 3520 899 3572 iuxta
921 3519 1118 3585 Bottenbroieh‚
1141 3537 1227 3590 prope

249 3588 391 3656 bergheim.
411 3618 442 3630 -
462 3589 494 3658 7)
512 3588 554 3642 BD
572 3587 695 3657 aliquid
714 3591 882 3657 pecuniae.
902 3617 933 3630 -
952 3589 985 3658 8)
1004 3587 1172 3644 Cobotes.
1194 3619 1225 3634 -

248 3658 281 3726 9)
298 3671 407 3723 cuneus,
431 3659 528 3726 species
550 3657 592 3710 vei
610 3658 691 3710 torma
707 3661 788 3726 panis.
808 3689 839 3699 -
860 3659 907 3728 10)
925 3657 946 3711 B
970 3658 1060 3712 s'oiis.
1079 3689 1112 3701 -
1134 3661 1188 3730 11)
1206 3660 1226 3712 B

247 3726 334 3779 duas.
359 3757 391 3768 -
416 3728 465 3795 12)
488 3725 509 3779 B
531 3736 765 3794 apposuerunt.
789 3757 821 3769 -·
841 3728 890 3798 te)
906 3728 952 3781 ΔΙ)
969 3727 1006 3782 ud
1028 3729 1225 3784 custodien-

247 3795 315 3848 dum
334 3799 378 3862 ei,
395 3796 416 3850 E
434 3794 472 3849 ad
490 3794 743 3850 custodiendum
761 3812 840 3852 eum.
