2654 4308
355 251 415 313 DE
431 249 617 314 uivuusls
638 250 874 316 VISIONIBUS.
1097 256 1156 314 109

110 374 203 433 rectio
224 379 338 448 nosue,
363 391 448 450 quem
469 373 604 452 Apostoli
626 391 693 436 cum
713 375 804 436 mrrlte
825 366 917 453 g'loria
938 374 1156 451 miraculorum,

111 461 197 536 quasi
224 475 360 520 coronam
389 467 576 537 portaverunt
601 479 653 538 per
679 465 845 524 universum
872 460 1020 521 mundum.
1064 461 1157 538 Quem

112 563 181 606 cum
196 547 288 622 primo
303 548 473 608 obtulissent
486 551 587 610 solenti
597 549 714 624 litteras,
734 549 764 608 id
786 548 967 624 esttamen,
989 555 1019 608 et
1030 552 1158 625 respuis-

111 640 158 693 set
186 632 269 692 illum
288 640 426 710 tanquam
448 639 609 714 signatum,
638 633 829 716 obtuleumt1)
850 635 931 694 illum
951 637 1088 695 nescienti
1109 636 1158 695 lit»

113 725 202 796 teras,
223 721 331 782 scilieet
344 720 495 799 gentilitati
503 719 533 802 ²),
556 729 586 783 et
607 741 672 783 cum
693 724 773 782 illurn
794 723 949 800 intelligere
971 739 1028 782 non
1050 730 1158 798 posset7

113 815 308 882 exposuerunt
340 811 383 886 oi,
401 811 488 876 ⁸sieut
515 809 666 886 Philippus
699 811 831 870 eunucho
843 807 875 889 ὃ).
927 809 1048 868 Librum
1079 801 1157 868 hunc

115 893 246 953 Christus
273 893 365 976 ipse⁴)
397 899 524 973 scripsit,
558 900 626 973 quia
652 899 768 973 propria
794 896 942 957 voluntate
972 913 1076 972 pessus
1106 903 1158 956 est.

113 979 149 1040 Iu
170 979 246 1056 pelle
263 981 404 1057 siquidem
425 986 551 1060 corporis
574 986 635 1044 eius
657 987 778 1061 scriptae
800 989 882 1044 eraut
901 982 1012 1042 litterae
1033 985 1157 1042 minores

115 1075 145 1128 et
165 1069 278 1144 nigrae,
298 1085 350 1145 per
370 1070 472 1130 lividas
494 1071 596 1148 plagas
617 1071 810 1148 flagellorum3
839 1070 949 1130 litterae
970 1066 1108 1148 rubeam)
1130 1075 1160 1129 ot

116 1155 263 1230 capitales,
283 1173 336 1232 per
355 1157 505 1217 infixiones
514 1155 534 1238 ⁶)
558 1157 718 1234 clavorum3
739 1165 847 1235 puncta
869 1160 956 1216 etiam
978 1163 1009 1216 et
1021 1155 1159 1232 virgulae,

115 1259 167 1318 per
182 1245 352 1318 punctiones
360 1241 380 1324 7)
395 1247 549 1321 spinarum.
570 1245 651 1305 Bene
665 1245 746 1320 pellis
759 1245 858 1306 eadem
870 1247 947 1320 prius
957 1243 1050 1303 iuerat
1060 1241 1159 1302 multi-

115 1328 182 1404 plici
202 1332 386 1404 percussione
394 1329 416 1411 Β)
437 1335 591 1408 pumicata,
614 1333 742 1407 colaphis
763 1338 792 1392 et
813 1333 903 1408 sputis
926 1335 1042 1404 cretata,
1069 1344 1159 1389 arun·

116 1415 183 1476 dine
203 1413 344 1496 linieta⁹).
386 1417 588 1479 NOVIOIUS:
611 1419 733 1479 Gaudeo
755 1435 801 1478 me
823 1435 890 1478 oum
911 1418 1005 1476 fructu
1027 1416 1158 1476 didicisse

116 1502 195 1578 quod
209 1505 348 1578 ignoravi.
379 1504 615 1567 MONACHUS:
637 1505 742 1565 Dicam
754 1507 808 1566 tibi
821 1521 897 1566 nuno
911 1504 1021 1580 aliquas
1034 1505 1159 1564 visiones

116 1589 240 1664 Spiritus
269 1592 369 1651 sancti.
410 1590 613 1653 NOVICIUS:
643 1593 716 1652 Peto
744 1598 777 1651 ut
798 1595 876 1668 prius
897 1590 1033 1667 expedias
1054 1606 1101 1649 mc
1122 1590 1160 1650 ds

116 1674 226 1752 Spiritu
255 1685 370 1754 sancto,
402 1685 432 1738 et
459 1680 495 1739 si'
512 1681 549 1738 sit
577 1680 735 1740 differentia
763 1682 836 1738 inter
863 1681 958 1754 ipsum
979 1683 1009 1738 et
1029 1677 1159 1752 spiritum

118 1780 207 1838 quem
228 1765 358 1824 Christus
385 1768 415 1825 in
444 1783 529 1826 cruce
557 1767 659 1826 emisit.
706 1764 941 1825 MONAOHUS:
970 1763 1037 1824 Hoc
1057 1763 1161 1824 faciam

119 1853 184 1928 ipso
205 1851 369 1928 adiuvante,
391 1859 420 1914 et
440 1853 496 1913 hou
518 1854 631 1929 quanto
649 1851 877 1929 compendiosius
895 1857 1005 1928 potero

439 2007 673 2072 CAPITULUM
693 2008 844 2070 XXXVI.

484 2131 533 2191 De
550 2131 666 2208 Spiritu
686 2137 797 2191 sancto.

186 2251 310 2332 Spiritus
330 2252 550 2338 sanctus-Deus
572 2258 631 2329 est,
664 2255 748 2314 tertia
767 2255 798 2312 in
818 2249 956 2312 Trinitate
975 2263 1113 2328 persone,
1142 2269 1161 2310 a

119 2344 208 2406 Patra
228 2341 362 2417 Filioque
389 2341 548 2417 procedens
576 2339 772 2414 aetemalitem
799 2341 869 2416 ipsis
898 2333 1160 2418 consubstantialis,

120 2430 251 2493 eiusdem
272 2430 430 2505 sapientiae
451 2434 539 2504 atque
559 2429 713 2504 potentiae.
755 2426 839 2488 Unde
859 2428 889 2484 in
905 2425 1038 2485 Psalmo:
1064 2424 1160 2484 Verbo

119 2519 248 2581 Domini
267 2517 340 2575 coeii
358 2515 471 2592 firmati
491 2522 577 2592 eunt,
600 2522 628 2574 et
648 2513 762 2590 Spiritu
785 2517 845 2572 oria
866 2516 928 2572 eiua
950 2515 1044 2572 omnis
1065 2514 1161 2570 uiniae

121 2622 226 2666 eorum
240 2599 283 2676 ¹⁰).
333 2600 419 2680 Quod
446 2601 568 2678 Spiritus
596 2595 712 2662 sanctus
745 2618 764 2661 a
791 2601 878 2660 Petro
908 2600 1060 2676 procedat,
1094 2594 1163 2658 dicit

117 2691 226 2756 Filius:
247 2690 320 2750 Nou
341 2692 418 2748 uam
435 2706 488 2752 vos
510 2693 575 2750 catis
598 2692 650 2765 qui
666 2689 829 2764 loquimini,
850 2686 902 2746 sed
915 2687 1043 2762 Spiiiiao
1056 2685 1161 2744 Putris

73 2772 76 2778 '
117 2777 223 2842 ueam¹
238 2774 267 2852 ¹).
297 2775 385 2836 Item:
410 2776 469 2854 Qui
490 2793 510 2835 u
529 2775 768 2850 Patreproccdii
783 2771 823 2855 ¹²).
856 2773 941 2850 Quod
963 2773 1069 2833 aFilio
1091 2788 1160 2848 pro·

119 2862 222 2942 cedat,
243 2865 324 2924 testis
345 2867 390 2922 est
409 2859 568 2940 Apostolus
591 2862 703 2922 dicens:
724 2861 807 2921 Misit
827 2861 911 2920 Daue
924 2860 1070 2936 Spiritum
1090 2859 1162 2918 Filii

118 2957 170 3017 cui
190 2957 223 3014 in
244 2951 336 3011 corda
357 2955 456 3010 uestro
471 2945 512 3026 ¹³).
553 2949 621 3024 Ipse
643 2949 730 3008 stiam
746 2948 867 3024 Spiritus
886 2951 1001 3006 sanctus
1023 2943 1081 3006 ubi
1096 2945 1161 3005 uult

118 3045 218 3118 opiam
233 3033 274 3113 14).
295 3038 431 3109 Saucius,
448 3037 610 3112 midtiplec,
627 3039 741 3108 atoma,
756 3033 878 3107 subtilia
892 3033 1048 3106 modestus,
1066 3031 1159 3091 dier·

120 3137 188 3202 iaus,
209 3125 339 3197 mobilia,
361 3127 617 3200 incoinquinatus,
640 3129 753 3195 caum,
774 3124 891 3193 amois,
913 3137 1019 3180 amans
1041 3119 1160 3191 bonam,

119 3221 238 3289 ocutos,
260 3228 348 3290 quaa
363 3211 436 3271 uitii
456 3213 545 3285 vetui,
569 3207 751 3286 beneiaacan
765 3204 807 3286 ¹⁵),
828 3207 987 3281 humanas,
1009 3197 1160 3284 deciduas,

139 3349 173 3418 1)
190 3347 212 3402 Β
229 3355 256 3399 et
272 3345 564 3414 priaperuerunt
585 3369 616 3384 -
641 3341 674 3411 2)
691 3341 731 3396 ΟΡ
754 3337 883 3412 gentili.
902 3369 934 3382 -
953 3341 985 3408 3)
1002 3341 1058 3393 Act.
1083 3341 1108 3392 8.
1128 3369 1157 3380 -

192 3416 261 3488 01)
278 3415 395 3469 librum
412 3416 494 3467 hune
511 3413 664 3466 Christus
681 3412 777 3465 lesus
795 3414 881 3479 ipsa,
898 3411 919 3464 G
935 3410 1049 3462 librum
1066 3409 1160 3462 lesus

192 3487 344 3542 Christus
370 3488 456 3556 ipse,
482 3483 502 3537 B
528 3483 643 3534 librum
662 3484 741 3550 'ipss
766 3481 862 3534 lesus
885 3479 1046 3534 Christus.
1072 3505 1103 3520 -ν
1128 3478 1160 3546 5)

191 3555 256 3611 AB?
277 3556 406 3608 rubrae.
425 3583 457 3594 -
476 3550 546 3622 6)c
568 3553 767 3605 infixionem.
787 3581 818 3592 ·-·
837 3552 869 3619 t)
886 3549 1160 3618 septentrionem.

170 3691 171 3694 Ἴ
194 3653 226 3668 -
245 3625 277 3693 8)
294 3623 380 3678 AODP
395 3625 638 3692 persecutione.
658 3617 1161 3692 -9JAlll’liuoatu-11iJl’sal

191 3696 241 3758 32,
265 3696 290 3748 6.
315 3721 347 3734 -
372 3693 420 3762 11)
438 3692 525 3746 llatth.
552 3692 599 3756 10,
622 3691 665 3744 20.
689 3719 722 3732 -
746 3692 796 3758 12)
812 3690 902 3742 lohan.
920 3690 967 3754 15,
992 3689 1035 3742 26.
1053 3693 1087 3727 -’
1113 3687 1160 3754 13)

192 3764 322 3829 Gelot'l,
340 3765 365 3816 6.
384 3765 415 3804 -“-
435 3763 483 3830 ll)
500 3761 590 3815 lohan.
609 3761 639 3822 3,
656 3762 681 3813 8.
701 3789 732 3801 -
752 3761 801 3827 15)
818 3759 892 3811 libri:
913 3773 1023 3811 amaus
1045 3756 1160 3809 bonurn

193 3842 312 3896 actum,
339 3834 393 3900 qui
420 3832 502 3885 nihil
519 3839 612 3886 uetat
630 3831 836 3884 benefacere.
