2622 4322
194 255 254 317 ms
349 245 354 256 ·
502 255 730 320 nisumomo
754 256 918 342 cunnos

192 379 268 438 circa
296 378 440 438 civitatem
466 381 496 438 in
517 379 635 440 diversis
655 380 727 440 locis
754 387 816 440 tam
836 383 898 457 ipse
931 396 1019 457 quam
1040 381 1125 441 ceteri
1146 378 1231 442 vide-

192 470 266 524 runt.
310 464 366 541 Qui
395 483 461 526 cum
481 468 704 544 interrogassent
724 474 827 528 nautas
853 484 971 528 causam
992 469 1081 544 iguis,
1108 484 1231 544 respon-

193 551 309 612 denmt:
343 552 471 629 Tempus
504 560 549 613 est
585 555 741 631 aestivum,
777 562 806 616 ot
838 556 915 614 cives
951 560 1068 631 propter
1103 554 1230 614 calorem

192 639 314 699 tentoria
335 655 389 698 sua
410 640 448 699 ob
468 640 644 716 refrigerimn
665 643 741 701 circa
760 643 905 702 civitatem
926 644 1024 700 metati
1045 647 1120 700 sunt
1164 639 1230 700 Hoc

192 726 234 784 ite
262 741 325 786 csse
352 732 501 802 putantes,
529 729 559 786 in
585 733 699 803 portum
725 725 855 788 Achonis
885 727 1075 802 devenerunt,
1104 737 1134 788 et
1162 733 1231 788 tunc

192 813 314 888 primum
350 813 417 888 quia
451 813 600 873 sarraceni
628 815 817 874 obtinuissent
850 816 996 874 civitatem
1025 819 1230 890 cognovenmt.

192 898 304 958 Eodem
314 904 451 975 tempore,
472 903 718 975 peccatisnostris
741 902 928 978 exigentibus,
950 901 1018 960 data
1038 901 1132 960 suerat
1152 907 1229 960 terra

192 992 293 1045 sancta
313 987 343 1043 in
363 1004 467 1049 manus
488 986 610 1046 Salatini
620 984 636 1067 ¹)
664 988 753 1063 Regis
774 987 890 1064 Syriae,
918 993 1054 1064 regnante
1075 987 1229 1047 Fredorico

192 1072 387 1132 Romanorum
408 1072 592 1150 Imperatore.
635 1074 796 1134 Noradinus
820 1079 918 1135 autem
939 1074 1013 1133 filius
1035 1073 1166 1149 Salatiui,
1187 1075 1229 1133 vir

191 1156 357 1218 naturaliter
376 1161 442 1236 pius
464 1167 492 1219 et
514 1160 667 1235 beneficus,
692 1166 760 1220 tunc
782 1167 844 1221 erat
862 1163 892 1220 in
915 1163 1039 1221 civitate.
1081 1160 1140 1221 Hic
1163 1177 1227 1221 cum

192 1248 289 1305 navim
296 1243 317 1327 ²)
341 1245 532 1305 Christianam
552 1249 582 1305 in
602 1253 687 1323 portu
707 1247 840 1323 vidisset,
868 1252 898 1308 et
919 1264 986 1306 eum
1007 1263 1094 1308 causa
1116 1247 1228 1307 adveu-

192 1337 240 1391 tus
263 1334 332 1407 eius,
354 1348 389 1391 eo
408 1333 488 1407 ‘quod
511 1338 586 1393 esset
607 1330 707 1413 sola³),
727 1350 786 1393 non
806 1334 916 1409 lateret,
936 1333 1068 1394 niisertus
1090 1333 1229 1393 Christia-

192 1435 309 1494 norum,
336 1418 480 1494 quendam
507 1419 634 1479 nobilem
660 1437 822 1497 paganum,
849 1423 879 1480 in
903 1421 1002 1497 lingua
1025 1419 1139 1480 Gallica
1159 1419 1226 1479 satir

193 1504 365 1581 expeditum,
387 1505 425 1565 ad
445 1502 579 1585 naveml)
602 1521 668 1566 cum
688 1506 772 1583 galea
793 1509 882 1583 misit,
902 1523 955 1583 per
976 1524 1063 1583 quem
1083 1525 1122 1568 ne
1144 1509 1227 1566 time·

193 1598 256 1652 rent
276 1590 432 1651 mandavit.
474 1591 574 1668 Usque
603 1593 641 1652 ad
671 1593 751 1652 illam
777 1593 878 1653 horam
905 1595 1017 1653 fueraut
1037 1596 1067 1653 in
1088 1607 1226 1670 suspenso

193 1680 286 1755 positi,
306 1680 469 1755 ignorantes
483 1685 578 1738 utrum
591 1685 687 1739 essent
699 1679 847 1740 occidendi
868 1680 915 1740 vel
932 1680 1070 1757 capiendi.
1112 1681 1227 1740 Interim

192 1764 297 1825 nobilis
312 1765 428 1840 quidam
444 1765 620 1825 Christianus
642 1765 678 1825 de
692 1764 864 1826 Alemannis
881 1768 1025 1843 oriundus,
1045 1767 1075 1826 iu
1097 1767 1226 1827 extremis

193 1851 341 1927 laborans,
370 1854 465 1912 omnia
493 1868 547 1912 sua
575 1869 656 1912 arma
676 1852 762 1914 valde
783 1853 928 1929 decentia,
957 1870 1023 1913 cum
1044 1855 1137 1914 tn'bus
1159 1852 1226 1912 dox-

193 1941 285 1998 trariis
305 1939 499 2014 pereundam
518 1957 664 2016 paganum
684 1939 830 2000 Noradino
852 1943 937 2015 misit,
957 1958 1009 2016 pro
1030 1941 1226 2000 vitafratrum

192 2025 235 2084 illi
255 2025 428 2102 supplicans.
457 2024 536 2102 Ego,
558 2028 663 2102 inquit,
691 2027 782 2086 tribus
804 2029 886 2086 annis
906 2043 1045 2086 voveram
1066 2025 1225 2086 Christoin

194 2111 240 2172 bis
261 2114 346 2171 armis
367 2114 481 2186 servire,
503 2111 556 2172 sed
576 2118 610 2172 ut
622 2111 717 2188 video,
737 2129 797 2172 non
819 2120 863 2173 est
877 2115 938 2173 eius
954 2112 1225 2180 voluntas..Desti-

194 2200 255 2258 nati
283 2205 350 2257 sunt
378 2205 407 2259 et
433 2201 529 2259 nuncii
553 2198 719 2274 Christiani,
748 2216 784 2259 ex
816 2200 921 2275 quibus
949 2217 1024 2260 unus
1050 2207 1116 2260 crat
1146 2200 1226 2259 irater

195 2283 366 2344 Wilhelmus
397 2292 513 2362 propter
544 2288 692 2346 scientiam
723 2285 838 2363 linguae
861 2285 1007 2362 Gallicae,
1036 2289 1085 2363 qui
1104 2299 1226 2345 munera

194 2370 319 2447 Prinoipi
350 2378 572 2448 praesentarent.
630 2371 791 2432 Noradinus
809 2424 811 2429 .
827 2389 913 2448 vero,
949 2379 983 2433 ut
1016 2374 1089 2433 vidit
1120 2365 1224 2448 xenia⁶)

195 2460 375 2534 transmissa,
397 2476 462 2519 cum
483 2458 575 2518 multa
596 2457 748 2520 devotione
769 2462 908 2535 suscepit,
931 2459 1109 2538 ct'singula,
1130 2459 1226 2530 idest,

195 2543 328 2619 loricam,
355 2546 492 2622 elipeum,
521 2545 648 2622 galeam,
677 2543 820 2622 gladium,
848 2563 903 2606 nec
926 2563 985 2606 non
1014 2553 1044 2606 et
1076 2545 1225 2608 dextrarios

196 2630 379 2708 deosculans,
414 2635 483 2710 quia
513 2649 565 2708 per
596 2635 780 2709 semetipsum
814 2635 930 2694 visitare
962 2632 1051 2694 vellet
1073 2633 1224 2703 infirmum,

195 2717 383 2778 remandavit.
448 2719 566 2778 Interim
609 2719 699 2779 milite
738 2725 866 2795 mortuo,
921 2726 950 2779 et
1001 2726 1085 2780 caute
1136 2715 1224 2794 lapide

197 2821 325 2881 appenso
338 2798 374 2886 ⁶),
404 2807 494 2866 eiecto
523 2822 558 2865 ac
581 2805 726 2880 demerso,
747 2806 861 2881 alioque
881 2806 970 2866 milite
992 2813 1120 2884 aegroto,
1140 2817 1224 2878 aeque

196 2889 286 2951 nobili
305 2895 377 2968 viro,
398 2894 428 2952 in
448 2891 512 2952 loeo
523 2889 542 2972 ⁷)
560 2892 729 2951 infirmitatis
752 2895 812 2952 eius
829 2895 963 2969 reposito,
984 2893 1048 2952 Rex
1067 2888 1151 2952 mane
1165 2903 1223 2950 cum

196 2978 293 3038 multis
315 2978 420 3039 diversi
435 2978 536 3039 coloris
556 2977 647 3063 galeis
660 2996 790 3055 egressum
804 2978 928 3054 advenit,
949 2997 1055 3040 navem
1065 2977 1087 3060 ⁰)
1108 2976 1222 3047 intravit,

196 3071 225 3124 ct
247 3064 283 3126 ds
305 3067 476 3126 transmissis
498 3067 605 3142 gratias
625 3065 763 3140 referens,
784 3070 851 3124 autc
872 3066 1023 3125 infirmum
1037 3065 1124 3142 sedit,
1144 3069 1222 3137 atquo

196 3169 262 3212 cum
289 3152 416 3228 medico,
452 3169 538 3228 quem
567 3169 665 3212 secum
693 3151 852 3211 adduxerat
863 3147 900 3231 a),
934 3152 970 3212 dc
1003 3148 1221 3214 convalescentia

194 3238 270 3298 illius
297 3239 461 3316 disputavit.
513 3236 624 3298 Obtulit
642 3240 670 3297 ei
700 3244 728 3300 ot
756 3237 899 3314 quaedam
926 3239 1094 3300 nobilissimi
1119 3233 1221 3316 generis

194 3341 296 3402 poma,
326 3342 401 3402 quae
430 3327 553 3386 crevisse
583 3324 698 3384 dicebat
727 3327 758 3384 in
786 3325 869 3384 horto
890 3328 980 3401 patris
1002 3329 1047 3385 sui
1067 3324 1144 3403 apud
1162 3321 1219 3380 Da·
1267 3383 1268 3402 χ

195 3429 333 3473 mascum.
375 3411 488 3472 Deinde
510 3415 551 3472 ait
570 3411 695 3472 infirmo:
716 3411 888 3490 Propter-te
909 3413 1042 3474 omuibus
1065 3406 1219 3472 Christianis

215 3613 246 3684 1)
264 3614 305 3668 GR
323 3613 525 3667 Saladini.-
545 3614 576 3682 2)
595 3612 637 3668 Gl)
654 3578 818 3667 navem-
838 3615 870 3681 3)
887 3613 929 3668 BG
947 3615 1017 3667 sola
1034 3622 1130 3668 esset.
1148 3639 1176 3652 ·-
1189 3605 1216 3672 ⁴]

264 3683 285 3736 B
303 3685 416 3738 navim·
435 3713 468 3722 ··
486 3683 518 3750 5)
536 3683 556 3734 Β
575 3684 740 3734 encaenia.
759 3713 790 3723 -
815 3684 846 3752 6)
864 3682 926 3736 ACP
944 3701 1087 3752 appenso
1110 3675 1216 3756 lapido·

267 3781 298 3794 -·
322 3753 353 3820 7)
376 3752 442 3804 sorte
465 3751 570 3817 lecto,
591 3761 620 3804 ut
643 3751 681 3816 X,
705 3751 752 3808 12:
790 3753 880 3816 „rediit
909 3753 940 3804 ud
967 3754 1059 3808 lectum
1081 3749 1215 3808 inunctum

265 3826 351 3874 suae.“
369 3821 447 3876 Paulo
465 3820 552 3891 posili
569 3820 799 3891 posito.-·'8)B
816 3825 973 3878 navim-
985 3825 1017 3894 9)
1026 3823 1068 3879 BG
1084 3819 1215 3876 duxerat·

976 4065 1033 4114 ..0
