2654 4308
191 291 231 349 '12
495 285 722 348 DISTINOTIO
743 286 918 348 SEPTIMA

189 411 305 470 immisit
322 412 349 470 ei
368 407 562 495 infirmitatem
583 409 716 486 corporis,
738 408 790 468 scd
811 410 898 468 animi
911 407 1048 486 gaudum
1069 414 1099 468 et
1118 425 1218 469 conso-

190 497 326 558 lationem
352 497 466 572 spiritus
492 513 549 555 non
571 497 719 556 subtraxit.
762 496 853 573 Igitur
875 513 940 556 cum
961 513 1013 572 per
1033 494 1142 572 aliquot
1161 495 1217 554 dies

190 589 382 660 aegrotasset,
411 585 489 643 venit
509 581 612 642 Abbas
635 581 807 642 Gisilbertus
834 589 895 641 tam
917 600 984 642 erun
1006 599 1093 657 quam
1115 587 1217 642 ceteros

190 670 315 729 infirmos
329 672 452 728 visitare.
496 668 550 728 Oui
572 686 637 728 curn
660 669 780 729 diceret:
801 669 867 729 Non
884 670 1027 729 erubescis
1048 670 1134 728 irater
1146 668 1218 727 Her-

191 773 304 831 manne,
326 756 403 833 quod
416 753 432 836 ¹)
453 756 539 817 irater
561 755 732 816 Godeiridus
749 758 806 815 erit
819 758 895 832 prior
916 761 982 815 turus
1002 758 1033 815 in
1053 773 1141 832 regno
1155 772 1218 815 coe·

190 841 304 904 lorum?
337 843 528 904 demonstrato
561 843 686 918 quodam
715 859 854 902 converso
882 842 990 902 ibidem
1017 842 1145 918 infirmo,
1175 843 1219 918 qui

190 931 341 990 triennium
368 932 417 989 vix
445 930 603 1006 perfecerat
629 932 660 987 in
681 928 791 1005 ordine;
820 930 980 1005 respondit:
1007 927 1074 988 Non
1095 929 1219 1002 domine,
1289 923 1290 938 ¹

192 1017 244 1078 scd
274 1016 409 1093 quicquid
436 1016 505 1076 boni
534 1016 662 1076 eiDeus
690 1015 784 1076 lacere
812 1017 949 1090 voluerit,
981 1016 1055 1075 bene
1084 1017 1167 1091 cupio
1188 1015 1219 1074 el.

190 1104 271 1163 Dixit
289 1100 343 1183 ei2)
365 1103 483 1162 Abbas:
506 1102 531 1163 Ο
555 1109 586 1162 tu
608 1120 720 1178 semper
740 1101 825 1162 rides.
867 1103 969 1162 Facies
991 1105 1066 1162 euim
1088 1105 1149 1162 eius
1169 1119 1219 1162 na-

191 1189 318 1250 turaliter
346 1193 430 1265 quasi
457 1189 495 1248 ad
523 1179 674 1249 ridendum
702 1189 839 1264 disposita
863 1195 932 1250 erat.
974 1189 1060 1250 Habe
1081 1190 1220 1250 licentiam
1290 1175 1291 1216 i

194 1276 280 1337 eundi
292 1276 330 1336 ad
345 1277 463 1336 chorum
485 1282 514 1336 et
527 1276 565 1336 ad
578 1294 650 1353 opus
672 1283 762 1334 urum.
790 1276 950 1351 Respondit
961 1272 996 1355 8)ι
1017 1276 1080 1352 Ego
1102 1277 1151 1336 ibo
1167 1293 1219 1351 quo
1290 1327 1291 1330 ,

191 1363 272 1423 Deus
294 1363 423 1424 voluerit.
454 1363 493 1422 Et
514 1381 587 1439 quo,
608 1365 713 1438 inquit,
733 1361 809 1422 ibis?
841 1363 1015 1439 Respondit:
1037 1362 1085 1422 Ad
1106 1380 1220 1440 regnum
1290 1353 1291 1364 ¹

192 1449 345 1510 coelorum.
378 1449 499 1526 Quando
515 1467 592 1526 ergo,
613 1453 662 1524 ait,
682 1447 829 1508 morieris?
861 1449 903 1508 At
922 1450 986 1509 ille:
1007 1450 1079 1508 Post
1095 1449 1219 1510 biduum

193 1537 269 1596 Nam
290 1543 318 1596 et
339 1539 421 1596 tertia
440 1536 599 1612 posthanc
619 1536 694 1596 diem
711 1538 863 1612 incipiente
876 1538 964 1596 missa
985 1536 1032 1596 hic
1052 1553 1116 1610 ero,
1139 1543 1168 1596 et
1179 1539 1220 1594 in·

192 1625 313 1699 cipiante
323 1623 480 1700 Evangelio
498 1623 545 1684 hic
563 1623 658 1684 adhue
676 1639 734 1697 ero,
751 1622 802 1683 sed
822 1629 978 1699 antequam
994 1623 1116 1699 liniatur,
1134 1626 1164 1682 in
1177 1639 1220 1682 re·
1291 1626 1292 1688 ἶ

192 1727 250 1787 gno
265 1709 410 1769 coelorum
420 1727 477 1770 ero.
497 1710 536 1769 Et
551 1709 662 1770 videtur
671 1709 740 1769 mihi
751 1709 807 1770 hoe
819 1710 945 1769 triduum
956 1709 1093 1786 prolixius
1105 1727 1182 1785 esse,
1195 1716 1221 1770 et

192 1796 314 1873 amplius
335 1814 382 1856 me
400 1803 510 1874 gravat,
532 1815 620 1872 quam
640 1803 732 1856 totum
750 1803 864 1872 tempus
878 1799 955 1857 vitae
969 1814 1060 1872 meae,
1081 1797 1160 1874 quod
1171 1797 1220 1856 ieci

191 1900 278 1959 super
289 1890 402 1944 terram.
416 1883 508 1958 Unde,
519 1885 618 1958 inquit,
631 1886 687 1942 ista
700 1882 796 1942 nosti?
810 1883 971 1959 Respondit
981 1883 1040 1943 ille:
1051 1884 1147 1945 Beata
1156 1885 1220 1945 Vir·

190 1987 229 2047 go
239 1970 364 2030 Domina
374 1977 472 2030 nostra
482 1970 529 2030 hic
539 1970 600 2044 irrit,
611 1977 640 2030 et
651 1969 797 2030 consolata
811 1976 855 2030 est
868 1988 923 2030 me.
944 1969 1044 2030 Sedet
1057 1988 1112 2047 ego
1126 1976 1220 2048 raptus

191 2075 257 2116 sum
276 2060 306 2116 in
328 2056 454 2132 coelum,
482 2057 533 2116 ubi
554 2059 640 2116 etiam
660 2057 757 2118 videre
778 2059 869 2118 merui
890 2057 1111 2134 beatitudiuem,
1139 2075 1220 2134 quam

191 2143 256 2204 Deo
270 2143 408 2220 largiente
421 2143 570 2204 habiturus
587 2161 659 2204 sum.
702 2144 750 2204 Ab
771 2144 820 2204 illo
843 2161 911 2221 ergo
934 2144 979 2203 die
999 2145 1221 2221 frequentissime

191 2247 258 2290 eum
278 2230 381 2290 Abbas
409 2232 543 2290 visitavit.
586 2230 655 2290 Jam
675 2231 832 2291 advenerat
853 2231 912 2292 dies
933 2233 1030 2306 tertia,
1052 2238 1081 2291 et
1101 2234 1221 2290 instante

190 2317 262 2378 hora
282 2319 387 2377 missae
408 2320 530 2378 accessit
550 2317 588 2376 ad
609 2335 675 2377 eum
696 2318 784 2378 felicis
805 2321 958 2378 memoriae
981 2319 1068 2378 irater
1088 2317 1220 2378 Theode-
1292 2333 1293 2348 ¹

190 2406 266 2464 ricus
298 2403 334 2464 dc
357 2403 491 2479 Cellerio,
519 2406 646 2464 minister
667 2407 743 2478 eius,
772 2412 801 2465 et
822 2405 905 2464 dixit:
926 2395 1027 2489 Frater¹
1046 2405 1221 2476 Hermanne,

190 2497 327 2566 poterone
355 2508 409 2568 ego
425 2493 465 2551 ire
485 2489 523 2550 ad
544 2490 682 2550 missam?
726 2491 796 2552 Erat
805 2490 828 2572 ⁴)
851 2495 925 2551 enirn
948 2492 1008 2552 dies
1030 2491 1220 2568 Quadragesi·

126 2589 130 2602 “
190 2595 264 2637 mae.
298 2577 356 2653 Qui
376 2580 430 2637 ait:
452 2578 526 2637 Non.
559 2577 648 2638 Sinite
670 2578 741 2637 alios
762 2581 811 2654 ire,
833 2596 885 2637 vos
907 2585 1004 2637 autem
1026 2585 1140 2638 manete
1161 2593 1220 2637 me·

192 2681 266 2739 cum,
288 2669 317 2722 et
336 2671 505 2740 praeparate
526 2681 633 2739 aquam
655 2665 785 2740 calidam,
807 2665 882 2724 unde
903 2664 993 2724 lavari
1015 2664 1145 2724 debeam.
1186 2663 1221 2722 Et

190 2758 257 2826 post
284 2750 447 2826 paululum:
477 2751 598 2810 sternite
625 2758 761 2826 mattam,
790 2759 821 2812 et
847 2751 987 2812 advocate
1016 2751 1088 2812 duos
1109 2751 1221 2823 iratres,

191 2840 314 2913 quivos
336 2837 486 2913 adiuvent,
512 2844 626 2913 tempus
635 2839 654 2918 ⁵)
678 2845 722 2897 est
742 2838 890 2916 migrandi.
932 2838 1052 2898 Pulsate
1071 2840 1157 2915 igitur
1177 2844 1221 2896 ta·

190 2924 260 2984 bula
281 2927 356 2984 circa
377 2927 546 3000 principium
566 2925 723 3001 Evangelii,
746 2932 903 2985 conventus
924 2928 1045 2985 accurrit
1054 2922 1090 3005 ε),
1114 2932 1143 2985 et
1163 2927 1220 3000 ipsc

190 3009 380 3071 Abbas'inter
392 3014 514 3087 primos3
536 3014 633 3087 sicque
655 3019 755 3071 sancta
775 3012 824 3071 illa
844 3015 941 3070 anima
954 3015 1029 3072 sicut
1045 3012 1221 3088 praedixerat

190 3104 257 3158 ante
285 3097 372 3158 finem
402 3098 553 3174 Evangelii
580 3099 675 3158 soluta
704 3105 755 3158 est.
807 3098 1010 3159 NOVIGIUS:
1046 3099 1111 3158 Non
1139 3101 1221 3158 mbor

191 3175 326 3244 si'iustus
347 3188 400 3244 iste
409 3183 428 3264 ⁷)
452 3184 621 3245 desideravit
642 3192 771 3260 mortem,
794 3203 879 3261 quern
895 3188 1007 3245 auctrix
1019 3187 1097 3246 vitae
1119 3201 1220 3245 conso·

190 3271 250 3331 lata
272 3278 402 3331 estante
424 3278 553 3332 mortem.
596 3270 828 3332 MONACHUS:
861 3272 926 3332 Non
949 3273 1042 3332 solum
1062 3273 1220 3348 praesentia

191 3360 252 3417 eius
272 3357 390 3416 infirmis
418 3358 468 3417 dat
489 3359 623 3418 fiduciam
652 3359 804 3434 moriendi,
837 3360 889 3418 sed
924 3362 1011 3420 etiarn
1039 3359 1219 3420 morientibus

191 3447 279 3504 risum
302 3447 415 3520 excitat,
437 3447 485 3521 qui
507 3447 620 3524 signum
642 3453 686 3506 est
706 3463 829 3524 magnae
850 3446 983 3506 laetitiae.

209 3715 279 3785 1)ss
298 3718 380 3784 quia.
400 3748 430 3756 -
450 3718 699 3787 2)cl)ixitque.
721 3748 750 3758 -
771 3717 1119 3785 ultramontanis.
1140 3745 1169 3756 -—
1188 3715 1217 3780 4)

259 3784 323 3838 ACP
341 3795 441 3838 erunt.
462 3817 492 3828 -
512 3789 544 3856 5)
560 3787 583 3840 B
602 3797 727 3856 tempus
750 3790 842 3840 enirn.
863 3819 893 3828 —
914 3789 946 3857 6)
964 3789 1050 3843 aab?
1067 3787 1217 3840 occurrit.

259 3853 332 3908 Conl.
350 3855 391 3921 Vl,
408 3858 450 3909 36.
468 3858 510 3924 xl,
527 3861 552 3911 8.
573 3860 614 3911 16.
633 3889 665 3897 -
683 3860 716 3926 7)
733 3859 798 3910 iste
816 3857 872 3910 add·
884 3858 913 3912 B.
