2622 4322
308 315 312 321 .
431 256 486 316 DE
506 256 771 319 ΤΕΝΤΑΤΙΟΝΕ.
1061 261 1122 320 205

405 445 635 511 OAPPPULUM
655 449 806 511 XXXVI,

134 571 176 631 De
194 571 311 631 mnino
337 568 477 631 Gesordo
497 571 620 645 Abbate,
643 575 695 648 qut
716 571 876 631 monachos
897 574 930 632 iu
950 590 1084 634 sermone

214 659 412 718 dmtrdtantcs
427 677 486 734 par·
504 658 643 735 fabulam
665 661 789 719 Arcturi
805 656 822 734 ¹)
846 663 991 719 excitavit.

152 795 183 854 In
193 797 386 856 sollemnitate
401 795 527 873 quadam
540 815 606 857 cum
619 797 723 858 Abbas
747 795 899 856 Gerardus
920 796 1124 873 praedeeessor

100 881 176 958 huius,
196 888 243 960 qui
256 901 338 943 nunc
353 890 405 960 est,
428 886 547 943 verbum
562 885 766 944 exhortationis
783 887 812 942 in
827 884 958 960 Capitulo
981 884 1019 944 ad
1039 904 1093 945 uos
1102 881 1123 964 ²)

98 967 198 1046 iaceret,
222 979 251 1030 et
272 971 382 1047 plures,
403 974 527 1030 maxime
548 972 584 1030 de
607 973 761 1047 conversis,
782 971 950 1046 dormitare,
971 972 1124 1052 nonnullos

98 1059 169 1116 mam
188 1065 310 1118 stertere
333 1060 520 1134 conspiceret,
542 1058 725 1132 exclamarit:
750 1057 866 1134 Audite,
887 1059 997 1134 fratres,
1017 1059 1124 1136 audite,

95 1159 146 1202 rom
170 1147 251 1204 vobis
274 1162 387 1204 novam
415 1152 445 1204 et
465 1163 599 1222 magnam
619 1163 788 1222 proponam.
831 1145 896 1204 Rex
918 1145 1034 1220 quidam
1054 1145 1122 1221 sirit,

95 1233 136 1305 qui
158 1228 277 1312 Artus³)
308 1231 479 1292 vocabatur.
520 1232 587 1292 Hoc
619 1232 709 1307 dicto,
728 1249 786 1291 uon
806 1235 961 1308 processit,
989 1231 1040 1292 sed
1061 1235 1121 1292 ait:

95 1316 197 1395 Videte,
224 1320 345 1393 iratres,
367 1321 512 1378 miseriam
532 1337 675 1396 magnam.
720 1318 842 1395 Quando
864 1319 976 1379 locutus
998 1337 1062 1378 sum
1085 1319 1122 1380 de
1208 1361 1211 1370 -

92 1402 160 1480 Deo,
187 1405 381 1483 dormitastis3
404 1423 472 1465 mox
493 1412 525 1465 ut
545 1407 636 1466 verba
659 1407 785 1466 levitatis
805 1407 927 1481 inserui,
956 1406 1123 1484 evigilantes

93 1494 179 1552 crectis
195 1494 318 1553 auribus
332 1510 433 1552 omncs
447 1493 608 1552 auscultare
624 1495 767 1569 coepistis.
807 1493 871 1570 Ego
885 1491 977 1554 eidem
998 1495 1130 1560 sermoni,

34 1595 36 1602 ’
91 1577 197 1638 interfui.
241 1580 311 1640 Non
340 1578 436 1638 solum
463 1597 601 1655 personas
629 1577 807 1656 spirituales,
836 1580 888 1640 sed
903 1587 940 1652 ‚ct
960 1581 1123 1643 saeculares

92 1663 210 1728 diabolus
230 1684 286 1744 per
308 1666 530 1727 somnolentiam
550 1673 643 1727 tentat
665 1673 694 1726 et
715 1667 842 1743 impedit

395 1855 627 1918 cannetum
646 1854 813 1917 xxxvn.
913 1843 914 1846 ‘
959 1813 962 1824 ’

90 1978 130 2038 De
142 1981 272 2045 Horrico
294 1981 390 2039 utilite
411 1980 495 2055 apud
513 1997 568 2046 nos
590 1999 731 2040 carenum
750 1980 886 2057 faciente,
910 1987 938 2040 et
958 1979 994 2040 de
1014 1981 1122 2057 lapide,

286 2071 322 2128 in
344 2083 405 2143 quo
428 2067 592 2127 dormiebat
613 2075 743 2143 tempore
764 2071 916 2128 orationis.

144 2207 226 2268 Miles
251 2206 374 2284 quidam
385 2207 553 2280 Bonnensis,
574 2205 716 2267 Henricus
737 2209 866 2282 nomine,
894 2213 1024 2283 tempore
1046 2223 1121 2282 quo·

92 2291 149 2353 dam
174 2293 420 2372 quadragesimali
449 2288 614 2372 carenam⁴)
650 2293 717 2374 feeit
745 2294 822 2369 apud
850 2312 912 2353 nos.
962 2294 1122 2368 Postquam

91 2396 209 2441 reversus
232 2387 277 2441 est
299 2384 330 2439 in
345 2379 462 2440 domum
484 2398 575 2456 suam,
598 2380 643 2438 die
658 2379 783 2455 quadam
802 2397 953 2440 occurrens
974 2381 1121 2458 praedicto

91 2465 215 2528 Gerardo
237 2467 360 2543 Abbati,
382 2470 422 2527 ait
442 2466 480 2526 ad
500 2467 599 2525 illum:
631 2466 756 2527 Domine
777 2467 894 2543 Abbas,
915 2467 1030 2527 vendite
1050 2467 1121 2528 mihi

90 2550 204 2630 lapidem
223 2556 315 2630 illum,
338 2557 387 2631 qui
408 2556 488 2613 iuxta
508 2553 596 2612 talem
609 2554 771 2613 columnam
793 2557 907 2615 oratorii
927 2557 1016 2614 vestri
1036 2557 1121 2630 iacet,

91 2645 185 2720 elego
207 2641 283 2702 dabo
306 2659 360 2718 pro
380 2641 429 2700 illo
452 2640 587 2716 quicquid
608 2640 827 2717 postulaveritis.
871 2640 925 2700 Cui
951 2659 1017 2702 cum
1039 2643 1120 2702 dice-
1225 2641 1227 2647 ⁴

91 2733 147 2786 ret:
175 2727 223 2788 Ad
252 2727 323 2805 quid
351 2729 435 2788 vobis
458 2733 502 2788 est
522 2727 722 2787 necessarius?
750 2728 914 2804 respondit:
946 2723 1010 2806 Ego
1038 2729 1120 2788 illum

90 2829 187 2888 ponere
206 2816 274 2876 volo
297 2815 463 2875 adlectum
485 2831 590 2891 meum,
616 2815 770 2890 quietalis
792 2822 835 2875 est
857 2817 917 2874 eius
938 2823 1054 2890 natura,
1086 2821 1120 2874 ut

91 2903 137 2974 qui
161 2902 280 2963 dormire
309 2920 368 2962 non
396 2905 534 2977 potuerit,
556 2908 585 2960 et
614 2907 702 2977 caput
728 2920 814 2979 super
841 2902 927 2965 illum,
948 2905 1076 2978 posuerit
1087 2897 1119 2982 ⁵),
1146 2940 1153 2952 ·

91 2990 177 3048 statim
198 2991 329 3051 dormiat
371 2989 456 3048 illam
485 2989 682 3048 confusionem
709 2989 817 3048 fecerat
842 2991 868 3048 ei
890 2989 1021 3049 diabolus
1042 2996 1119 3049 tcm-

91 3089 154 3149 pore
172 3079 377 3152 poenitentiae,
403 3083 437 3134 ut
458 3077 589 3152 quotiens
610 3078 727 3136 veniens
749 3076 787 3136 ad
808 3076 958 3136 eeclesiam
978 3094 1011 3136 se
1032 3093 1119 3153 super

92 3162 203 3223 cundem
228 3163 357 3240 lapidem
385 3179 474 3222 causa
504 3165 639 3247 orationis
660 3163 825 3238 reclinaret,
856 3181 924 3222 mox
953 3165 980 3222 ei
1000 3181 1118 3224 somnus

93 3247 279 3332 subriperet⁶).
323 3249 422 3330 Simile
444 3251 565 3310 verbum
585 3248 689 3310 nobilis
711 3250 843 3325 quidam,
865 3252 915 3324 qui
937 3251 974 3310 ob
996 3249 1119 3312 similem

92 3338 283 3406 poenitentiam
304 3332 431 3416 sueratb
452 3339 482 3396 in
502 3335 729 3411 Hemmeurode,
749 3338 838 3397 lemur
860 3337 978 3396 dixisse:
999 3329 1117 3398 Mollio-

92 3437 138 3497 res,
156 3425 259 3502 inquit,
281 3424 480 3499 suntlapides
502 3426 618 3484 oratorii
640 3423 763 3484 Glaustri
784 3425 916 3502 omnibus
937 3423 1117 3487 lectisterniis

106 3554 133 3624 ι)
148 3558 280 3611 Arcturi
298 3557 348 3608 aaa
366 3557 445 3622 aum
463 3541 538 3610 'cont
556 3557 616 3622 xn,
635 3557 677 3608 12.
697 3565 731 3599 -·
747 3557 779 3626 2)
797 3557 818 3609 n
837 3555 873 3608 aa
890 3571 948 3609 nos
972 3557 1003 3608 rn
1025 3557 1116 3625 eapr-

151 3628 231 3692 tulo‚
259 3627 302 3680 BG
325 3627 420 3679 nobis
442 3629 475 3679 in
499 3627 662 3696 capitulo.
682 3657 713 3668 -
737 3629 770 3694 3)
788 3631 824 3678 sic
849 3642 936 3678 omnes
957 3625 1066 3678 libri-
1081 3627 1115 3696 4)

149 3696 196 3750 hcc
213 3707 270 3762 est,
289 3699 468 3766 castigationes
486 3700 664 3765 orationesque
689 3698 716 3748 in
733 3698 827 3749 ieiunio
845 3695 1062 3764 quadragesimali.
1082 3725 1113 3736 -

151 3767 181 3833 5]
197 3767 238 3821 Bc
255 3775 366 3836 ponat.
386 3797 416 3807 -
435 3769 467 3836 6)
484 3768 507 3820 R
524 3767 709 3834 obreperet.
728 3767 800 3820 Corsi.
819 3765 878 3829 Vll,
897 3766 938 3816 11.
956 3765 1027 3816 Dani.
1046 3766 1071 3829 6,
1089 3767 1114 3816 6.

152 3864 182 3876 -
200 3839 231 3906 7)
248 3837 269 3891 G
288 3835 424 3889 similem
442 3853 568 3890 causam
585 3837 821 3906 poeniteutiam
839 3835 974 3888 lecerat.
