2654 4308
426 308 480 370 ns
502 309 659 372 senous
675 310 816 374 mame.
891 311 895 318 ·
1100 317 1139 373 73
1221 297 1224 302 '

380 417 387 433 Ι
441 466 674 528 CAPITULUM
695 465 799 550 tw)

98 590 147 652 De
167 591 296 656 Pooooc
309 606 457 662 conseruo,
480 593 532 666 pai
550 597 685 650 sooctom
699 590 833 650 Mariam
853 592 886 650 to
904 591 962 666 fine
983 609 1038 652 suo
1059 593 1140 652 sidu.

164 709 330 772 Conversus
367 711 482 786 quidem
515 711 683 771 adolescens
713 717 821 787 aetate,
848 711 930 771 Friso
951 714 1084 789 natione,
1111 717 1139 773 iu

97 797 202 858 bucko
224 799 306 858 cuius
326 815 415 874 supra
437 799 570 874 memini,
595 801 720 875 graviter
741 799 946 859 infirmabatur.
988 791 1140 860 Deductus

97 884 139 946 ad
160 891 305 959 extreme,
326 887 356 943 in
377 886 440 960 ipse
462 887 580 962 agonia,
609 888 684 945 sicut
704 885 773 946 mihi
793 884 891 945 retulit
911 886 1070 946 monachus
1092 891 1141 963 qui

97 969 172 1033 vidit
201 977 231 1030 et
258 987 395 1047 praesens
419 971 485 1047 brit,
514 971 605 1032 ridere
629 974 731 1048 coepit.
775 971 916 1032 Caicum
939 973 1045 1036 diceret
1064 977 1140 1034 unns

97 1077 137 1120 ex
156 1059 419 1118 circumstantibus:
441 1058 532 1133 Pavo,
556 1059 613 1118 hoc
627 1061 652 1118 ei
666 1075 771 1119 nomen
786 1064 856 1134 crat,
877 1059 1030 1119 cur‘modo
1043 1059 1139 1121 rides?

96 1143 265 1222 respondit:
288 1143 347 1203 Gur
359 1161 417 1204 uon
434 1144 565 1205 rideam?
586 1145 663 1205 Ecce
676 1146 803 1205 Domina
815 1151 913 1205 nostra
929 1163 1066 1222 praesens
1088 1153 1140 1221 est,

98 1240 128 1294 et
156 1235 217 1292 iam
245 1233 371 1292 animam
385 1249 493 1291 -meam
515 1234 659 1310 suscipiet.
702 1233 825 1294 Videtur
850 1232 919 1292 mihi
945 1235 974 1291 in
995 1235 1050 1292 isto
1071 1251 1139 1293 ver·

98 1319 209 1382 siculus
230 1324 334 1395 poetae
355 1317 503 1393 impletus:

178 1404 288 1480 'Incipe
304 1423 402 1480 paroc
418 1423 506 1480 puer,
527 1409 592 1465 risu
613 1424 786 1481 copuoscecc
807 1412 933 1466 mouens
946 1403 974 1484 ).

63 1557 66 1564 ,
98 1495 178 1554 Puer
207 1497 269 1552 erat
297 1494 401 1551 virtute
430 1490 507 1550 idem
535 1509 705 1566 conversus,
737 1495 805 1569 quia
831 1492 951 1568 simplex
977 1499 1007 1552 et
1034 1511 1138 1570 purus3

98 1597 223 1658 pervus,
260 1581 328 1654 quia
364 1575 478 1638 humilis
511 1584 540 1638 et
570 1587 747 1639 mansuetus.
803 1572 891 1638 Haud
920 1579 1039 1640 dubium
1071 1584 1140 1657 quin

99 1669 189 1728 beata
210 1665 300 1742 Virgo
330 1667 461 1724 morienti
489 1671 634 1726 maternos
663 1667 823 1726 exhibuerit
848 1672 962 1743 gestus3
992 1670 1138 1743 quianon
1184 1729 1191 1746 Ι

99 1755 200 1828 risum
219 1752 272 1812 sed
292 1754 423 1812 timorem
444 1753 542 1812 vultus
564 1755 669 1813 excitat
690 1769 817 1813 severus.

456 1907 689 1970 CAPITULUM
709 1909 789 1969 LHI.

227 2031 303 2092 Item
325 2031 361 2090 de
382 2032 608 2104 sanctimoniali,
630 2035 679 2090 cut
700 2035 837 2090 morienti
859 2037 1009 2108 apparuit.

166 2152 266 2214 Simile
289 2155 407 2230 contigit
422 2152 558 2214 Coloniae
579 2156 608 2212 in
631 2153 753 2214 ecclesia
774 2154 866 2214 sancti
886 2151 1022 2214 Mauritii.
1066 2154 1139 2216 Cum

100 2240 246 2318 quaedem
263 2240 486 2300 sanctimonialis
507 2241 606 2300 bonae
623 2243 700 2300 vitae
721 2242 750 2298 in
773 2242 905 2300 extremis
926 2240 1033 2300 ibidem
1054 2242 1138 2303 lebo-

99 2334 194 2401 raret,
222 2333 252 2410 et
272 2344 384 2388 sorores
405 2330 574 2388 morientem
595 2329 824 2401 circumstarent,
844 2327 893 2386 illa
914 2335 1047 2389 serenata
1066 2329 1139 2388 secie

98 2413 286 2488 subridendo,
308 2417 417 2474 cunctis
430 2415 611 2474 audientibus
624 2417 653 2472 in
673 2415 747 2475 haec
768 2415 858 2474 verba
878 2417 1020 2490 prompit:
1041 2417 1139 2476 Bene·

99 2503 201 2563 veniat
222 2499 385 2562 dulcissime
405 2501 533 2561 Domina
553 2519 632 2577 mee,
653 2501 833 2561 beneveniet.
876 2501 981 2578 Sicque
1001 2505 1139 2579 repressis
1203 2507 1207 2511 ’

99 2588 185 2649 labiis
216 2590 377 2663 exspiravit.
420 2586 545 2648 Multum
572 2591 647 2648 enim
667 2589 746 2648 illam
769 2588 913 2665 diligebat.
955 2587 1038 2650 Unde
1061 2593 1138 2650 etin
1201 2651 1204 2656 ,

101 2677 174 2736 hora
197 2673 246 2733 illa
266 2675 383 2734 terribili
405 2674 537 2735 dilectam
559 2675 656 2735 videre
678 2677 794 2751 meruit,
816 2677 908 2734 visam
929 2675 1069 2752 salutare,
1091 2684 1138 2737 at-

101 2780 159 2848 que
176 2779 230 2838 per
251 2779 315 2820 eam
337 2768 366 2820 et
388 2779 453 2821 cum
475 2779 510 2821 ea
524 2761 677 2823 coelestem
698 2763 857 2822 thalamum
877 2765 991 2823 intrare.
1022 2763 1139 2824 NOVI-

101 2849 207 2910 GIUS:
229 2846 319 2925 Spero
342 2847 420 2924 quod
441 2848 605 2924 daemones,
627 2852 676 2924 qui
697 2852 783 2908 etiem
811 2851 878 2908 viris
905 2852 1089 2910 sanctissimis
1109 2853 1139 2910 in

102 2938 181 2997 exitu
210 2937 293 2994 nimis
320 2942 388 2994 sunt
414 2937 581 3010 importuni,
612 2937 642 2994 in
668 2937 829 3012 praesentia
854 2941 952 2996 tantae
983 2940 1149 2997 maiestatis.

101 3023 259 3084 subsistere
281 3039 338 3081 non
359 3029 481 3097 possunt
491 3019 522 3102 ²).
565 3020 801 3084 MONACHUS:
830 3021 896 3084 Hoc
916 3023 969 3084 tibi
989 3024 1140 3084 ostendere

101 3109 172 3172 volo
192 3104 272 3187 per³)
294 3109 465 3185 exemplum.

450 3264 684 3326 CAPITULUM
710 3266 789 3328 LIV.

102 3387 181 3447 Item
203 3384 240 3444 de
265 3373 415 3444 Wocoero
434 3387 595 3457 monacho,
628 3388 676 3444 cus·
697 3389 730 3445 in
752 3390 888 3447 extremis
909 3389 1051 3464 subvenit,
1074 3408 1141 3450 cum

416 3489 436 3530 o
458 3471 649 3539 doemonibus
672 3479 839 3533 taceretur.

172 3591 256 3652 Circa
275 3593 332 3652 hoc
353 3594 504 3652 biennium
532 3593 690 3654 monachus
712 3593 829 3671 quidem
850 3595 1009 3658 Wamerus
1028 3600 1143 3660 nomine

103 3683 134 3740 in
148 3679 321 3739 Eberbacho
344 3679 494 3740 defunctus
516 3687 569 3757 est,
590 3686 684 3741 aetate
706 3682 822 3758 quidem
839 3683 1017 3760 adolescens,
1037 3692 1067 3745 et
1086 3689 1143 3745 im-

122 3796 157 3864 *J
174 3793 266 3848 Homil.
282 3795 325 3848 lll.
348 3811 374 3864 p.
399 3797 458 3850 178.
478 3827 508 3838 -
535 3797 566 3865 1)
583 3797 652 3866 Virg.
675 3798 823 3868 EclogslV,
839 3802 883 3854 60.
903 3827 933 3844 -ι
959 3801 1029 3870 2)u
1053 3801 1145 3854 nullo

177 3863 270 3918 modo
286 3867 422 3933 possint.
443 3895 473 3908 -
493 3868 525 3936 3)
544 3867 563 3919 Β
581 3883 804 3938 persequens.

862 3946 886 4017 4
