2642 4330
462 283 516 345 nn
538 267 828 347 ammonemus·
1093 287 1156 346 aar

113 410 141 466 in
169 413 246 467 terra
274 423 356 472 more
384 409 591 483 poenitentium
623 405 833 482 consedissent,
864 411 981 466 sanctus
1008 405 1158 485 Remigius

113 495 264 555 Remensis
285 494 464 570 Episcopus,
487 493 699 570 pontificalibus
720 494 850 569 indutus,
882 495 1084 572 transgressori
1104 510 1158 556 suo

113 599 256 656 apparens
278 583 334 639 ait:
355 579 489 657 Mangoz,
510 597 599 656 quare
620 598 678 640 non
699 580 787 640 solvis
804 586 906 640 votum
927 580 1030 640 tuum?
1072 579 1162 641 Miles

113 685 182 728 vero
219 685 288 728 cum
325 673 386 727 tam
421 667 456 727 de
491 670 601 727 visione
638 685 726 743 quam
760 667 795 727 de
829 669 893 726 voti
920 669 1159 745 improperatione

114 761 283 829 terreretur,
314 771 383 814 mox
405 753 535 814 diabolus
556 753 712 828 advolans,
733 755 829 816 verbis
850 753 1046 814 admonitoriis
1067 754 1159 816 verba

115 840 302 901 dissuasionis
331 841 477 900 subiunxit
488 837 506 922 1)
528 840 638 900 dicens:
666 841 733 900 Noli
766 840 917 915 festinare,
951 840 1026 900 bene
1057 847 1160 901 votum

114 927 210 988 solves
233 927 350 1003 qnando
371 929 486 1003 poteris.
528 927 663 1003 Nihilque
684 925 763 986 aliud
781 925 888 1003 dicens,
908 927 1054 988 hominem
1074 927 1160 1004 pedi·

114 1014 169 1074 bus
191 1016 340 1090 arripiens,
361 1031 414 1090 per
435 1020 563 1074 ventrem
584 1016 615 1072 in
636 1017 801 1090 pavimento
823 1020 883 1073 tam
903 1014 1161 1074 immisericorditer

115 1102 216 1178 traxit,
244 1107 278 1160 ut
297 1100 386 1161 facies
407 1103 468 1161 eius
480 1104 519 1166 ,in
540 1106 664 1176 quatuor
684 1101 814 1176 partibus
834 1100 999 1174 vulnerata,
1020 1103 1160 1177 sanguine

115 1194 282 1264 erumpente
315 1194 423 1266 terram
456 1186 626 1247 infunderet
683 1188 777 1264 Quem
808 1205 875 1246 curn
904 1185 1086 1263 Guldolphus
1118 1189 1160 1248 sic

114 1275 189 1335 trahi
210 1273 340 1350 vIderet,
367 1273 577 1335 attrahentem
598 1291 657 1334 non
677 1277 832 1350 aspiceret,
861 1275 935 1334 siout
966 1274 1004 1334 ab
1027 1275 1088 1334 eius
1110 1291 1159 1336 ore

114 1361 226 1436 audivI,
253 1362 387 1421 turbemus
407 1361 472 1421 ilico
493 1363 630 1436 surrexIt,
662 1361 837 1437 militemque
858 1360 982 1421 brachiis
1003 1362 1160 1438 stringens,

115 1465 182 1510 eum
202 1449 284 1510 sortis
314 1453 391 1508 esset
419 1454 448 1508 et
478 1450 530 1524 sit,
556 1445 707 1528 retinerer)
736 1450 785 1506 vix
811 1450 913 1524 potuit
955 1443 1063 1524 Aquo
1093 1465 1160 1508 eum

115 1552 234 1596 oaumm
262 1533 365 1610 culpae
393 1534 478 1594 simul
506 1543 535 1594 et
561 1551 673 1611 poenae
702 1533 862 1609 didicisset,
884 1536 938 1594 alt:
974 1533 1099 1595 Consule
1126 1541 1161 1595 ut

115 1622 220 1682 reddas
230 1628 333 1681 votum
347 1628 438 1680 tuum
458 1621 663 1699 Respondente
684 1619 741 1696 illo,
762 1638 821 1680 non
834 1621 920 1680 modo
941 1619 1036 1682 habco
1050 1638 1161 1699 expcn-

114 1727 172 1786 sas,
195 1708 274 1770 dedit
296 1711 322 1767 ei
344 1707 466 1768 solidum
488 1708 697 1785 sterlingorum,
719 1714 748 1767 et
767 1708 814 1767 ille
836 1707 922 1767 solvit
936 1715 1037 1768 votum
1057 1707 1160 1786 neglc-

115 1803 203 1857 atum.
254 1793 460 1855 NOVIGIUS:
488 1793 529 1855 Ut
552 1793 653 1870 video,
675 1812 733 1855 non
753 1794 875 1855 multum
897 1811 916 1853 a
936 1796 1020 1854 nobIs
1038 1794 1160 1856 daemo-

114 1901 167 1944 nes
199 1887 268 1942 sunt
295 1878 411 1956 remoti,
442 1883 491 1957 qui
519 1882 557 1941 ad
592 1881 768 1958 puniendum
795 1898 849 1941 nos
877 1886 937 1940 mm
965 1888 1032 1942 sunt
1059 1883 1160 1960 parati.

114 1967 354 2030 MONAOHUS:
385 1966 470 2044 Quod
491 1985 604 2044 semper
624 1971 682 2028 sint
702 1970 782 2036 quta
811 1985 864 2029 nos
894 1972 924 2028 et
944 1969 1020 2030 circa
1040 1985 1109 2045 nos,
1129 1969 1159 2028 iu

114 2057 427 2133 subiecto'cognosces
449 2055 590 2132 exemplo.

458 2244 692 2307 CAPITULUM
712 2245 826 2306 XLIII.

152 2453 155 2462 Ι
212 2369 262 2427 De
283 2367 436 2442 daemone,
458 2371 510 2445 qui
530 2371 649 2428 viacona
666 2384 725 2444 pro
745 2367 877 2426 mercede
896 2366 1061 2428 csatodivit.

179 2505 268 2566 Anno
290 2497 443 2590 praeterito
457 2491 586 2582 tempore
607 2505 769 2566 vindemiae
784 2505 946 2566 cellerarius
963 2503 999 2565 de
1011 2503 1093 2565 Lacu
1105 2522 1158 2566 cu·

115 2593 229 2654 iusdam
246 2595 334 2653 curtis
362 2595 526 2652 monasterii
543 2596 659 2653 vineam
685 2593 799 2653 dnobus
823 2595 913 2652 servis
942 2591 1159 2653 custodiendam

115 2681 266 2740 commisit
309 2679 403 2739 Nocte
424 2679 549 2755 quadam
569 2697 645 2739 unns
664 2695 700 2738 ex
720 2680 775 2740 illis
792 2679 903 2756 vigilas
922 2685 1076 2740 nocturnas
1103 2679 1158 2739 sibi

115 2775 277 2843 temperare
297 2764 408 2840 volens,
429 2766 576 2826 diabolum
596 2766 757 2827 ioculariter
765 2763 787 2846 ³)
809 2768 926 2826 vooavIt
947 2766 1059 2825 dicens:
1081 2767 1158 2826 Veni

115 2853 239 2929 diabole,
261 2851 374 2913 custodi
395 2852 470 2913 hanc
490 2855 613 2927 vincam,
635 2858 664 2912 ct
685 2870 739 2930 ego
760 2854 812 2912 tibi
833 2854 955 2928 pretium
971 2853 1056 2912 dabo.
1098 2853 1158 2912 Vix

114 2942 205 3001 verba
228 2939 431 3016 compleverat,
453 2946 482 3000 et
500 2938 921 3000 eecediabolusalinitdicens:
943 2939 1062 2999 Praesto
1083 2958 1158 2999 sum.

116 3027 192 3104 Quid
206 3045 275 3105 ergo
291 3027 374 3086 dabla
394 3026 472 3113 mihi,
493 3029 518 3086 si
539 3043 604 3086 eam
626 3025 809 3086 custodiero?
851 3027 890 3085 Et
909 3026 972 3086 ille:
996 3026 1158 3102 Cophinum

114 3114 232 3190 plenum
254 3110 363 3194 nvis⁴)‚
390 3113 440 3172 tali
469 3113 645 3188 conditione,
669 3119 702 3172 ut
730 3115 756 3172 si
781 3108 911 3192 aliquis⁵)
942 3115 1089 3173 Intraverit
1116 3113 1155 3173 ab

117 3218 152 3260 ca
172 3201 261 3276 hora,
295 3217 353 3275 qna
375 3199 436 3260 dies
458 3206 487 3259 et
508 3217 565 3260 nox
588 3206 770 3276 separantur,
791 3217 884 3275 nsque
906 3198 1061 3260 adortum
1083 3197 1184 3275 dici,¹

116 3305 210 3364 neque
230 3288 378 3364 propriam
398 3304 493 3362 neque
514 3286 637 3346 alienam
659 3289 803 3361 excipiens
819 3303 981 3362 personam,
1003 3286 1108 3346 collum
1130 3288 1157 3347 ei

115 3373 239 3452 frangas.
294 3372 381 3449 Quod
408 3391 475 3434 cum
503 3373 636 3434 diabolus
664 3375 856 3450 promisisset,
889 3380 918 3432 ct
947 3391 1047 3440 servus
1075 3391 1156 3448 sero,

117 3464 200 3537 quasi
221 3461 258 3522 de
279 3463 366 3520 vinea
387 3477 524 3536 securus,
546 3460 664 3520 domum
684 3461 837 3535 intrasset,
857 3462 898 3520 ait
918 3459 959 3518 illi
980 3459 1157 3520 cellerarius:

135 3646 167 3716 1)
184 3645 248 3699 ADP
266 3645 427 3697 adiunxit.
451 3675 483 3686 -
502 3624 800 3714 antiochiensi,
822 3652 855 3696 et
881 3646 928 3697 sic
951 3647 1114 3710 retinere,
1135 3645 1158 3697 ll

185 3723 292 3780 esset,
313 3717 471 3767 retinere.
506 3714 647 3768 Emendavi
670 3729 702 3766 ex
719 3714 777 3768 loco
794 3713 819 3778 l,
841 3714 887 3766 ta:
913 3714 992 3780 „haec
1015 3731 1072 3767 cum
1090 3723 1159 3766 esset

185 3795 212 3838 et
234 3785 318 3838 adhuc
342 3786 374 3836 sit
391 3783 497 3837 Arnoldi
519 3785 594 3836 tiliae
615 3793 645 3824 ··-'
672 3784 741 3853 3)ss
765 3783 929 3838 localiter.
950 3813 980 3824 -
1006 3785 1038 3852 4)
1055 3783 1100 3837 An
1119 3783 1156 3834 de

104 3915 108 3919 ,
185 3857 269 3909 uvis.
290 3883 321 3896 -
341 3853 602 3923 djhlll’sispuis.
