2580 4316
166 265 205 325 sc
415 219 422 228 ’
466 260 694 323 orsrmcmo
713 261 897 322 saeuum

164 385 367 446 NOVICIUS:
395 385 435 444 Ut
465 384 577 460 plenius
598 385 755 460 intelligere
776 378 890 444 v'eleam
912 384 1086 443 contritionis
1107 381 1202 442 virtr-

164 483 238 548 tem,
265 476 389 550 primum
410 473 480 530 mihi
502 472 590 531 debes
612 489 773 546 exponere,
801 471 870 546 quid
891 474 928 530 sit
949 473 1094 544 contritio,
1122 468 1202 528 unde

166 560 290 634 dicatur,
317 574 412 618 utrum
438 561 526 636 gratis
552 557 732 633 mfundatur,
761 575 813 617 sou
841 559 879 616 ab
906 558 1021 616 homine
1042 562 1201 630 mereatru,

166 654 236 722 quot
258 649 314 706 sint
334 649 395 706 eius
416 649 535 721 specics,
556 645 604 704 vel
625 642 693 720 quid
716 652 849 720 operetur
868 647 899 702 in
919 651 1078 720 peccatore.
1121 640 1201 701 MO·

165 733 339 792 NACHUS:
373 733 509 791 Contritio
532 738 575 791 est
597 732 689 791 cordis
709 730 881 807 poenitudo,
903 731 1010 790 scilieet
1022 728 1038 810 ¹)
1060 729 1142 789 dolor
1163 729 1201 788 de

121 825 124 832 '
164 823 298 896 peccatis,
319 822 424 895 partim
445 836 564 896 surgens
586 837 621 877 ex
642 821 743 878 timore
757 817 914 894 gehennae,
935 820 1038 893 partim
1056 833 1201 876 examore
1283 891 1284 894 Ἴ

164 907 295 967 coelestis
315 909 432 981 patriae.
475 905 678 966 NOVIOIUS:
711 905 800 964 Estne
829 905 926 980 aliqua
948 905 1103 964 differentia
1124 907 1201 962 inter

163 993 376 1070 poenitudinem
398 999 427 1051 et
454 992 679 1068 poenitentiam?
722 991 958 1051 MoNAcHUS:
986 992 1097 1065 Etiam3
1125 1006 1201 1066 poc-

164 1082 262 1139 nitudo
285 1081 367 1140 dolor
388 1086 431 1139 est
443 1077 463 1160 ²)
486 1081 615 1153 interior,
647 1079 749 1137 tollens
771 1075 931 1157 culpam³);
952 1080 1128 1153 poenitentia
1148 1094 1201 1137 sa-

163 1170 284 1227 tissactio
307 1169 435 1240 exterior,
455 1168 568 1241 peccati
589 1165 686 1224 delens
708 1182 839 1241 poenam.
883 1163 1086 1225 NOVIOIUS:
1116 1163 1200 1240 Quae

164 1263 207 1314 est
229 1255 385 1314 differentia
404 1256 478 1312 inter
499 1253 614 1327 culpam
636 1250 818 1327 etpoenam‘?
850 1250 1083 1311 MONACHUS:
1106 1249 1200 1325 Culpa

164 1348 207 1402 est
234 1344 329 1417 ipsum
357 1347 523 1415 peccatum3
556 1333 682 1417 poena⁴)
704 1341 863 1414 praemium
890 1341 1009 1414 peccati.
1053 1337 1084 1396 Si
1112 1338 1202 1413 culpa

163 1435 207 1486 est
228 1427 362 1502 mortalis,
384 1427 504 1486 debetur
526 1428 625 1500 cipro
647 1429 774 1500 praemio
796 1441 890 1500 poena
911 1421 1069 1503 aetema⁵).
1111 1423 1201 1484 Hanc

162 1514 243 1574 Deus
264 1531 315 1590 per
337 1514 428 1573 cordis
450 1512 664 1587 poenitudinem
688 1515 718 1571 in
747 1529 871 1588 poenam
893 1513 1032 1571 convertit
1052 1518 1200 1587 tempora-

161 1601 227 1660 lem.
270 1601 420 1675 Hane,·si
440 1600 614 1658 insufficiens
635 1599 719 1658 fuerit
741 1601 887 1673 contritio,
907 1598 984 1657 delet
1006 1600 1127 1657 exterior
1147 1617 1200 1658 sa-

161 1688 292 1756 tissactio.
335 1687 416 1747 Haec
438 1694 482 1746 est
501 1688 691 1762 poenitentia,
721 1687 803 1761 quasi
830 1703 954 1761 poenam
980 1692 1079 1744 tenens
1112 1685 1200 1746 dicta.

161 1773 365 1834 NOVICIUS:
387 1773 471 1833 Unde
493 1774 594 1833 dieitur
617 1772 768 1832 contritio?
800 1771 1034 1832 MONACHUS:
1059 1771 1199 1858 Contritio

162 1862 238 1922 diota
260 1868 304 1938 est
325 1863 406 1937 quasi
427 1860 512 1919 simul
532 1863 623 1934 tn’ti03
654 1861 832 1936 componitur
859 1866 995 1918 autema
1017 1876 1086 1933 con,
1119 1859 1200 1934 quod

163 1955 206 2008 est
227 1948 319 2022 simul,
340 1955 369 2008 et
390 1950 474 2026 tuitio,
496 1964 531 2008 eo
554 1947 631 2022 quod
653 1947 688 2011 de
711 1948 843 2006 omnibus
863 1940 1022 2025 peccatis⁶)
1046 1963 1095 2006 cor
1112 1948 1200 2006 simul

162 2038 214 2094 teri
236 2034 340 2094 debeat
360 2051 412 2110 per
433 2035 568 2093 dolorem.
613 2033 668 2110 Qui
678 2031 697 2112 ⁷)
712 2035 756 2093 ⁴de
776 2039 896 2110 peceato
919 2050 976 2092 uno
993 2032 1077 2107 dolet,
1100 2025 1199 2094 etubn

162 2121 198 2181 de
219 2121 323 2196 altero,
355 2118 566 2200 naquaquam⁸)
589 2120 762 2195 conceditur,
785 2120 862 2195 quod
889 2123 920 2178 in
948 2119 1033 2179 corde
1054 2120 1138 2178 huius
1160 2123 1200 2180 sit

163 2211 300 2268 contritio.
342 2209 408 2268 Non
436 2209 522 2267 debet
548 2214 683 2284 peccator
711 2207 837 2266 dividere
866 2207 995 2281 culpam,
1027 2210 1095 2281 quia
1115 2207 1200 2268 Deus

160 2313 217 2354 non
239 2295 339 2354 dividit
358 2295 577 2371 indulgentiam
600 2293 685 2353 simul
706 2297 782 2354 enim
802 2300 895 2353 totum
909 2294 1037 2353 debitum
1047 2292 1199 2373 dimittit⁹).

159 2381 362 2441 NOVIGIUS:
385 2381 416 2440 Si
437 2381 521 2440 simul
543 2380 747 2440 conterendum
770 2388 814 2440 est
833 2380 869 2438 de
892 2381 1040 2454 omnibus,
1062 2381 1130 2456 quid
1153 2389 1200 2440 est

163 2469 239 2544 quod
267 2467 420 2526 Psalmista
450 2467 531 2527 dicit:
564 2467 689 2527 Lavabo
717 2487 774 2544 per
802 2469 935 2542 stapulas
963 2474 1060 2526 aoeies
1089 2469 1199 2529 lectum

160 2574 259 2614 meum
275 2552 329 2635 ¹⁰)?
370 2554 505 2627 Lectum,
527 2557 600 2612 sicut
630 2555 714 2614 nobis
741 2571 882 2630 exponere
904 2553 979 2613 soles
995 2550 1037 2632 ¹¹),
1052 2605 1054 2610 ,
1069 2553 1200 2631 appellat

162 2643 372 2714 conscientiam,
392 2641 520 2717 singulas
541 2647 640 2700 noctes
663 2641 774 2717 singula
795 2647 923 2716 peccata.
967 2640 997 2700 Si
1018 2658 1070 2716 per
1083 2642 1199 2718 singula

161 2729 254 2802 deflet,
275 2734 307 2786 ut
329 2730 369 2786 sio
382 2724 615 2807 interpellatim¹²)
638 2727 799 2802 abluantur,
821 2727 965 2802 quomodo
987 2745 1039 2803 pro
1061 2729 1198 2788 omnibus

160 2814 245 2875 simul
271 2814 444 2874 conteritur?
487 2813 721 2873 MONACHUS:
754 2813 820 2874 Una
849 2814 935 2873 debet
964 2831 1027 2874 esse
1054 2815 1198 2891 generalis

161 2905 299 2976 contritio,
322 2919 395 2976 quae
418 2901 512 2961 deleat
533 2901 665 2976 culpam3
689 2899 790 2960 deinde
812 2901 940 2978 singulis,
962 2903 985 2960 si
1006 2900 1067 2960 fieri
1088 2909 1197 2977 posset,

159 2989 259 3048 diebus
284 2988 492 3048 lacrimandum
514 2994 589 3047 esset
619 3005 684 3046 cum
709 2987 818 3048 Thaide
849 2988 886 3046 ad
919 2987 1092 3048 abluendam
1120 3006 1196 3063 poe-

159 3095 234 3136 nam.
277 3075 361 3136 Unde
392 3074 531 3134 Ezechias
562 3074 642 3133 dicit:
675 3073 854 3150 Recopitobo
891 3074 941 3134 rior·
970 3086 1069 3134 omnes
1099 3093 1196 3135 aanor

159 3179 238 3222 meos
269 3165 301 3220 ia
330 3163 530 3220 amaritudine
560 3165 677 3219 animae
698 3179 780 3220 meae
796 3158 836 3238 ¹³).
884 3159 1087 3240 NOVICIUS:
1109 3161 1195 3223 Unde

158 3253 245 3308 oritur
266 3247 418 3308 contritio?
472 3247 669 3306 Insunditume
690 3250 792 3323 gratis,
824 3247 873 3306 vel
893 3255 1017 3308 meretur
1039 3250 1076 3309 ab
1097 3250 1196 3308 homi-

157 3334 215 3396 ne?
258 3333 493 3396 MONACHUS:
525 3334 630 3394 Dicam
658 3334 710 3391 tibi
737 3334 806 3409 quid
832 3337 956 3394 maiores
984 3336 1019 3396 de
1046 3336 1102 3396 hoc
1124 3355 1196 3396 sen-

176 3486 207 3554 1)
225 3484 244 3536 G
262 3483 311 3535 add
329 3484 444 3536 cordis.
457 3515 486 3525 -ν
502 3485 534 3552 2)
552 3483 572 3537 C
590 3492 637 3535 est
655 3483 751 3535 dolor.
764 3514 794 3523 -
814 3485 846 3552 3)
865 3484 884 3536 O
902 3486 1029 3551 peccati
1047 3487 1193 3537 minuans

163 3550 171 3568 '
189 3565 192 3578 ¹
225 3554 359 3620 culpam.
377 3584 410 3592 -
428 3554 460 3621 4)
478 3553 498 3606 G
515 3554 564 3605 add
583 3562 640 3605 est.
661 3584 691 3593 -
712 3554 743 3620 5)
761 3552 781 3606 G
798 3554 988 3605 aeternalis.
1009 3583 1039 3594 —
1068 3555 1099 3622 6)
1111 3571 1194 3620 ‚pec-

225 3625 306 3674 catis
329 3639 370 3675 orn
393 3623 420 3674 O.
441 3653 472 3662 -
497 3623 634 3692 7)Gadd
659 3631 772 3674 autem.
792 3651 824 3662 —-
849 3623 985 3692 amada
1007 3624 1044 3673 ei.
1065 3652 1095 3662 -
1120 3625 1192 3692 9)1)

224 3693 359 3744 dimittit
385 3691 537 3743 debitum.
557 3722 588 3732 -
609 3692 657 3758 10)
674 3691 739 3744 Ρεακ.
758 3693 783 3754 6,
801 3694 824 3743 7.
845 3723 876 3732 -
903 3693 951 3761 11)
968 3693 1034 3744 coni.
1052 3693 1140 3744 Hamil.
1159 3694 1191 3745 ΙΙ.

224 3779 248 3829 p.
267 3763 309 3813 46.
332 3762 387 3813 121.
405 3761 491 3813 MoxG
508 3761 667 3828 appellas,
685 3761 703 3812 P
721 3762 940 3828 appeliant-
962 3763 1008 3828 12]
1027 3762 1068 3814 Bi)
1086 3765 1192 3814 inter-

223 3830 371 3899 polation
388 3829 476 3883 moxC
493 3832 641 3884 sciantur
659 3847 704 3899 pro
722 3831 1128 3900 abluantur.-·13)1sai.38,
1148 3834 1190 3886 15.
