2594 4302
136 341 140 348 ¹
166 256 228 316 noe
512 221 744 320 'omomomo
765 253 876 322 noue

165 377 298 436 manibus
312 374 429 452 pollutis
440 371 457 456 ¹)
479 394 581 436 venun
600 376 702 436 Christi
726 393 828 452 corpus
850 345 1022 453 tangentes?
1043 373 1075 436 Si
1095 374 1208 436 dohan—
1274 415 1275 440 r

165 479 227 538 nes,
249 469 282 522 ut
303 465 343 522 eit
364 461 559 540 Augustinus,
585 466 745 540 spuendo
766 467 796 526 ln
816 464 933 526 heremo
955 469 1156 539 conversatus,
1180 464 1210 522 in

166 557 247 612 utero
269 552 368 610 matris
390 550 594 625 sanctificatus,
618 568 705 610 ausus
726 567 785 610 non
806 551 859 610 luit
878 550 959 609 illum
980 549 1161 616 tremendum
1181 557 1210 614 et

164 636 354 697 reverendum
383 635 492 714 angelis
519 637 637 696 Domini
669 640 806 700 verticem
838 645 971 716 tangere,
1004 635 1150 714 quomodo
1178 643 1210 696 tn

164 731 300 800 peccator
320 730 350 784 et
370 723 512 799 pollutus,
539 741 598 783 non
620 723 683 784 dico
706 728 857 808 verticem,
879 725 930 784 sed
951 731 1044 784 totum
1066 723 1211 784 Christum

165 811 262 870 Deum
284 818 313 870 et
333 809 478 870 hominem
500 827 557 870 non
579 811 672 870 solum
694 818 826 889 tangere,
852 812 954 872 sedin
976 811 1121 888 ergssudo
1144 811 1211 887 pol-

164 897 217 956 luti
238 900 362 976 corporis
385 900 468 973 quasi
488 897 633 958 includere
656 906 684 958 et
704 900 882 958 incarcerare
903 897 1084 975 praesumis?
1116 897 1214 958 Media

41 1049 47 1056 ,
163 984 221 1044 alic
243 992 342 1044 contra
365 984 456 1044 malos
478 984 641 1045 sacerdotes
663 986 788 1061 prolerre
815 987 868 1046 tibi
888 1001 1005 1062 possem
1021 986 1214 1062 ‘testimonie³

165 1071 216 1132 sed
238 1074 329 1150 magis
350 1085 379 1133 te
400 1071 554 1132 aedificent
574 1072 714 1149 exempla,

521 1261 755 1325 CAPITULUM
776 1263 856 1326 LIV.

242 1385 291 1448 Dc
311 1385 463 1448 sacerdote
483 1387 517 1446 icc
538 1387 733 1448 Hadcnmcrc
754 1391 807 1464 qui
828 1386 970 1451 corbones
990 1391 1071 1456 visos
1094 1396 1138 1452 est

378 1475 536 1536 memore
556 1476 589 1536 in
604 1477 793 1550 perceptione
812 1478 1002 1538 taunucus

231 1589 267 1654 In
295 1591 480 1654 Hadenmare
508 1594 578 1654 ville
606 1593 758 1661 Dioecesis
777 1595 978 1672 uceciensis,
1006 1613 1073 1656 cum
1095 1597 1217 1672 quidem
1274 1579 1275 1590 ἵ

165 1679 300 1744 sacerdos
334 1683 384 1758 qui
416 1680 512 1741 adhuc
544 1683 629 1757 vivit,
667 1684 785 1741 missam
815 1683 986 1758 celebraret,
1017 1683 1218 1746 Theodericus
1274 1683 1275 1692 ’

163 1767 325 1828 monachus
351 1767 561 1828 Eberbeeensls
587 1770 617 1826 in
644 1767 718 1829 hore
738 1771 908 1846 sumptionis
930 1770 1070 1829 carbones
1091 1773 1217 1850 nigerrlr

167 1871 231 1916 mos
258 1853 339 1914 illum
367 1855 439 1915 vidit
465 1857 673 1915 masticantem.
714 1855 768 1916 Est
795 1859 870 1916 enim
879 1853 900 1936 ²)
929 1856 1063 1917 sacerdos
1092 1859 1217 1936 simplex

90 1943 100 1969 '
168 1947 198 2003 et
229 1947 340 2017 rectus,
370 1948 400 2002 et
429 1942 519 2001 mults
541 1939 595 2022 ei⁸)
625 1941 759 2002 divinitus
781 1943 953 2002 revelantur.
995 1945 1147 2005 Existente
1169 1963 1218 2007 me

167 2045 243 2089 euno
271 2031 425 2105 praeterito
454 2046 520 2089 cum
547 2028 664 2088 Abbete
693 2025 788 2110 meo‘>
816 2033 845 2089 iu
878 2030 979 2090 eedem
1006 2031 1090 2109 vulso,
1124 2031 1219 2094 hebet

167 2118 243 2176 enim
271 2116 373 2176 domus
402 2116 438 2176 de
466 2115 639 2177 llberbccho
663 2119 813 2194 grmgicm
834 2117 988 2176 incudem
1008 2118 1092 2194 ville,
1125 2127 1156 2180 et
1176 2120 1217 2180 ad

167 2199 263 2286 eum')
299 2207 412 2282 spectat
437 2203 535 2262 divine
563 2203 622 2262 illic
643 2219 812 2280 procurere3
841 2204 937 2264 retulit
962 2205 1046 2264 nobis
1074 2209 1218 2284 magister

166 2291 302 2368 grangiae
324 2290 435 2351 dicens:
463 2289 590 2349 'Pontum
610 2293 750 2366 pecuniae
773 2297 885 2369 oportet
906 2309 953 2350 mc
975 2291 1043 2351 darc
1063 2293 1215 2369 praedicto

161 2377 322 2453 secerdoti,
353 2394 391 2437 ne
420 2376 542 2437 ecclesie
573 2377 814 2454 divinis2careet3
850 2383 895 2438 est
920 2381 996 2438 enim
1018 2379 1104 2438 homo
1133 2383 1214 2440 vitae

166 2479 320 2541 perversae
348 2481 384 2524 ac
411 2463 589 2545 luxuriosus,
620 2470 678 2523 tres
706 2467 808 2524 misses
831 2465 992 2541 hequcnter
1012 2467 1043 2524 in
1064 2465 1111 2526 dio
1130 2467 1214 2528 cele-
1274 2455 1275 2476 ἢ

166 2548 292 2632 brunsh.
314 2587 317 2592 -
337 2549 391 2612 Cui
411 2549 515 2611 Abbas
536 2551 698 2627 respondit:
726 2551 809 2611 Prius
831 2555 857 2612 ei
879 2551 977 2611 darem
997 2555 1152 2628 pecuniam
1173 2571 1213 2615 ne

166 2637 332 2699 celebraret.
375 2639 435 2716 Qui
464 2642 541 2697 enim
568 2639 733 2700 manducat
761 2647 789 2700 et
817 2639 888 2698 bebo
908 2639 1043 2716 drodipno,
1066 2641 1212 2702 sedidem
1274 2687 1275 2706 r

165 2724 221 2785 sibi
230 2726 400 2785 manducat
421 2730 450 2784 ct
471 2722 582 2797 bobio).
624 2723 825 2786 NOVICIUS:
849 2725 926 2801 Quid
938 2724 1108 2806 significati)
1131 2728 1212 2804 quod
1274 2723 1275 2746 ¹

93 2857 96 2864 ,
166 2814 305 2873 carbones
332 2814 411 2871 visus
439 2818 483 2871 est
503 2813 656 2872 masticare
667 2807 698 2891 ⁹).
747 2811 907 2872 Sumuntne
928 2812 995 2871 meli
1018 2831 1121 2890 corpus
1144 2815 1211 2876 Do-

165 2897 256 2958 mini?
290 2897 526 2961 MONACHUS:
547 2897 673 2962 Sumuut
693 2901 767 2962 sicut
788 2904 818 2962 et
837 2900 919 2974 boni,
951 2898 1003 2960 sed
1024 2907 1138 2960 tantum
1159 2920 1211 2962 sc-

166 2986 382 3046 cramentslitcr.
426 2983 587 3046 Carbonem
601 2987 674 3064 ignis
696 2992 782 3061 creat,
804 2991 891 3048 etesi
912 2988 998 3048 carbo
1021 2990 1163 3048 extinctus
1179 2986 1210 3070 ¹⁰)

164 3074 239 3150 ignis
259 3075 472 3131 nutrimentum.
515 3062 677 3148 Qui'en'im
704 3073 819 3148 indigne
849 3073 952 3132 Christi
979 3091 1083 3151 corpus
1104 3081 1212 3136 uectat

165 3166 195 3220 et
215 3157 378 3235 manducet,
398 3157 560 3236 gehennam
581 3159 635 3218 sibi
656 3165 817 3236 praeparet,
838 3165 868 3219 et
887 3161 941 3220 nisi
963 3159 1001 3220 de
1020 3167 1102 3220 tants
1122 3162 1211 3242 culpa

164 3248 318 3322 poeniteat,
340 3249 396 3305 crit
417 3249 449 3305 in
470 3245 700 3305 combustionem
724 3252 752 3306 ct
773 3245 853 3306 mbos
869 3249 951 3324 tynis
973 3252 1086 3308 octenni
1099 3245 1145 3329 ¹¹).
1274 3245 1275 3260 ³

184 3554 215 3624 l)
231 3541 437 3624 pollutisedd
454 3553 486 3608 B.
499 3584 528 3596 —
544 3554 577 3624 2)
593 3555 709 3610 nimirum
726 3554 792 3612 idern
804 3554 980 3610 Theodericus.
989 3585 1024 3642 ‘-
1039 3557 1071 3626 3)
1083 3555 1130 3610 BC
1147 3557 1209 3612 ill'n

233 3654 266 3664 -
284 3624 316 3692 4)
334 3624 357 3676 Β
381 3633 506 3678 nostro.
531 3623 604 3684 Conl.
622 3625 658 3689 V,
683 3626 724 3677 14.
744 3655 774 3665 -
795 3626 827 3694 5)
845 3626 877 3676 ed
894 3625 1064 3694 supradictum
1083 3628 1210 3680 secerdo-

232 3692 987 3899 iipssltgmssuildilhilut>filib
1000 3697 1210 3827 lomb

234 3861 265 3871 -
344 3849 389 3886 sor.
425 3871 433 3899 ,
469 3871 475 3886 .
