2628 4310
459 261 514 322 nn
540 261 766 343 ιιιιιιιιιιιιι.
1068 259 1130 320 ιιι

91 381 162 442 cidit
183 382 212 440 iu
233 381 377 442 Rhenum.
420 383 507 444 Anno
529 402 597 445 vero
620 387 750 460 sequenti
778 400 844 442 cnm
871 382 909 441 ad
937 383 1005 441 iam,
1025 379 1132 440 dictum

93 469 213 546 opidum
227 471 330 528 iterum
348 472 402 528 iret
421 473 546 547 navigio,
568 474 643 531 circa
665 469 788 530 eundem
809 468 905 528 locum
925 469 955 528 in
978 483 1035 542 quo
1057 485 1132 528 anu-

90 557 151 615 lum
165 555 335 631 perdiderat,
356 558 513 632 piscatores
528 558 629 616 obvios
641 553 657 636 ¹)
680 555 789 631 habuit,
810 573 828 613 a
850 555 954 630 quibus
976 556 999 612 si
1021 554 1132 629 aliquos

92 641 233 702 baberent
253 645 348 718 pisces
372 646 509 718 captos,
499 645 603 719 inquiri
627 644 782 719 praecepit
829 640 1049 717 Responderunt
1076 639 1132 698 illi.

91 729 243 789 Habemus
272 746 387 789 esocem
419 747 508 788 unum
537 732 585 805 qni
614 731 782 806 Praeposito
817 727 962 786 Xantensi
997 726 1130 815 debetur,

93 833 180 891 quem
210 815 336 876 vendere
365 833 423 874 non
452 815 599 876 audemus.
654 816 767 891 Quibus
797 832 862 873 eum
892 814 1032 889 dicerent,
1064 829 1132 873 ecee

93 903 278 978 Praepositus
299 919 435 978 praesens
465 910 521 978 est,
550 905 658 978 piscem
686 905 713 960 ei
734 901 906 962 obtulerunt.
950 901 1044 977 Quem
1066 916 1133 959 curn

93 1005 181 1049 cocus
208 995 415 1064 exenterasset,
443 990 547 1049 anulus
583 989 728 1064 praelatus
759 991 791 1046 iu
814 989 874 1046 eins
903 988 1061 1046 visceribus
1090 992 1134 1045 est

93 1080 233 1152 repertus.
277 1076 370 1151 Quem
395 1093 460 1136 curu
483 1076 576 1136 celare
598 1093 656 1134 non
677 1080 776 1152 posset
796 1090 851 1133 nec
872 1073 973 1148 vellet,
1002 1073 1133 1148 Praepo-

93 1165 148 1221 sito
171 1178 238 1220 eum
260 1162 393 1221 ostendit.
436 1163 531 1239 Quem
551 1162 599 1222 ille
627 1179 695 1222 mox
714 1163 857 1243 agnovit,
886 1167 914 1220 et
934 1176 993 1219 nou
1022 1158 1133 1236 absquo

93 1265 202 1324 magno
222 1248 360 1308 miraculo
373 1252 500 1326 reecpit.

439 1420 672 1482 CAPITULUM
694 1421 792 1481 LXII.

189 1544 236 1603 Dc
258 1547 343 1620 aquis
365 1547 596 1619 incunctantem
618 1547 709 1602 ocreis
731 1551 759 1604 et
779 1543 905 1618 pectora
928 1561 1041 1604 earum.

160 1664 300 1725 Sacerdos
316 1665 432 1741 qnidam
447 1671 476 1724 et
489 1664 647 1724 monachus
662 1664 698 1724 de
720 1665 819 1724 ordine
840 1666 930 1741 nigro,
951 1683 1026 1724 auno
1047 1681 1134 1741 prae-

95 1753 179 1811 terito
194 1751 290 1810 remlit
303 1751 373 1810 mibi
385 1751 421 1810 de
433 1754 514 1827 aquis
538 1757 566 1810 et
586 1751 713 1827 piscibus
735 1768 796 1824 rem
818 1751 903 1812 valde
924 1751 1237 1812 miraculosam·

93 1838 130 1896 In
150 1841 299 1914 provincia
315 1840 407 1913 inquit
419 1843 527 1912 nostra,
548 1841 622 1898 sicut
641 1838 728 1897 hodie
750 1839 832 1898 multi
853 1843 920 1898 sunt
941 1845 1037 1914 testes,
1058 1845 1134 1897 tem-

94 1941 166 2001 pore
194 1925 320 2016 quodam
341 1942 441 1984 omnes
461 1924 582 2000 paludes
605 1931 634 1984 et
660 1925 802 1984 fluenta'
794 1943 824 1982 ιιι
853 1928 1022 2002 sanguinem
1051 1941 1136 1986 versa

95 2017 172 2072 suut.
215 1997 344 2087 Quomm
365 2011 582 2070 amaritudinem
604 2028 671 2070 cum
692 2007 785 2087 pisces
813 2014 953 2072 sustinere
979 2027 1037 2071 non
1063 2029 1135 2088 pos-

97 2104 171 2172 sent,
193 2099 297 2158 relictis
318 2101 401 2174 aquis
423 2098 532 2158 aridam
553 2100 724 2172 petiverunt.
773 2097 927 2174 Anguillae
954 2115 1024 2158 vero
1052 2115 1136 2175 sepes

99 2183 296 2260 ascendentes,
317 2184 428 2260 illisque
440 2185 628 2258 inhaerentes,
650 2187 691 2244 sic
707 2187 841 2263 inventae
863 2191 938 2245 suut
980 2185 1136 2246 Multitudo

99 2276 197 2330 autem
225 2274 347 2347 piscium
368 2274 397 2330 ιιι
421 2274 506 2346 aquis
527 2278 642 2330 mortua
663 2279 722 2346 cst,
750 2271 789 2331 ad
810 2274 899 2332 instar
921 2274 1005 2331 unius
1032 2271 1137 2349 plagae

97 2357 235 2443 Aegypti.
284 2357 403 2435 Aliquid
432 2375 509 2417 nuuc
535 2359 685 2418 subiiciam
714 2357 749 2418 de
778 2359 949 2418 animalibus
976 2364 1006 2420 et
1039 2359 1138 2420 bestiis

98 2447 224 2521 quaein
246 2447 326 2505 terris
348 2445 524 2522 gradiuntur,
546 2444 625 2520 quod
647 2445 850 2506 miraculosum
871 2447 917 2504 sit.

432 2635 664 2698 CAPITULUM
693 2637 806 2697 LXIH.

232 2737 280 2818 Dc
301 2757 415 2818 bubalis
438 2763 490 2836 qui
511 2760 660 2820 custodem
681 2777 770 2819 soom
792 2740 1011 2836 interfecerunt.

166 2876 240 2937 (lum
263 2877 435 2938 Wilbelmus
463 2882 593 2940 novicius
621 2887 718 2940 noster
745 2877 804 2961 iu²)
836 2883 929 2957 prima
958 2880 1138 2956 expeditione

100 2964 345 3041 Jerosolymitana
381 2966 485 3025 rediret
510 2966 648 3041 Romam,
685 2985 783 3027 casum
817 2968 857 3026 ibi
892 2973 961 3027 tuuc
993 2973 1138 3028 recentem

99 3051 227 3126 audivit,
248 3050 325 3111 unde
347 3051 428 3110 multi
449 3053 633 3112 mirabantur.
675 3052 825 3114 Bubulcus
847 3054 964 3129 quidam
986 3051 1137 3132 bubalos³)

98 3142 179 3198 iuxta
200 3139 300 3198 urbem
321 3145 442 3214 paverat
461 3140 563 3216 viginti
592 3142 673 3199 aunis
698 3146 727 3201 et
755 3140 886 3217 amplius.
928 3141 984 3200 Die
1013 3139 1138 3216 quadam

98 3242 165 3286 cum
186 3241 244 3284 non
266 3225 367 3301 procul
388 3243 406 3284 a
428 3226 611 3300 pascentibus
638 3228 669 3284 iu
689 3245 758 3303 agro
782 3227 931 3302 dormiret,
957 3233 1081 3303 quatuor
1102 3244 1138 3287 ex

98 3314 140 3372 eis
161 3314 371 3387 convenientes,
391 3312 498 3374 frontes
515 3315 597 3388 quasi
615 3313 652 3372 ad
674 3313 847 3390 colloquium
869 3314 1088 3391 coniungebaut,
1109 3321 1139 3374 et

97 3404 164 3474 post
184 3398 286 3458 horam
308 3394 373 3478 ad)
397 3416 481 3458 suum
503 3399 650 3458 custodem
676 3407 829 3476 eumentes,
849 3407 912 3460 tum
932 3401 1054 3478 pedibus
1075 3398 1138 3460 cal-
1195 3402 1203 3414 ⁸

97 3484 207 3559 cando,
237 3482 329 3565 tum⁵)
358 3487 491 3546 comibus
513 3478 693 3563 venulaido,
721 3505 801 3548 enm·
815 3489 845 3546 in
865 3488 956 3548 busta
978 3486 1138 3548 dividentes
1157 3517 1160 3524 ⁴

97 3573 306 3680 interfecerunt
1157 3567 1172 3580 “”

117 3759 393 3828 l)Dobvium.-
419 3758 1138 3831 2JRex.-3)Ebubnlos.Bnbslus,balalus‚
1238 3747 1239 3752 ἵ

168 3829 315 3882 Germanice
333 3829 454 3883 Βίιιιιι.
472 3861 503 3871 -
522 3831 555 3898 4)
573 3828 617 3883 CF
634 3840 717 3886 aute.
731 3863 767 3878 .-
787 3831 819 3901 5)
838 3830 903 3886 CEF
921 3847 1039 3915 uuml-
1065 3843 1137 3881 cum.
