2580 4316
157 255 197 314 28
271 199 275 204 ι
484 251 712 314 DISTINOTIO
730 251 860 315 PRIMA

156 375 306 450 orationis3
335 380 466 450 superest
492 383 525 434 ut
553 392 727 452 cognoscam
756 382 785 434 et
814 380 963 450 remrein,
996 393 1072 452 quae
1101 379 1198 436 estin

157 461 287 538 exemplo
301 461 452 538 religionis.
484 460 721 522 MONACHUS:
743 462 809 523 Hoc
830 466 915 536 scias,
937 464 1004 538 quia
1025 457 1198 540 multi'quo-

157 547 224 610 tidie
244 551 306 608 sino
328 549 524 609 exhortatione
546 551 693 623 sermonis,
715 549 800 610 nullis
822 549 993 624 specialibus
1014 549 1105 610 adiuti
1127 567 1198 611 ora·

158 637 364 711 tionibnssper'
383 635 446 696 sola
468 636 599 712 exempla
620 636 763 713 religionis
786 637 824 696 ad
838 636 968 697 ordinem
987 637 1146 712 trahuntur,
1167 645 1199 698 et

158 740 208 798 per
219 722 360 799 quaedam
375 725 456 800 signa
469 719 485 802 ¹)
497 723 666 798 devotionis,
688 722 853 801 disciplinae
867 723 915 784 vel
930 727 1098 800 sanctitatis,
1115 741 1198 808 ‚quae

159 809 265 884 rident,
286 816 500 869 convertuntur.

276 1151 283 1182 ,
489 1093 742 1165 'suerranum
762 1105 850 1164 xxi.

157 1244 204 1302 Dc
217 1243 396 1302 insederim
419 1244 616 1302 ctBernardo
638 1245 797 1316 monachis,
821 1248 873 1319 qai
894 1242 931 1302 ob
953 1247 1094 1303 animum
1107 1248 1197 1304 oniae

209 1331 312 1388 veatae
334 1333 366 1388 tn
387 1331 542 1405 sepultura
563 1335 676 1390 mortni
697 1338 892 1407 coroccpecunt
913 1335 1139 1392 conversionem.

220 1503 321 1561 Frater
343 1503 537 1563 Theodericus
558 1502 716 1563 monachus
737 1511 849 1579 noster,
879 1522 945 1562 cum
978 1504 1074 1564 adhue
1095 1502 1197 1563 adole·

156 1607 239 1648 scens
261 1596 337 1648 esset
357 1592 387 1648 in
408 1589 524 1650 saeculo
536 1633 544 1664 ,
566 1590 744 1650 sacerdotem
767 1591 912 1666 quendam
934 1597 1090 1667 cognatum
1112 1609 1197 1650 suurn

157 1679 216 1736 iarn
237 1679 381 1736 novicium
402 1679 517 1736 visitare
539 1679 631 1752 venit;
661 1677 713 1736 sed
742 1695 800 1738 non
822 1685 855 1736 ut
876 1684 1089 1738 converteretur
1110 1679 1198 1738 venit.

159 1763 285 1840 Contigit
305 1765 417 1822 iuterim
438 1765 554 1823 fratrem
576 1771 721 1824 mortuum
743 1764 870 1840 sepeliri,
901 1782 957 1840 quo
980 1763 1109 1840 sepulto,
1131 1781 1196 1824 cum

157 1855 314 1910 conventus
337 1851 414 1908 dicta
435 1851 607 1926 antiphona,
631 1851 856 1910 (dementissime
879 1851 1017 1925 Domine,
1046 1854 1122 1910 eirca
1146 1867 1196 1910 se·

157 1936 309 2012 pulchrum
331 1938 398 1995 hinc
426 1937 491 1996 inde
525 1955 591 1996 cum
623 1938 713 1997 multa
740 1938 900 1996 hnmilitate
928 1941 1044 1997 veniam
1072 1943 1197 2014 peteret,

158 2023 336 2098 diceretque:
358 2024 498 2098 Domine,
520 2026 653 2084 miserere
684 2043 771 2100 super
792 2031 958 2100 peecatore3
987 2027 1028 2083 ita
1050 2031 1094 2083 est
1116 2041 1197 2083 com-

157 2118 294 2188 punctae,
315 2113 357 2170 ita
377 2110 416 2169 ad
439 2113 655 2171 conversionem
677 2129 815 2171 aecensus
826 2108 856 2190 ²),
877 2118 910 2169 ut
932 2113 982 2186 qui
1001 2113 1079 2187 prius
1101 2128 1120 2170 a
1142 2109 1197 2170 do·

158 2199 235 2258 mirro
258 2197 394 2257 Govardo
415 2196 533 2257 Abbate
555 2198 733 2273 admonitus,
765 2200 894 2257 converti
914 2196 1061 2273 noluerat,
1089 2198 1126 2257 ab
1148 2197 1199 2257 illa

158 2284 230 2344 hora
251 2291 285 2342 ut
306 2287 504 2370 susciperetur,
526 2287 575 2342 vix
596 2284 693 2344 multis
715 2286 848 2360 precibus
861 2282 882 2364 ³)
905 2286 1054 2344 obtineret.
1096 2282 1199 2343 Talem

159 2370 276 2430 modum
298 2359 368 2430 su'ae
392 2373 584 2430 conversionis
606 2374 721 2446 saepius
736 2371 807 2430 mihi
820 2373 952 2430 recitavit
961 2378 1089 2448 tempore
1103 2368 1197 2450 suad)

158 2458 343 2533 probationis.
387 2452 530 2517 Recitavit
558 2457 627 2518 mihi
657 2455 713 2538 ετ)
736 2459 823 2516 frater
844 2458 1011 2528 Bernardus
1038 2457 1199 2518 monachus

159 2551 270 2620 noster,
304 2547 334 2602 in
354 2544 465 2604 Vilario
479 2542 500 2625 ε)
527 2547 700 2605 monasterio
727 2545 766 2604 ad
794 2547 935 2604 visionem
963 2545 1061 2604 similis
1094 2547 1199 2604 veniae

159 2633 281 2708 primum
302 2630 481 2691 voluntatem
504 2632 688 2691 convertendi
716 2649 747 2691 se
776 2633 951 2707 concepisse.
993 2629 1198 2691 NOVICIUS:

159 2717 249 2778 Miror
270 2718 348 2794 quod
369 2736 415 2776 res
437 2725 497 2777 tam
518 2719 632 2779 modica
653 2726 714 2777 tam
746 2736 881 2794 magnam
910 2716 1034 2777 salutem
1063 2725 1200 2793 operatum

158 2808 187 2862 in
210 2807 313 2864 anima.
356 2803 591 2865 MONACHUS:
615 2805 690 2882 Quid
712 2805 748 2864 de
770 2805 825 2864 hoc
840 2803 973 2863 miraris?
995 2805 1142 2879 Quantum
1160 2806 1201 2865 ad
1277 2821 1278 2859 t

159 2909 299 2965 massam,
321 2891 444 2950 multum
464 2892 578 2952 modica
600 2898 644 2950 est
664 2890 778 2969 piliula,
802 2891 854 2951 sed
876 2899 1015 2967 quantum
1037 2889 1075 2950 ad
1097 2890 1200 2951 effica-

160 2980 242 3053 ciam,
264 2981 355 3038 virtus
376 2978 450 3037 illius
468 2976 487 3058 7)
510 2981 649 3053 maxima,
672 2996 771 3038 omnes
793 2981 921 3054 eorporis
944 2995 1034 3038 venas
1051 2984 1200 3054 percurrit,

159 3065 294 3124 humores
316 3065 402 3125 solvit
423 3072 452 3124 et
473 3067 563 3147 eiicit,
594 3065 737 3125 infirmum
765 3065 803 3124 ad
832 3068 985 3125 sanitatem
1013 3067 1156 3125 convertit
1167 3062 1199 3145 Β).
1276 3133 1277 3140 ἵ

160 3153 192 3211 Si
212 3158 293 3212 tanta
314 3155 405 3212 virtus
427 3155 556 3212 consistit
577 3155 606 3211 in
627 3155 809 3229 perceptione
830 3155 913 3210 unius
933 3151 1089 3228 corporata
1109 3151 1199 3228 pillu·
1258 3150 1277 3227 ’ξ

159 3238 214 3314 lae,
236 3256 325 3314 quare
347 3240 444 3298 mirari
465 3238 561 3314 debes,
583 3242 720 3299 maiorem
743 3256 813 3314 csse,
836 3245 864 3300 et
885 3238 950 3300 ideo
963 3243 1109 3313 maiorem,
1131 3238 1206 3314 quia

162 3326 346 3402 spiritualem,
367 3329 397 3384 in
418 3328 528 3386 visione
550 3329 634 3386 unius
656 3328 757 3386 veniae
770 3322 814 3406 ⁹)‘t
857 3325 936 3386 Audi
957 3333 988 3386 et
1008 3325 1094 3386 aliud.

183 3615 213 3682 t)
232 3617 324 3684 signa
341 3630 382 3666 om
401 3614 429 3668 G.
447 3645 480 3656 -
498 3615 530 3682 2)
547 3614 588 3668 ΒΡ
606 3624 657 3666 est
680 3628 846 3668 accensus.
867 3643 897 3656 ·-
917 3616 949 3684 3)
966 3615 1078 3667 multis
1096 3618 1198 3683 preci-

231 3685 290 3738 bne
308 3700 349 3736 om
367 3684 394 3736 G.
414 3713 445 3724 -
464 3684 496 3752 4)
514 3701 591 3736 suae
610 3699 651 3736 om
669 3683 697 3737 G.
717 3715 747 3726 -
767 3686 798 3752 5)
816 3694 842 3737 et
859 3701 902 3737 om
919 3684 1065 3754 c.-6)c
1082 3685 1130 3737 add
1148 3701 1198 3738 or·

232 3754 318 3837 dinis
335 3755 451 3836 nostri.
472 3783 503 3836 '.‘
522 3754 554 3821 7)
568 3753 691 3838 ⁸(ineius.
711 3785 741 3796 -
760 3756 792 3824 8)
809 3755 830 3807 B
848 3763 1057 3808 convertens.
1077 3785 1110 3796 -
1128 3755 1159 3824 9)
1176 3754 1196 3806 Β

233 3840 263 3874 nr
289 3839 383 3874 unius
410 3838 527 3875 scursa
545 3837 680 3878 vrsrona

1190 4137 1195 4144 ·
1265 4119 1274 4270 i
