2538 4314
381 283 440 344 DE
463 282 737 346 GONTRITIONE.
1036 285 1077 346 93

75 405 175 466 suibus
193 403 306 466 indutus
329 421 434 468 coram
454 405 597 484 Episcopo
618 413 707 468 staret
725 409 757 468 in
781 405 846 468 loco
874 423 943 483 suo,
975 423 1079 484 snpra·

75 491 144 553 diotrrs
159 492 291 570 onmem,
312 493 501 554 multitudine
520 493 698 555 ludaeorum
718 497 855 572 stipatus,
887 511 954 555 curn
973 509 1079 574 magno

73 583 165 656 nmio
181 582 295 642 braant
317 581 492 658 ecclesiam,
522 581 664 659 Episcopo
687 582 723 642 de
749 587 872 660 cognato
900 597 955 642 suo
985 582 1080 642 lacere

73 666 148 726 volens
166 671 382 742 querimoniam.
427 667 520 745 Quem
540 674 573 728 ut
592 671 703 729 iuvenis
723 669 809 744 vidit,
830 677 860 729 et
879 669 953 728 benc
973 667 1080 728 intelli·

71 759 137 830 geret,
155 752 189 814 ad
209 755 277 831 quid
298 757 441 832 venisset,
462 747 555 832 coepit
575 758 682 831 timere
702 755 818 833 pallere,
838 762 967 830 tremere,
989 761 1017 816 et
1034 754 1080 814 di-

71 857 118 901 ocre
134 841 191 902 Deo
210 845 242 901 in
263 843 355 904 corde
378 859 450 902 suo:
471 841 595 903 Domine
604 842 695 929 Deus,
715 843 805 904 libera
825 859 872 902 ms
892 843 922 900 in
934 841 1081 917 hecbere,

70 933 150 1005 elego
169 929 219 988 tibi
238 933 397 1006 promitto,
428 929 505 1005 quod
526 929 563 989 de
585 936 679 990 cetero
700 936 730 990 te
749 947 809 991 non
829 928 991 1006 offendam,
1021 931 1081 988 imo

70 1013 96 1072 do
111 1015 158 1076 boc
175 1023 296 1092 peccato
319 1017 376 1076 tibi
398 1015 579 1076 satisfaciam.
623 1016 741 1076 Creator
760 1018 920 1092 piissimus,
952 1018 1001 1092 qui
1022 1014 1082 1075 odit

69 1099 165 1177 culpam,
185 1109 213 1161 ct
234 1103 330 1181 diligit
351 1109 501 1178 nonnam,
521 1120 590 1162 mox
610 1108 644 1162 ut
664 1103 807 1164 hominem
830 1105 982 1163 contritum
1002 1100 1082 1176 vidit,

68 1188 245 1266 conlmioncm,
267 1208 362 1266 quam
383 1191 485 1266 timuit,
504 1192 535 1248 in
557 1196 644 1266 caput
663 1189 819 1250 infidelium
841 1191 988 1250 convertit
1022 1187 1082 1246 Mi-

68 1281 129 1333 rante
142 1273 157 1354 ¹)
176 1275 325 1354 Episcopo
350 1275 424 1353 qnid
444 1284 611 1353 quaererent
631 1275 736 1337 Judaei
756 1279 788 1336 in
809 1275 938 1351 ccclesia,
959 1277 1082 1335 maxime

67 1361 104 1420 tali
121 1361 175 1439 die,
207 1365 328 1440 quando
353 1363 508 1424 Christiani
528 1363 646 1423 Domini
671 1367 716 1424 sui
735 1369 950 1440 repraesentant
969 1362 1083 1439 passio-

67 1463 124 1523 nen,
142 1453 238 1510 annuit
259 1459 295 1511 nt
317 1455 438 1512 starent.
479 1445 540 1510 Illis
561 1450 683 1526 amplius
704 1467 736 1511 se
757 1453 819 1511 eius
839 1453 1016 1527 praesentiae
1037 1450 1083 1507 in-

66 1537 214 1613 gerentibus,
234 1541 338 1598 statim
360 1544 395 1597 ut
417 1554 467 1597 ora
487 1537 525 1598 ad
547 1538 640 1598 clerici
667 1540 879 1600 accusationem
897 1541 1084 1614 aperuemnt,

65 1623 148 1697 priuati
166 1627 224 1685 suis
245 1627 392 1700 vocibus,
421 1641 519 1684 omnes
541 1625 752 1684 obmutuerunt
793 1623 904 1685 Videns
924 1623 1085 1700 Episcopus

67 1723 105 1768 ora
121 1709 298 1772 ludaeorum
321 1717 425 1772 contra
443 1729 474 1770 se
494 1711 618 1786 hiantia,
650 1718 679 1771 et
707 1711 787 1772 nulla
806 1712 896 1771 verba
917 1728 954 1770 ex
974 1713 1015 1770 eis
1036 1725 1084 1770 re-

66 1795 191 1875 sonantia,
214 1806 328 1878 putans
351 1801 421 1876 quia
442 1797 555 1859 adhoc
576 1800 736 1873 venissent,
767 1804 800 1858 ut
821 1799 923 1858 diuinis
944 1797 1085 1876 mysteriis
1188 1835 1192 1842 =

67 1881 207 1962 illuderent,
241 1905 315 1947 cum
335 1885 530 1962 indignatione
553 1901 652 1944 omnes
673 1885 709 1946 de
730 1887 802 1945 atrio
824 1884 961 1964 ecclesiae
983 1882 1086 1960 expelli

66 1975 197 2050 praecepit
241 1973 377 2033 Clericus
399 1988 467 2032 vero
489 1973 615 2032 divinam
635 1975 665 2031 in
686 1987 717 2032 sc
739 1979 872 2050 expertus
894 1971 1085 2044 clementiam,

67 2060 143 2117 satim
162 2061 311 2137 completo
334 2059 445 2134 officio,
467 2061 587 2120 accessit
607 2059 645 2118 ad
665 2059 849 2135 Pontificem,
876 2058 1022 2119 confessus
1043 2062 1101 2128 cst,

68 2143 168 2221 culpam,
189 2149 323 2223 suscepit
343 2147 555 2222 poenitentiam.
597 2145 768 2222 Episcopus,
788 2145 906 2206 Domini
925 2146 1087 2204 misericor·

68 2229 128 2291 diam
145 2233 294 2294 admirans
317 2240 347 2294 et
368 2231 543 2312 glorificans,
569 2239 631 2292 tum
650 2250 703 2309 pro
724 2233 919 2311 maguitudino
940 2229 1087 2305 miraculi,

67 2321 115 2376 tum
131 2337 181 2396 pro
201 2322 386 2398 poenitentia
414 2323 542 2398 cognati,
569 2320 661 2379 cidem
690 2323 779 2380 suasit
807 2337 842 2380 ae
867 2320 1023 2396 persuasit,
1055 2322 1088 2376 ut

67 2405 172 2477 puellam
193 2427 212 2468 a
233 2425 268 2468 se
293 2407 470 2482 defloratam,
490 2424 542 2483 per
562 2407 697 2483 baptismi
713 2405 835 2484 gratiam
847 2412 1022 2480 renovatam,
1042 2403 1088 2464 le-

68 2493 148 2565 gitime
168 2494 299 2570 duceret,
319 2493 432 2552 malens
452 2494 550 2568 illum,
572 2497 646 2554 sicut
666 2496 710 2554 vir
728 2497 794 2570 pius
817 2501 845 2554 et
865 2496 971 2567 iustus,
993 2491 1088 2552 eccle·
1149 2515 1153 2524 r

68 2579 169 2640 sancis
191 2599 293 2642 carere
314 2579 475 2656 beneficiis,
507 2598 595 2656 quam
613 2581 693 2641 illam
713 2579 810 2640 multis
831 2583 990 2657 expositam
1010 2579 1089 2656 peri-

69 2665 125 2724 eulis
153 2670 181 2727 in
212 2670 346 2745 patemis
374 2685 489 2726 manere
519 2667 636 2728 delictis.
694 2667 820 2728 Clericus
848 2685 906 2727 non
941 2669 1089 2725 immemor

69 2749 316 2836 divinibeneficii²),
338 2755 500 2814 satisfacere
515 2757 632 2831 cupiens
642 2753 708 2814 Deo
724 2771 777 2831 pro
798 2760 918 2830 peccato
929 2754 1089 2826 commisso,

70 2853 208 2902 conversus
233 2847 277 2902 est
297 2847 401 2918 postea
420 2843 450 2900 in
471 2841 568 2901 ordine
596 2848 709 2917 nostro,
740 2841 867 2902 similiter
898 2846 927 2900 et
955 2841 1015 2900 eius
1042 2841 1089 2897 in-

71 2927 159 2986 tinctu
178 2929 286 3006 puella.
331 2927 414 2989 Haec
434 2929 504 2988 mibi
524 2931 638 3004 saepius
658 2930 787 2989 recitarit
808 2927 925 3004 quidam
941 2926 1090 3004 religiosus

71 3009 156 3074 Abbas
177 3015 285 3076 ordinis
307 3017 407 3075 nostri.
446 3014 523 3076 Ecce
544 3014 644 3091 vides,
666 3023 804 3092 quantum
825 3016 893 3074 boni
915 3019 1034 3090 operata
1053 3015 1091 3072 sit

72 3097 160 3162 inboc
180 3103 300 3162 bomine
334 3103 472 3162 contritio.
519 3101 647 3178 Lapsum
674 3105 777 3178 erexit,
806 3101 935 3163 Judacos
963 3099 1090 3176 elingues

72 3182 133 3264 lecit,
151 3189 277 3266 puellam
298 3187 443 3248 infidelem
465 3189 502 3248 ad
515 3189 603 3248 fidem
617 3192 757 3266 provenit
787 3187 988 3264 NOVICIUS:
1009 3187 1090 3247 Bene

74 3271 157 3350 rideo,
176 3277 316 3352 admiror,
345 3280 374 3335 et
393 3275 521 3352 gaudeo,
550 3276 663 3352 Deique
692 3277 849 3337 bonitatem
876 3278 951 3335 circa
981 3290 1034 3333 nos
1061 3276 1090 3333 in

75 3359 154 3421 uultis
174 3363 335 3424 considero.
377 3359 613 3423 MONACHUS:
635 3363 709 3440 Quia
730 3380 822 3423 sermo
845 3368 889 3422 est
910 3362 946 3421 de
962 3360 1091 3436 Judaeis,

90 3509 117 3578 1)
131 3513 206 3568 ABGP
223 3515 370 3566 miranti.
390 3541 421 3552 ·-
448 3514 480 3582 2]
498 3513 555 3566 libri
581 3515 667 3582 scripti
693 3523 720 3566 et
746 3513 787 3566 PK
812 3515 963 3582 ingratus
987 3511 1091 3565 divini

132 3581 307 3646 beneficii,
332 3583 520 3652 lliugrntus
547 3583 669 3637 divinis
696 3584 882 3636 boneficiis.
918 3581 969 3636 Sed
985 3583 1091 3650 ingra-

133 3660 178 3704 tus
202 3654 239 3706 nil
263 3654 315 3705 nisi
336 3652 420 3718 lapsus
436 3653 591 3706 librariorum
609 3671 666 3706 esse
682 3653 790 3706 videtur.
825 3652 964 3710 Emendavi
988 3654 1091 3702 imme-

134 3738 194 3775 mor
219 3739 253 3774 ex
276 3723 336 3774 loco
359 3723 447 3774 llonril,
464 3723 493 3776 11.
511 3741 536 3792 p.
557 3725 601 3776 13:
629 3726 683 3793 qui
708 3739 770 3776 non
795 3723 962 3774 immemor
987 3719 1092 3772 divini
1205 3730 1208 3739 '

135 3790 289 3844 beneficii
315 3791 474 3844 saeculum
492 3793 652 3857 descruit,
669 3802 701 3845 ct
723 3795 755 3845 in
779 3791 913 3861 quodam
931 3790 1092 3843 coenobio

135 3861 257 3914 ordinis
284 3861 397 3913 nostri
421 3862 594 3932 religionis
621 3863 768 3915 habitum
793 3863 946 3928 suscepit.
