2628 4310
434 239 490 300 DE
509 237 790 302 MORIENTIBUS.
1063 241 1126 300 281

92 361 130 420 ds
158 359 215 420 bac
243 361 411 436 quaestione
435 361 505 420 nihil
526 363 597 422 certi
617 361 736 421 diffinire
756 377 883 437 possum.
924 356 1129 423 novicius:

87 449 124 508 'Si
145 463 204 524 qna
225 453 292 506 aunt
311 447 426 508 residua
446 448 484 508 de
504 450 690 507 morientibus
710 447 874 522 praedictae
895 445 1007 521 murus,
1026 461 1128 522 precor

91 540 125 593 ut
145 534 216 594 mibi
244 534 392 594 edisseras.
435 533 671 594 MONAGHUS:
698 534 764 593 Hoc
792 540 826 592 ut
851 533 1054 609 liat,'oportat
1079 549 1128 592 me

91 620 222 680 ordinem
242 627 353 681 mutare
374 625 561 697 propositum,
582 623 625 688 ita
645 627 679 680 nt
698 619 876 680 interscalari
901 620 987 679 modo
1009 619 1129 695 loquar,

88 723 168 767 nune
190 707 227 767 de
247 707 324 790 bane
344 709 509 769 viventibus
529 714 559 767 st
579 709 653 767 bane
674 707 879 780 morientibus,
898 723 974 767 nuuc
995 705 1032 765 de
1051 704 1128 766 malo

90 795 256 853 viventibus
284 800 313 853 et
340 795 415 854 berra
446 795 649 868 morientibus,
680 810 756 852 nunc
787 793 955 853 revertendo
988 792 1029 852 ad
1054 791 1129 852 illos.

90 878 294 941 NOVIGIUS:
323 881 488 942 Dummodo
509 881 635 958 loquaris
656 879 863 954 aedificatoria,
886 878 926 939 de
943 879 1043 938 ordine
1062 895 1129 938 mo-

91 967 156 1027 dica
182 965 252 1026 milri
281 983 350 1027 cura
378 975 431 1028 est
480 965 714 1028 MONAOHUS:
749 965 829 1026 Audi
858 982 927 1042 crgo
955 971 1063 1042 quanta
1092 967 1130 1025 sit

89 1053 283 1114 rnisericordta
301 1053 367 1114 Dei.

441 1241 676 1304 capitutum
695 1243 783 1303 XHI.

112 1361 160 1424 De
179 1361 264 1441 finali
285 1363 459 1425 contritione
479 1363 637 1425 accedetis
659 1363 839 1441 quandoque
859 1363 941 1440 nturi
961 1359 1100 1422 monaehi

533 1455 687 1511 subtectio.

154 1569 234 1631 Ante
261 1571 372 1647 aliquot
399 1587 490 1632 annos
511 1573 540 1632 in
562 1571 694 1632 claustro
715 1570 851 1632 sacerdos
880 1570 997 1648 quidam
1026 1569 1130 1630 detun-

92 1664 155 1717 etns
177 1664 229 1733 est,
251 1661 332 1738 cuius
353 1660 413 1718 vita
433 1658 498 1718 talis
519 1665 589 1718 erat.
631 1660 666 1718 In
688 1659 787 1720 ordina
802 1659 918 1734 quidem
938 1659 1020 1734 nigro
1036 1657 1130 1717 iactus

91 1744 184 1804 tirerat
204 1745 364 1805 monachus
391 1752 421 1804 et
448 1744 597 1818 sacerdos,
622 1747 652 1804 in
680 1763 739 1822 quo
764 1752 876 1805 tantum
904 1745 1071 1820 proiecerat,
1098 1749 1131 1804 ut

91 1831 238 1891 Prioratus
252 1831 378 1892 cilicium
391 1831 605 1906 adipisceretur.
637 1831 696 1891 Sed
709 1833 831 1892 iaciente
845 1831 955 1892 invidia
966 1830 1080 1905 diaboli,
1101 1837 1131 1890 et

91 1920 207 1994 propria
222 1920 389 1992 temeritate,
411 1917 530 1977 desertis
544 1919 682 1978 nandans
696 1925 726 1978 et
737 1920 917 1978 innooent'mc
931 1918 1039 1992 caenis,
1059 1917 1131 1978 abiit

91 2006 121 2062 in
138 2007 284 2081 regionem
297 2004 537 2079 dissimilitudinis,
558 2010 675 2080 pactum
688 2004 783 2065 facere
805 2021 872 2064 cum
893 2004 1130 2066 delectationibus

93 2091 160 2150 suis.
202 2090 368 2166 Aliquando
388 2097 484 2150 autem
505 2092 681 2166 poenitentia
702 2091 820 2166 ductus,
841 2091 1130 2152 Prasmonstratensis

93 2176 199 2236 ordinis
225 2177 363 2254 regularia
393 2178 511 2237 effectus
539 2184 590 2237 est.
647 2178 830 2252 Rursumqus
865 2179 1076 2238 circumventus
1110 2191 1129 2238 a

93 2261 230 2338 Sathena,
250 2266 280 2321 in
302 2266 435 2340 pristinos
457 2263 560 2323 eccidit
581 2279 700 2324 errores.
742 2263 856 2324 Dehinc
878 2263 916 2324 ad
930 2271 1058 2323 nostrum
1080 2280 1129 2322 or-

93 2347 189 2408 dinem
209 2365 241 2410 se
263 2351 390 2409 contulit
431 2351 597 2426 Iterumque
618 2350 711 2410 iactus
731 2357 865 2427 apostata
886 2349 965 2426 vilis,
993 2349 1129 2425 volupta-

92 2436 170 2494 tibus
198 2435 278 2496 irena
304 2436 427 2518 laxavit,
455 2454 513 2495 non
542 2437 714 2497 erubescens
743 2437 929 2497 domesticam
950 2437 1047 2496 uxoris
1076 2453 1129 2496 co·

91 2522 306 2582 habitationem.
348 2523 510 2584 Novissime
532 2523 632 2583 diebus
653 2526 715 2584 istis
739 2531 887 2600 respectus
916 2541 934 2584 a
955 2523 1020 2583 Deo
1041 2523 1128 2583 Patre

91 2609 230 2668 luminum
239 2606 266 2690 ¹),
287 2610 434 2670 saeculum
456 2629 522 2670 eum
544 2612 779 2687 concupiscentiis
802 2610 932 2685 deseruit,
952 2612 1128 2686 veniensque

91 2693 319 2772 Hemmenrode,
345 2699 504 2774 ingressum
530 2700 632 2772 petivit
660 2704 689 2757 ct
717 2699 847 2758 obtinuit.
889 2697 961 2758 Mox
988 2696 1027 2756 ad
1048 2713 1129 2757 arma

91 2783 283 2858 poenitentiae
297 2783 461 2860 convolans,
475 2784 698 2844 confessionibus
711 2784 842 2859 assiduis,
855 2784 986 2859 lacrimis,
1000 2785 1128 2843 matium

91 2874 125 2928 et.
140 2869 260 2944 ieiuniis,
281 2871 414 2930 omnibus
426 2887 494 2930 vere
514 2871 678 2946 poenitendi
692 2871 813 2932 sormam
834 2871 965 2947 praebuit
987 2876 1015 2930 et
1028 2885 1128 2929 crem·-

90 2955 179 3031 plum.
211 2955 342 3015 Dceurso
356 2957 437 3016 brari
458 2963 594 3032 tompore,
616 2973 692 3016 anno
706 2957 816 3017 seilicet
835 2957 959 3017 necdum
972 2953 1127 3032 dimidiato,

90 3048 185 3101 taetus
198 3038 331 3102 molestia
349 3045 450 3118 caruis,
471 3043 545 3102 lecto
568 3043 716 3119 decubuit3
738 3061 796 3103 non
817 3051 914 3103 amen
935 3043 1128 3120 indulgentius

90 3125 196 3208 circa²J
218 3145 249 3188 se
264 3143 361 3204 agens
383 3135 517 3204 coeptum
528 3130 645 3190 viriliter
659 3131 876 3190 consummabat
887 3145 1020 3207 agonem,
1039 3129 1128 3190 modo

88 3214 223 3292 psallens,
245 3212 331 3274 modo
353 3232 447 3305 orans,
465 3215 552 3275 modo
573 3222 703 3276 sanctam
725 3217 781 3277 Dei
796 3217 968 3276 Genitrieem
989 3216 1127 3276 salutans

88 3301 229 3360 Habebat
250 3304 325 3360 enim
347 3301 487 3378 quasdam
509 3301 598 3378 ipsius
622 3303 820 3378 salutationes,
850 3305 911 3363 sine
939 3305 1043 3379 quibus
1071 3319 1127 3364 nec

52 3446 55 3449 ,
87 3387 220 3464 vigilans,
241 3403 294 3446 nee
310 3388 452 3448 dormiens
465 3391 585 3448 inveniri
599 3395 719 3465 poterat,
740 3407 812 3466 quas
830 3396 896 3450 ante
916 3389 1018 3450 horam
1033 3391 1128 3450 exitus

87 3476 134 3536 sui
156 3474 230 3534 collo
250 3491 303 3534 suo
325 3477 386 3550 ipse
408 3475 629 3552 circumligavit,
656 3479 686 3534 in
707 3477 901 3536 tesfimonium
921 3473 1066 3556 grandim)
1088 3475 1128 3534 fi-

87 3562 233 3622 duciaeet
245 3559 341 3645 bonae
360 3563 422 3638 spei
443 3577 522 3622 suae.
565 3562 701 3640 Rogabat
721 3568 818 3623 autem
840 3565 973 3623 assistere
994 3563 1054 3623 sibi*
1071 3561 1126 3622 do-

105 3801 139 3870 t)
156 3798 209 3851 Jac
229 3800 253 3865 i,
272 3800 313 3852 tt.
333 3829 364 3839 -
383 3801 415 3869 2)
439 3801 527 3852 eirca
544 3799 594 3852 add
611 3801 640 3854 l).
661 3829 691 3842 ·-
711 3800 743 3870 3)
764 3801 896 3871 grandis
919 3800 970 3854 add
991 3801 1020 3854 b
