2622 4322
103 202 189 311 'osc
447 227 675 312 marmorio
699 247 864 334 cunnus

126 387 224 449 pugno
238 377 299 432 tam
312 369 407 432 valide
425 370 531 432 collum
549 371 624 432 illius
641 369 657 453 ¹)
680 375 828 450 percussit,
849 378 882 431 ut
894 370 1043 432 morsellus
1060 369 1167 431 infixus

125 457 260 520 exsiliret
302 458 340 518 Et
364 466 560 536 cognoverunt
582 476 689 536 omnes,
711 459 790 535 quod
811 457 891 520 dolor
913 459 961 519 ille
983 464 1070 535 atque
1091 475 1166 518 con-

125 545 211 620 lusio,
239 562 334 623 poena
365 550 477 624 peccati
508 545 581 606 foret
607 547 782 606 inobedienti
811 547 988 622 Praeposito.
1041 545 1080 604 Et
1107 545 1168 605 hoc

125 649 193 709 pro¹
209 642 293 693 certo‘
315 635 404 710 scias,
433 632 511 709 quod
534 637 609 694 sicut
630 633 761 694 diabolus
781 633 892 710 plures,
920 638 953 694 ut
975 633 1083 695 dictum
1105 636 1167 706 est,

126 725 219 781 tentat
240 718 379 782 desiderio
402 723 538 797 carnium,
560 723 601 780 ita
622 727 651 780 ct
671 723 740 781 vini.

488 910 722 972 CAPITULUM
743 909 809 973 XC.

168 1032 218 1092 Da
238 1032 398 1107 concerto,
420 1035 473 1110 qui
487 1040 559 1109 posi
580 1035 802 1110 cotrarietatem
822 1031 1121 1106 sitiam-inclinando
1159 1053 1163 1060 ·

529 1120 680 1206 ‚liberatus
703 1127 752 1180 est

188 1202 351 1300 Monaclrus
373 1239 491 1316 quidam
518 1239 623 1302 ordinis
654 1242 757 1316 nostri,
789 1239 882 1300 officio
911 1237 1086 1313 cellerarius,
1119 1237 1168 1298 die

56 1325 60 1332 '
129 1326 255 1402 quadam
276 1333 344 1403 post
365 1327 597 1403 completorium,
619 1345 721 1405 opere,
741 1333 775 1386 ut
795 1333 861 1403 post
882 1324 1022 1408 patuit2),
1045 1324 1168 1399 diaboli,

128 1412 344 1473 intolerabiliter
365 1415 441 1472 sitire
464 1416 565 1491 coepit.
619 1414 760 1474 Tentatus
781 1416 867 1492 igitur
888 1420 948 1473 tam
965 1412 1080 1488 valide,
1102 1429 1172 1471 cum

14 1509 19 1528 '
127 1499 280 1560 fluctuaret
301 1506 330 1560 et
352 1501 504 1577 cogitaret,
535 1507 633 1560 utrum
661 1502 716 1560 sibi
746 1507 845 1584 contra
873 1500 1001 1578 regulam
1023 1505 1100 1560 esset
1119 1499 1172 1557 bi-

128 1585 264 1662 bendum,
284 1586 333 1646 vel
353 1604 420 1647 oum
440 1588 567 1665 periculo
589 1590 667 1648 vitae
689 1587 905 1661 abstinendum,
926 1586 1045 1646 tandem
1065 1588 1173 1660 nctus,

127 1676 277 1750 proposuit
289 1673 435 1734 cellarium
455 1677 560 1734 intrare
576 1670 606 1754 ³),
630 1682 658 1734 et
679 1677 787 1735 bibere.
830 1673 948 1734 Interim
970 1677 1077 1732 intrans
1099 1689 1172 1735 ora-

110 1763 241 1836 morium,
263 1778 330 1821 cum
351 1767 418 1820 ante
440 1761 529 1821 altare
551 1762 699 1837 quoddam
719 1763 860 1836 transiret,
882 1766 911 1821 et
932 1761 1054 1820 multum
1064 1758 1173 1835 tepide,

111 1846 164 1908 'de
185 1854 256 1924 potu
278 1845 417 1924 cogitans,
437 1848 594 1924 inclinaret,
615 1851 644 1908 in
665 1866 706 1925 sa,
729 1866 795 1908 cum
816 1848 965 1925 paululum
975 1849 1174 1924 processisset,

129 1936 309 2010 erubescens,
330 1934 368 1994 ad
389 1934 466 2014 idam
488 1935 577 1996 altare
599 1936 696 2011 rediit,
718 1937 812 2010 stetit,
834 1941 863 1995 ct
884 1952 951 1994 cum
972 1934 1062 1994 multa
1081 1950 1172 1993 reve-

128 2024 220 2081 rentia
239 2021 395 2082 inclinavit.
438 2021 554 2082 Levana
576 2029 673 2082 autem
696 2028 797 2098 caput,
830 2021 1000 2082 daemonem
1020 2023 1049 2079 in
1071 2021 1172 2096 specie

127 2109 262 2174 monachi
282 2107 433 2185 nigerrimi
445 2111 527 2169 iuxta
549 2126 581 2168 se
603 2116 680 2170 stare
695 2111 884 2186 conspicatur,
905 2107 1172 2168 huiusmodiverba

20 2235 31 2250 t
127 2195 333 2271 proferentem:
365 2196 423 2255 Pro
447 2202 524 2256 certo
546 2197 598 2256 tibi
621 2196 697 2274 dico,
730 2198 832 2255 sinon
854 2197 956 2274 luisses
977 2212 1107 2255 reversus
1127 2193 1171 2254 ad

127 2282 354 2358 inclinationem,
387 2299 441 2359 ego
463 2283 516 2342 tibi
538 2283 626 2343 talem
647 2291 747 2359 potum
767 2285 797 2341 in
820 2283 933 2342 cellario
954 2285 1170 2359 propinassem,

128 2386 215 2446 quem
237 2369 365 2445 digerere
386 2365 465 2449 vix⁴l
487 2386 603 2446 posses,
633 2370 770 2446 quamdin
791 2372 912 2430 viveres.
954 2369 1037 2428 Hora
1064 2366 1170 2428 eadem

128 2453 259 2516 diabolus
281 2454 434 2532 disparmt,
467 2462 496 2515 et
529 2457 621 2516 omnis
640 2459 764 2517 'tentatio
785 2459 930 2516 immissae
951 2458 1012 2515 sitir
1034 2455 1170 2515 cessavit
1220 2471 1223 2476 ·

127 2539 211 2602 Haec
232 2541 303 2600 milri
323 2543 419 2601 retulit
440 2541 572 2604 dominus
582 2542 869 2605 EustachiusAbbas
892 2543 927 2602 de
944 2540 1170 2618 Hemmenrode,

127 2646 258 2690 asserens
280 2635 347 2688 ante
369 2646 460 2690 annos
481 2635 591 2706 septem
614 2633 775 2708 contigisse.
817 2629 1024 2691 NOVICIUS:
1046 2629 1093 2687 De
1115 2644 1169 2688 ce·
1269 2634 1273 2643 ’

126 2723 188 2776 tero
209 2716 364 2776 studiosior
385 2709 433 2777 ero
456 2715 494 2776 ad
514 2716 708 2777 inclinandum
737 2717 887 2794 profundo.
929 2714 1168 2777 MONAOHUS:

127 2802 406 2866 Diabolus-omnem
428 2803 489 2863 odit
509 2804 743 2879 humiliationem,
764 2804 994 2878 illammaxime,
1016 2819 1169 2879 perquam

127 2887 214 2949 homo
234 2890 332 2950 Deum
353 2887 513 2971 agnoscit⁵)
535 2908 620 2950 suum
634 2897 799 2966 creatorem,
821 2909 853 2950 sa
873 2898 1042 2951 creaturam.
1063 2889 1169 2966 Quan-

48 3053 50 3060 γ
128 2975 164 3036 dc
186 2975 243 3036 hoc
262 2977 342 3038 videt
362 2976 509 3048 bominem
531 2977 634 3038 devote
657 2978 791 3038 exhibere
802 2978 875 3053 Deo,
897 2976 976 3053 quod
996 2977 1168 3053 ipsslaoere

127 3065 284 3138 contemsit,
305 3063 405 3124 volens
426 3063 466 3127 illi
488 3064 585 3123 similis
608 3082 690 3139 essa,
712 3067 851 3126 sustinere
872 3081 931 3124 non
951 3070 1055 3140 potest,
1075 3063 1168 3140 iugit-

126 3167 184 3228 que
217 3150 359 3211 confusus.
400 3150 486 3211 Unde
507 3150 610 3212 Abbas
638 3151 788 3227 Philippus
821 3152 856 3211 de
886 3150 1049 3227 Ottirburg,
1082 3151 1166 3209 cuius

125 3254 213 3315 snpra
246 3239 377 3313 memini,
408 3239 452 3297 vir
480 3237 605 3314 prudens
634 3245 664 3299 ct
689 3238 848 3313 literatus,
862 3255 974 3298 sorores
1000 3238 1036 3298 da
1064 3235 1167 3298 Insula

125 3325 216 3383 sancti
237 3323 387 3400 Nyoholai,
408 3326 483 3385 sicut
503 3325 573 3384 mihi
593 3325 759 3400 retulerunt,
782 3325 878 3384 docuit
899 3326 1011 3386 dicens:
1040 3324 1165 3402 Quando

124 3416 218 3498 tentat
237 3406 321 3490 vos⁶l
345 3409 492 3489 diabolus,
518 3411 659 3489 protunda
689 3412 824 3475 inclinate
845 3414 875 3471 in
895 3411 966 3472 locis
988 3412 1106 3487 debitis,
1134 3419 1166 3471 et

50 3495 54 3503 “
125 3499 221 3557 statim
241 3498 331 3576 lugiet
351 3516 370 3558 a
391 3499 483 3562 vobis.
534 3498 615 3560 Loca
636 3499 811 3559 inclinationi
833 3500 931 3560 debita
960 3505 1026 3560 sunt
1046 3497 1165 3574 altana,

144 3683 175 3753 1)
193 3683 234 3736 ssc
251 3685 330 3736 eius.
350 3713 379 3723 -
400 3685 432 3752 2)
450 3684 470 3738 Β
489 3693 523 3738 ut
540 3694 657 3753 postca
675 3687 798 3753 patuit,
823 3685 842 3736 l’
860 3693 893 3736 ut
910 3685 1019 3753 patuit
1037 3694 1162 3753 postea.

194 3783 227 3813 7-
246 3755 278 3822 3)
296 3753 361 3806 Ab?
379 3755 505 3806 intrare
522 3755 703 3808 cellarium.
721 3785 752 3796 -
771 3757 805 3824 4)
820 3754 864 3808 BD
881 3756 935 3808 vix
953 3753 1162 3824 digerere-

195 3822 226 3892 5)
243 3823 301 3876 libri
319 3827 501 3893 cognoscit.
521 3855 552 3866 -
572 3825 604 3895 6)
621 3825 662 3892 Bo
679 3840 738 3880 vos
756 3833 874 3918 tentat.
