2664 4308
1061 243 1063 256 ι
1117 237 1120 245 ¹
1226 218 1228 248 Ι

435 309 489 370 DE
511 309 668 371 SANCTA
684 309 826 374 MARIA.
1108 315 1145 372 bl

114 429 230 508 audiret,
250 429 383 492 sacerdos
397 435 471 492 utin
486 451 594 492 canone
618 433 735 494 calicem
756 433 873 507 levavit,
895 451 1009 493 crucem
1031 451 1149 494 auream

113 519 165 578 sub
195 521 255 579 eius
268 515 285 600 ¹)
318 518 391 594 pede
420 523 575 595 conspexit.
619 519 673 579 Cui
701 538 813 580 annexa
845 521 898 579 fuit
919 520 1042 595 cartula,
1074 521 1148 581 haec

114 609 259 666 continens
288 607 392 670 verba:
427 605 548 666 Crucem
569 607 645 666 hanc
668 607 745 666 defer
778 625 813 670 ex
834 613 916 683 parta
937 625 1016 682 mea,
1038 607 1149 668 Mariae

112 691 219 752 scilicet
240 695 339 751 matris
361 692 474 768 Christi,
495 696 587 751 amico
609 711 674 754 meo
695 693 825 753 Waltero
847 692 928 751 militi
958 694 993 753 de
1014 695 1149 754 Birbeoh.

113 777 207 854 Quam
227 797 292 839 cum
315 779 449 838 sacerdos
469 779 598 855 legisset,
628 787 695 856 post
717 780 935 855 completionem
957 783 1062 840 missae
1082 783 1150 858 pul-

105 867 201 940 pitum
233 867 363 925 ascendit
395 872 424 924 et
456 865 605 925 clamavit:
637 867 727 926 Estne
760 865 861 942 aliquis
893 866 940 925 hie
973 867 1067 942 miles,
1100 873 1148 944 qui

113 950 258 1032 vocetur2)
280 953 426 1012 Walterus
449 952 484 1011 de
506 952 653 1012 Birbechi
695 953 946 1028 Respondentibus
969 945 1149 1029 quibusdam,

114 1055 179 1098 ecee
198 1041 253 1098 iste
276 1044 333 1114 est3
356 1039 491 1100 sacerdos
513 1057 578 1098 erim
600 1057 730 1098 seorsum
753 1039 846 1114 duxit,
875 1057 989 1099 crucem
1010 1045 1149 1116 porrexit,

113 1126 224 1185 etubi
255 1124 334 1184 illam
362 1127 514 1199 invenerit,
546 1126 594 1186 vel
623 1129 685 1202 quis
714 1129 822 1185 miserit
850 1129 999 1185 intimavit.
1054 1128 1149 1203 Quam

111 1210 202 1271 laetus
235 1214 405 1314 suscipiens,
438 1215 468 1270 in
495 1211 708 1272 Hemmenrode
741 1231 909 1286 conversus,
943 1230 1006 1272 eam
1040 1213 1150 1274 Abbati

112 1300 273 1376 resignavit.
253 1300 422 1358 tPostea
437 1297 589 1358 Comitissa
606 1299 786 1374 Hollandiae,
808 1303 902 1358 missis
924 1300 1052 1360 honestis
1073 1319 1149 1360 nun-

113 1387 169 1460 ciis,
191 1385 313 1446 eandem
334 1403 447 1444 crucem
470 1387 523 1444 sibi
547 1385 606 1444 dari
615 1383 635 1465 ³)
658 1389 767 1462 petivit,
789 1393 818 1446 et
839 1387 889 1446 tali
910 1387 996 1446 modo
1020 1389 1150 1447 obtinuit

113 1471 242 1548 Cumque
272 1478 429 1531 conventus
457 1475 567 1536 nunciis
596 1473 793 1548 responderet,
826 1491 885 1532 nou
910 1491 1064 1548 possumus
1086 1493 1150 1534 eam

113 1557 192 1634 dare,
221 1560 276 1618 nisi
304 1561 340 1618 sit
368 1559 501 1617 voluntas
529 1559 622 1618 fratris
650 1559 785 1634 Walteri,
814 1567 962 1635 sperantes
993 1562 1071 1637 quod
1091 1579 1150 1622 non

112 1652 265 1718 annueret,
294 1647 447 1720 requisitus
470 1645 505 1703 de
527 1645 583 1704 hoc
605 1646 765 1720 respondit:
795 1647 858 1722 Ego
879 1647 950 1705 nihil
970 1645 1151 1724 proprietatis

112 1731 218 1808 habeo,
248 1749 337 1807 penes
358 1731 506 1791 Abbatem
533 1737 585 1790 est.
629 1733 733 1808 Sisque
756 1732 883 1792 dolentes
904 1733 982 1792 illam
1004 1739 1151 1795 miserant.

114 1817 202 1878 Cuius
221 1835 324 1877 aurum
345 1819 415 1876 tanti
436 1818 555 1894 fulgoris
578 1825 628 1894 est,
652 1825 686 1877 ut
707 1836 790 1878 omne
812 1837 913 1878 aurum
933 1822 963 1877 in
986 1824 1047 1880 eius
1069 1840 1151 1881 nom-

111 1909 258 1982 paratione
298 1905 444 1980 pallescat.
503 1905 598 1980 Quam
631 1905 783 1964 Comitissa
813 1909 887 1965 inter
917 1905 1050 1982 reliquias
1083 1927 1150 1968 suas

111 1994 250 2068 reposuit,
280 2009 314 2050 ea
342 1993 383 2049 nti
412 2009 469 2050 non
498 1991 616 2051 audens.
668 1991 857 2052 Considerans
879 1992 1026 2052 Walterus
1054 1996 1150 2055 adhuc

110 2081 138 2137 in
170 2077 288 2141 saeculo
325 2081 450 2153 positus,
490 2085 570 2138 tanta
604 2081 678 2148 eirca
710 2096 741 2138 se
774 2081 877 2139 beatae
908 2079 966 2139 Dei
998 2080 1150 2142 Genitricis

111 2165 264 2240 beneficia,
296 2167 326 2223 in
358 2171 469 2223 tantum
501 2167 530 2224 in
562 2165 637 2224 illius
667 2182 764 2225 amore
786 2163 953 2246 accensusl)
977 2175 1035 2244 est,
1067 2172 1150 2228 utin

111 2253 236 2327 quadam
264 2268 391 2328 paupere
421 2250 557 2325 ecclesia,
589 2255 617 2310 in
647 2255 707 2313 eius
728 2253 836 2313 honore
858 2252 1002 2330 dedicata,
1035 2259 1150 2320 conscio

110 2339 268 2412 sacerdote,
289 2338 356 2396 inne
378 2336 452 2398 collo
475 2355 527 2398 suo
541 2342 645 2398 iniecta
654 2337 683 2420 ⁶),
706 2357 822 2399 servum
834 2340 938 2416 glebae
959 2359 991 2402 se
1011 2342 1051 2401 illi
1064 2355 1169 2418 super·

109 2425 198 2486 altare
221 2425 349 2499 offerret,
381 2423 496 2484 solvens
525 2426 643 2502 singulis
665 2430 746 2486 annis
769 2445 886 2486 censum
909 2427 944 2488 de
966 2431 1059 2504 capite
1081 2447 1150 2505 sno,

107 2514 225 2587 vqualem
238 2513 312 2570 servi
330 2513 473 2588 originarii
493 2512 603 2572 solvere
626 2520 844 2573 consueverunt.
886 2513 926 2573 Et
947 2519 1151 2594 quiapropter

108 2599 247 2659 honorem
276 2599 405 2674 Reginae
434 2599 564 2659 coelestis
593 2617 624 2660 se
651 2607 711 2663 tarn
739 2596 858 2680 valde⁶)
884 2601 1058 2678 humiliavit,
1085 2608 1150 2681 ipsa

108 2703 192 2745 snum
224 2685 361 2744 dilectum
391 2683 509 2766 etiaml)
538 2685 717 2762 glorificavit.
750 2685 799 2731 —'
824 2688 931 2748 Solitos
964 2697 1026 2749 erat
1052 2693 1081 2749 in
1104 2695 1149 2750 vi-

108 2772 181 2848 giliis
217 2774 344 2830 omniurn
376 2771 597 2832 sollemnitatum
610 2771 632 2854 ¹¹)
668 2776 771 2834 beatae
800 2775 926 2852 Virginis
956 2779 1082 2838 ieiunare
1120 2782 1149 2838 in

107 2876 182 2934 pane
206 2865 235 2918 et
256 2875 340 2933 aqua,
362 2864 391 2916 et
412 2875 498 2934 saepe
521 2863 608 2919 etiam
628 2863 656 2918 in
679 2864 766 2921 sextis
786 2862 870 2937 seriis,
895 2862 932 2921 ob
960 2868 1149 2924 reverentiam

108 2947 232 3006 sabbati.
274 2945 330 3004 Die
352 2945 477 3020 quadam
499 2963 598 3006 servus
619 2950 756 3006 ieiunanti
775 2966 828 3008 vas
848 2949 1000 3024 parvulum
1010 2948 1031 3030 ⁹)
1062 2951 1149 3012 fictile

108 3049 174 3092 cum
203 3049 281 3108 aqua
309 3032 425 3106 obtulit,
458 3049 545 3107 quam
573 3036 602 3091 in
632 3037 693 3094 eius
722 3038 855 3095 manibus
884 3036 980 3095 divina
1008 3041 1098 3096 virtus
1119 3041 1148 3097 in

108 3121 208 3177 vinum
232 3121 370 3194 optimum
393 3123 540 3178 convertit.
584 3121 639 3196 Qui
667 3139 731 3180 cum
758 3128 901 3198 gustasset
922 3140 1028 3198 aquam
1048 3128 1148 3184 vinnm

106 3204 214 3266 saetam
228 3203 267 3284 ¹⁰),
289 3223 403 3265 servum
419 3215 527 3265 secrete
545 3210 661 3267 vocavit
683 3214 711 3267 et
733 3212 834 3284 arguit,
853 3209 953 3269 dicens
975 3213 1028 3270 sibi
1049 3215 1147 3271 vinum

106 3309 158 3366 pro
189 3310 267 3367 aqua
298 3287 496 3352 ministratum.
546 3294 631 3370 Quod
661 3312 726 3354 eum
757 3296 804 3354 ille
836 3303 985 3374 negasset,
1017 3315 1148 3358 asserens

107 3397 139 3438 se
169 3379 300 3438 hausisse
329 3397 435 3464 aquam
465 3379 500 3439 de
530 3381 628 3455 situla,
657 3400 709 3440 vas
737 3385 857 3458 recepit,
892 3390 920 3443 et
949 3385 1061 3459 effudit,
1089 3389 1147 3446 sic-

107 3483 164 3541 que
200 3483 278 3542 aqua
301 3469 461 3542 purissima
495 3468 632 3543 impleta'
640 3465 731 3548 ¹),u
731 3476 895 3530 tsecurus
934 3478 1024 3547 esset,
1062 3490 1149 3548 prae·

125 3601 157 3671 1)
176 3601 321 3652 cahere
341 3601 372 3668 2)
391 3600 432 3652 BG
455 3613 602 3654 vocatur.
637 3603 708 3656 Conl
727 3604 908 3668 vil1‚8o..-
928 3608 998 3674 310
1021 3607 1146 3662 donari.

179 3701 209 3710 -
229 3671 261 3737 4)
279 3671 321 3722 ΒΙ)
340 3686 578 3723 succensus-
600 3673 630 3739 5)
645 3673 730 3724 ABDP
748 3677 879 3728 iniecto.
907 3677 965 3730 llos
983 3678 1002 3729 B
1021 3693 1146 3730 servum

178 3739 408 3806 rugiebam-
424 3741 697 3808 amovendae-
717 3744 903 3810 7]Betiam
922 3745 1146 3798 miraculis.—

178 3810 210 3876 8)
229 3809 248 3861 Β
266 3810 497 3862 festivitatum.
519 3841 548 3852 ·-
572 3812 661 3880 9)Βῦ
686 3829 822 3879 parvum.
847 3845 875 3856 -
899 3818 947 3886 10)
965 3817 1053 3868 Johan.
1077 3818 1103 3880 2,
1121 3819 1163 3887 9„

116 3958 119 3967 ἱ
182 3909 208 3917 -
232 3880 278 3948 11)
296 3880 316 3932 G
333 3880 471 3948 repleta.
