2654 4308
162 226 225 287 146
450 273 452 279 .
477 220 705 292 oleumcum
728 220 893 284 OCTAVA

93 359 95 364 ·
158 362 265 423 panem
294 345 456 420 frequenter
488 344 584 420 daret,
616 351 646 404 et
673 346 757 406 matri
787 341 1010 409 commendaret
1061 343 1203 408 Homines

158 433 299 496 barbaros
328 434 377 507 qui
405 448 470 491 eum
499 433 528 490 in
557 431 639 492 lance
675 431 893 507 appendebant,
922 430 1079 492 daemoms
1113 432 1202 495 foisse

158 520 302 595 suspicor,
330 521 379 594 qui
411 536 523 594 semper
555 519 745 578 morientibus·
771 535 803 578 se
824 521 971 596 ingerunt3
999 518 1091 596 ligna,
1120 520 1203 594 pueri

158 613 287 683 peccata.
330 605 412 681 Quae
445 608 512 680 quia
533 607 641 664 meritis
663 606 724 664 eius
745 607 879 681 graviora
899 605 1088 681 videbantur,
1108 607 1204 666 sancti

159 693 335 756 consessores
357 708 430 768 quos
452 693 566 767 saepius
588 689 830 767 interpellaverat,
860 691 1117 769 eleemosynarium
1140 694 1202 754 eius

158 781 233 840 lanci
253 781 438 853 immiserunt,
460 781 541 838 cuius
563 778 701 838 beneficio
723 777 838 839 adiutus
860 785 912 839 est
945 778 1031 855 Quod
1049 796 1118 839 vero
1140 781 1202 840 vita

60 898 64 916 r
157 867 284 926 bumana
312 865 484 942 quandoque
511 871 627 940 propter
655 864 852 942 eleemosynas
880 868 965 926 morti
993 865 1201 942 subtrabatur,

158 953 249 1014 babes
264 952 425 1028 exemplum
442 954 472 1010 in
485 951 555 1010 Vita
566 948 583 1031 ¹)
599 955 690 1010 sancti
703 951 845 1012 Johanuis
859 951 1000 1029 Eleymon
1009 949 1040 1032 ²),
1061 951 1097 1012 de
1110 953 1201 1012 Petro

157 1037 380 1117 theolonario³),
424 1055 497 1114 pene
529 1041 558 1098 in
601 1039 738 1098 consimili
780 1055 848 1098 casu
879 1045 907 1100 et
944 1041 1063 1099 visione.
1121 1039 1200 1102 Hinc

158 1136 203 1188 cst
236 1127 313 1203 qood
348 1125 598 1202 Nabugodononor
637 1125 710 1201 Regi
747 1125 814 1184 dum
844 1142 874 1185 se
904 1126 933 1185 in
962 1128 1072 1186 visione
1106 1126 1199 1204 vidis-

158 1222 202 1274 set
223 1215 276 1274 sub
299 1213 390 1289 iig'ura
411 1213 520 1272 arboris
541 1213 578 1272 ab
601 1212 704 1288 angelo
727 1229 790 1272 esse
810 1212 1033 1287 praecidendum
1040 1209 1072 1292 ⁴),
1092 1211 1200 1272 Daniel

158 1299 314 1374 consuluit,
346 1306 378 1358 ut
405 1305 526 1374 peccata
554 1298 742 1375 eleemosynis
770 1297 921 1359 redimeret
933 1296 962 1378 ⁵).
1014 1299 1100 1375 Quod
1128 1316 1199 1360 vero

157 1389 195 1448 ob
216 1395 336 1463 peccata
354 1389 440 1445 etiam
453 1393 520 1445 ante
534 1392 647 1461 tempos
665 1385 837 1461 quandoque
860 1388 920 1444 vita
941 1385 1064 1444 hominis
1084 1388 1200 1461 praeci-

157 1475 256 1549 datur,
289 1472 364 1532 idem
386 1472 491 1532 Daniel
519 1475 599 1531 testie
628 1479 679 1531 est
724 1471 855 1548 Cumque
883 1471 1040 1532 Baltbenar
1059 1473 1200 1549 praedicti

156 1561 246 1638 Regis
266 1559 357 1633 filius,
379 1576 444 1619 cum
466 1558 602 1618 uxoribus
624 1565 654 1618 et
675 1560 840 1620 concubinis
859 1561 891 1616 in
913 1561 991 1619 vasis
1011 1558 1111 1635 templi
1131 1559 1198 1619 Do·

156 1650 224 1707 mini
238 1646 418 1708 convivando
432 1646 529 1705 Deum
541 1647 671 1722 irritaret,
691 1645 763 1704 vidit
784 1651 884 1706 contra
899 1661 931 1706 se
945 1645 1080 1705 articulos
1094 1663 1199 1705 manus

156 1735 306 1795 scribentis
328 1736 354 1792 in
383 1735 492 1810 pariete
520 1735 574 1792 tria
602 1731 674 1792 haec
702 1733 808 1806 verba,
829 1747 931 1808 mane,
952 1731 1062 1809 techel,
1082 1732 1198 1808 phares.

157 1821 254 1899 Quam
282 1823 450 1896 scripturam
478 1821 518 1878 sic
550 1819 655 1878 Daniel
675 1818 749 1895 Regi
769 1821 971 1894 interpretatus
993 1824 1045 1878 est
1087 1818 1198 1893 Marce,

157 1908 188 1968 id
220 1915 264 1968 est
296 1914 362 1968 ante
395 1913 524 1982 tempus,
558 1907 757 1964 abaciacum
777 1906 861 1964 Deos
888 1923 1015 1980 repaam
1037 1911 1139 1980 tuam,
1174 1913 1203 1966 ct
1315 1923 1316 1976 ἲ

158 1995 417 2072 conplectantur.
463 1993 578 2073 Teclrcl,
600 1991 746 2068 appensam
769 2009 798 2051 ce
826 1995 858 2050 in
882 1998 1010 2064 sicima,
1044 1998 1072 2052 et
1095 1994 1202 2052 ἰπυση-

158 2090 206 2142 tue
228 2079 289 2154 cas)
311 2085 409 2140 minue
430 2080 547 2152 bobane,
569 2079 676 2140 scilicet
699 2078 734 2137 de
749 2080 864 2138 iustitia.
894 2078 934 2138 Et
942 2075 962 2158 τ)
985 2079 1052 2154 quia
1080 2085 1204 2154 peccata
1315 2081 1316 2086 ’

157 2168 473 2246 praeponderavemnt,
501 2166 602 2226 eadem
623 2172 707 2225 nocte
730 2169 844 2246 occisus
873 2170 978 2239 estet
1006 2164 1129 2225 divisum
1157 2173 1203 2226 est

157 2273 277 2333 regnum
298 2258 358 2314 eius
369 2254 463 2313 Medis
483 2259 511 2311 et
524 2250 656 2332 Persen).
680 2250 884 2312 NOVICIUS:
903 2251 1003 2311 Placet
1023 2252 1100 2328 quod
1121 2251 1204 2312 dicis.

156 2339 391 2403 MONACHUS:
413 2342 484 2400 Tres
504 2341 623 2415 praelati
644 2339 807 2413 Pontifices,
828 2339 949 2399 aliorum
969 2341 1055 2397 trium
1075 2339 1203 2414 Episco-

156 2447 260 2506 porum
281 2431 419 2489 visionem
441 2427 510 2489 mihi
531 2427 569 2487 ad
590 2428 757 2486 memoriam
776 2433 914 2486 revocant
934 2425 1027 2486 relatu
1048 2425 1174 2503 dignam.

464 2617 696 2680 CAPITULUM
724 2617 897 2678 LXXVIH.

180 2744 228 2802 Dc
251 2740 418 2822 Gerordo⁹)
441 2741 556 2805 Abbote
579 2740 773 2802 aeramnae
795 2743 843 2800 cui
863 2745 985 2817 carmine
1005 2737 1178 2814 marim

502 2845 570 2888 com
591 2831 675 2888 sociis
697 2830 861 2904 apportat.¹

223 2951 324 3011 Bonae
346 2951 500 3010 memoriae
522 2949 654 3009 dominus
676 2947 822 3008 Gerardus
835 2944 866 3027 ¹⁰)
888 2945 991 3006 Abbas
1013 2943 1202 3005 Olaracvallis

53 3103 55 3108 ,
152 3041 206 3120 qui
233 3039 337 3099 nostris
366 3038 541 3113 temporibus
569 3037 636 3111 fuit,
671 3053 738 3096 cum
759 3041 887 3111 tempore
909 3033 1036 3109 quodam
1064 3031 1203 3091 uniendi

155 3127 248 3205 gratia
282 3131 412 3202 pergeret
447 3124 485 3184 ad
521 3123 698 3198 claustrum,
740 3129 769 3182 et
803 3121 882 3198 apud
916 3120 1064 3196 religiosos
1097 3119 1203 3179 fratres

157 3215 249 3274 sancti
279 3211 407 3271 Mathiae
440 3211 650 3286 hospitaretur,
687 3210 788 3269 eadem
819 3213 904 3268 nocte
938 3205 1021 3267 dictis
1051 3207 1203 3266 matutinis

157 3301 295 3360 ecclcsiae
324 3301 443 3373 criptam
473 3297 551 3357 solus
580 3299 710 3371 intravit,
739 3302 768 3356 et
796 3294 834 3354 ad
861 3292 1014 3371 sepulchra
1034 3297 1202 3352 sanctorum

156 3387 304 3460 Eucherii,
326 3385 447 3460 Valerii,
469 3392 556 3462 atque
578 3384 711 3458 Metemi,
732 3384 781 3458 qui
802 3381 993 3442 Treverorum
1013 3381 1097 3456 primi
1117 3385 1203 3439 erant

177 3521 209 3588 1)
227 3519 288 3642 vigi.
306 3519 372 3640 'dimi
391 3518 410 3570 l.
428 3534 453 3586 p.
472 3520 531 3602 iiiii.
550 3535 616 3640 cap.⁴
623 3517 670 3638 21¹3
685 3547 717 3556 -
736 3516 769 3584 2)
786 3513 1096 3637 ὒξΙοἮωοιιγιιιαπίἰέ
1115 3541 1146 3554 -
1166 3512 1201 3633 31)

225 3590 329 3727 bal
339 3603 579 3725 {fiilia
594 3588 651 3709 nin
663 3601 903 3724 ,nitrien
914 3597 1202 3706 ⁰-¹‘¹÷’.15¹0⁰n⁰um⁹2¹23

228 3759 259 3770 -
280 3729 312 3796 7)
331 3729 351 3780 D
370 3728 489 3780 l'bares
507 3727 637 3779 divisio.
655 3726 708 3790 Et,
725 3725 746 3780 0
762 3725 900 3790 Pharos,
917 3722 949 3775 id
967 3729 1026 3775 eet.
1044 3751 1076 3767 -.-
1094 3721 1128 3791 8)
1148 3721 1203 3775 n·-

228 3799 264 3850 ui.
282 3801 307 3853 5.
327 3827 359 3838 —
378 3799 410 3868 9)
428 3797 514 3852 ΑΒΟΙ)
532 3795 680 3852 (letaldo.
700 3825 730 3836 -
751 3795 800 3865 lo)
817 3794 838 3850 B
855 3791 1025 3850 Geraldus.
