2580 4316
144 177 185 236 34
473 171 701 235 DISTINCTIO
720 169 849 232 PRIMA

147 300 214 374 quia
243 315 294 373 per
326 303 407 354 tuam
435 297 633 356 medicinalem
660 296 788 372 linguam
805 293 821 375 ¹)
842 295 923 354 Deus
944 290 1075 354 liberavit
1095 311 1142 354 me
1164 311 1185 354 a

127 386 271 462 vmaximo
302 401 403 442 errore.
460 383 661 443 NOVICIUS:
694 382 840 458 Numquid
873 399 931 441 non
949 379 969 460 ²)
1002 383 1077 441 bene
1111 383 1185 442 vixit

146 476 248 546 postea
258 469 395 545 Princeps
405 471 480 529 iste‘l
510 469 745 529 MONACHUS:
767 469 894 528 Minime.
923 469 1057 528 Promisit
1077 469 1183 543 verbis,

149 558 227 633 quod
248 575 307 616 non
329 557 456 633 implevit
476 557 566 616 sactis.
611 557 709 633 QualIs
732 559 791 616 eius
813 557 977 630 firrislirerit,
999 562 1184 631 cumquauta

148 647 259 703 sarcina
280 651 464 720 peccatorum
486 645 602 719 obierit,
633 661 728 719 poena
756 651 960 703 tormentorum
987 643 1061 702 illius
1082 646 1111 700 ln
1126 660 1190 718 ,sea

149 731 302 806 quentibus
324 728 386 810 te³)
409 731 530 790 docebit.
573 732 763 790 Revertamur
783 734 867 807 igitur
900 731 937 789 ad
964 731 1183 806 praecedentia,

149 820 216 892 quia
236 816 352 902 longam
373 819 447 877 hano
470 821 669 895 evagationem
690 819 756 878 seoit
776 821 957 894 interrogatio
977 824 1036 876 tua.

469 1007 700 1068 CAPITULUM
721 1008 867 1067 XXVIII.

11 1203 13 1214 1
83 1115 87 1126 ’
149 1130 152 1138 ’
247 1130 336 1207 Quod
356 1131 478 1206 paridam
501 1137 713 1190 convertantur
729 1136 1089 1205 proptcr‘poopcrtotem.

213 1268 294 1328 Sicut
314 1269 418 1328 multos
440 1269 525 1328 trahit
546 1270 584 1328 ad
606 1269 733 1328 ordinem
763 1268 904 1326 medicina
931 1268 1114 1344 infirmitatis,
1142 1271 1184 1328 ita

148 1354 283 1428 plurimos
296 1349 318 1434 ⁴)
346 1359 450 1416 intrare
480 1357 624 1432 compellit
645 1359 772 1414 caminus
793 1358 978 1430 paupertatis.
1021 1355 1113 1430 Saepe
1136 1359 1183 1414 vi-

49 1517 50 1524 *
150 1441 241 1500 dimus
264 1449 292 1500 et
314 1444 439 1517 quotidie
461 1444 606 1517 videmus,
634 1460 771 1518 personas
799 1442 953 1517 aliquando
982 1444 1009 1499 ln
1032 1443 1147 1501 saeculo
1161 1441 1182 1522 ⁵)

150 1527 252 1586 divites
274 1534 302 1587 et
324 1530 472 1605 honestas,
505 1538 537 1588 ut
559 1535 624 1588 sunt
646 1529 748 1588 milites
770 1535 799 1587 et
821 1533 913 1602 cives,
936 1536 1055 1604 cogente
1076 1532 1182 1604 inopia,

68 1678 72 1684 ,
149 1617 245 1673 venIre
268 1616 305 1674 ad
327 1617 470 1691 ordinem,
498 1620 589 1693 magis
618 1635 653 1674 ex
674 1619 843 1674 necessitate
864 1616 993 1674 volentos
1015 1616 1095 1673 diviti
1116 1617 1182 1674 Deo

150 1699 296 1781 servire⁶),
319 1721 405 1777 quam
426 1707 499 1762 inter
521 1710 658 1780 cognatos
681 1708 709 1760 et
730 1708 813 1760 notos
836 1705 969 1778 egestatis
988 1704 1183 1762 confusionem

149 1790 296 1847 sustiuere.
341 1789 413 1848 Cum
435 1791 550 1865 quidam
572 1794 615 1848 vir
636 1791 772 1848 honestus
795 1796 948 1863 exponeret
969 1790 1038 1846 mihi
1060 1807 1182 1848 conver-

150 1877 236 1934 sionis
258 1893 328 1934 suae
350 1877 491 1952 ordinem,
513 1866 631 1936 adiecit:
662 1876 745 1935 Certe
768 1879 789 1932 si
812 1879 841 1933 in
862 1877 947 1934 rebus
969 1879 1040 1936 meis
1061 1876 1182 1935 bobule-

149 1978 211 2020 sem
231 1967 462 2038 prosperitatem,
493 1983 640 2039 nunquam
672 1966 815 2022 venissem
835 1962 873 2020 ad
895 1963 1021 2021 ordinem
1035 1961 1064 2042 1).
1106 1964 1183 2022 Novi

150 2048 298 2123 quosdam,
321 2053 377 2125 qui,
398 2052 525 2126 patribus
540 2048 562 2130 ⁸)
585 2054 644 2109 sive
665 2041 834 2128 fratribusi)
850 2051 1087 2123 convertentibus,
1109 2067 1182 2109 eon-

148 2139 221 2194 verti
242 2144 404 2211 renuerunt,
425 2145 454 2196 et
475 2156 541 2197 oum
563 2139 784 2196 consumsissent
806 2139 901 2195 omnia
917 2133 945 2214 ¹⁰)
969 2137 1091 2210 dimissa,
1112 2143 1182 2197 tunc

149 2225 271 2298 primum
292 2229 439 2298 venerunt,
460 2227 658 2284 necessitatem
678 2223 764 2298 pallio
787 2222 945 2282 devotionis
955 2223 1112 2298 palliantes,
1134 2225 1183 2284 vel

148 2312 244 2384 potius
274 2310 309 2369 de
340 2313 403 2386 ipsa
430 2315 598 2371 necessitate
630 2312 764 2370 virtutem
792 2309 935 2378 facientes.
978 2309 1182 2371 NOVICIUS:

149 2396 215 2454 Non
238 2404 281 2455 est
301 2415 418 2457 necesse
440 2398 475 2457 de
497 2397 600 2456 talibus
623 2396 753 2470 exempla
775 2413 924 2472 quaerere,
947 2414 1012 2455 cum
1033 2396 1183 2458 videamus

149 2483 198 2542 tali
219 2487 369 2544 occasione
390 2485 495 2560 plures,
516 2486 638 2544 maxime
652 2500 804 2542 conversos
822 2480 858 2562 ¹¹),
872 2483 920 2541 ad·
931 2483 1057 2542 ordinem
1068 2488 1181 2561 venire,

150 2569 202 2628 sed
223 2572 301 2630 beati
322 2580 388 2631 sunt
409 2572 455 2645 illi,
479 2573 526 2646 qui
548 2570 660 2628 divitias
681 2569 850 2643 habuerunt,
872 2577 900 2628 et
920 2587 972 2645 pro
984 2569 1095 2629 Christo
1116 2571 1182 2630 illes
1280 2597 1281 2602 ¹

150 2663 368 2718 contemserunt.
411 2655 642 2718 MONACHUS:
664 2655 729 2715 Non
750 2657 815 2716 ideo
833 2658 919 2730 beati,
941 2660 1008 2732 quia
1019 2657 1181 2718 divitiarum

149 2761 342 2820 possessores,
371 2746 422 2804 sed
448 2744 513 2802 ideo
535 2745 626 2820 beati,
659 2746 726 2818 quia
755 2744 915 2803 divitiarum
937 2751 1125 2805 contemtores
1143 2743 1181 2826 ¹²).

149 2830 218 2889 Plus
240 2832 408 2906 placuerunt
428 2831 492 2890 Deo
512 2828 540 2910 ¹³)
564 2831 619 2890 duo
646 2833 755 2889 minute
776 2831 880 2889 viduae
899 2827 941 2909 Ι1),
965 2849 1051 2906 quarn
1073 2833 1181 2892 multae

149 2912 269 2976 divitum
298 2919 505 2994 eleemosynae.
548 2918 627 2978 Scias·
650 2920 736 2976 etiem
758 2918 897 2994 quosdam
918 2922 1044 2978 converti
1064 2926 1182 2994 propter

149 3006 374 3066 erubescentiam
394 3005 513 3066 alicuius
534 3005 650 3081 culpae,
678 3007 739 3064 sive
760 3011 858 3064 notam
880 3005 1084 3082 qualiscunque
1105 3007 1181 3069 inla-

147 3109 230 3154 mres.

166 3267 195 3333 1)
213 3261 254 3318 DP
276 3266 417 3333 linguam
449 3264 683 3316 medicinalem.
718 3294 748 3304 -
779 3266 810 3331 2)
839 3280 901 3316 non
927 3281 967 3316 om
998 3265 1030 3327 1³3
1058 3281 1116 3318 mox
1139 3265 1180 3316 BP

216 3345 329 3404 postea
348 3337 476 3386 vixit-
497 3337 528 3401 3)
546 3344 577 3386 te
596 3351 636 3388 om
655 3334 683 3388 C.
697 3365 727 3374 -—
747 3337 778 3400 4)
796 3335 816 3386 Β
833 3335 1001 3386 multos.-
1017 3336 1048 3402 5)
1066 3337 1091 3385 in
1109 3351 1181 3386 sse-

215 3407 286 3457 culo
303 3404 381 3458 habet
399 3403 419 3456 C
436 3413 493 3472 post
511 3403 674 3456 honestas.
695 3435 726 3444 -
746 3406 777 3472 6)
795 3405 814 3456 Β
834 3405 932 3457 diviti
958 3405 1023 3456 Deo
1050 3407 1180 3456 servire

217 3475 377 3527 volentes.
398 3504 429 3512 —
457 3475 489 3540 7)
513 3473 532 3526 C
558 3474 596 3526 ad
623 3475 765 3526 ordinem
793 3476 962 3526 venissem.
983 3506 1013 3514 —
1043 3473 1179 3540 mesco

216 3547 290 3603 suis.
311 3575 341 3586 -·-
362 3545 392 3612 9)
412 3542 432 3595 C
449 3543 498 3594 edd
516 3560 557 3596 se.
578 3575 608 3584 -
637 3546 684 3613 10)
703 3544 744 3597 CD
762 3543 810 3596 add
830 3544 906 3607 sibi3
924 3545 990 3596 conl.
1008 3545 1066 3606 llll,
1085 3545 1125 3595 11.
1145 3575 1178 3582 -

217 3615 264 3682 ll)
283 3613 303 3666 C
320 3629 498 3666 conversos
522 3614 1027 3682 maxime.-12)Gdivitierum
1050 3614 1180 3666 fuerunt

212 3699 268 3809 Ilm
295 3681 424 3806 Cigrijzto
451 3692 680 3738 contemtores.
710 3715 739 3724 —-
770 3685 818 3753 13)
841 3684 906 3736 ilco
933 3701 972 3736 om
1001 3681 1049 3736 BG.
1071 3713 1100 3722 -
1130 3684 1179 3752 14)

237 3770 286 3806 erc.
340 3793 347 3819 ,
401 3792 407 3806 .
