2538 4314
381 293 441 352 DE
464 291 736 354 CONFESSIONE.
1025 291 1083 348 115

424 463 655 528 CAPITULUM
675 467 712 526 V.

74 621 107 678 llo
122 623 208 680 dorico
229 623 548 697 Prummorratrotenee,
572 627 624 700 qui
645 627 705 682 eine
726 621 907 698 confusione
929 619 1084 679 cuiusdam

89 709 188 766 curulia
203 714 318 784 peccati
340 715 489 770 commissi
510 711 553 770 ad
575 709 719 770 chaereum
741 713 847 782 mictu,
870 727 890 766 a
912 707 1056 766 dueruorw

383 817 385 823 ’
467 804 590 857 notatur
610 799 662 857 'cst

115 949 263 1010 canonicus
286 951 412 1027 quidam
432 955 462 1011 in
482 951 623 1013 Steinvelt
654 951 759 1011 ordinis
781 951 1083 1024 Prasmonstratensls,

66 1037 120 1093 sicut
136 1039 199 1096 mihi
219 1039 319 1098 retulit
343 1042 503 1100 canonicus
527 1039 644 1114 quidam
654 1039 896 1112 Monasteriensis,
917 1035 1004 1096 valde
1018 1035 1083 1094 lau-

66 1120 143 1182 dabile
161 1127 234 1184 vitae
266 1125 340 1201 fuit,
377 1143 462 1201 quem
490 1128 573 1201 quasi
601 1125 639 1183 ad
665 1125 823 1202 iugandum
851 1124 1021 1183 daemonem
1048 1122 1084 1182 dc

65 1210 156 1269 obsesso
175 1213 258 1270 Prior
280 1212 322 1272 ad
346 1215 454 1272 ostium
474 1214 640 1272 monasterii
661 1229 759 1272 secum
777 1210 883 1270 eduxit
927 1209 993 1286 Quo
1013 1210 1084 1283 viso,

65 1313 113 1354 nor
131 1297 256 1358 diabolus
279 1317 336 1374 per
359 1316 392 1358 os
414 1299 536 1358 hominis
559 1298 710 1358 clamavit:
737 1299 800 1374 Ego
824 1296 967 1372 quaedam
990 1295 1025 1354 de
1048 1312 1083 1354 eo

64 1385 114 1457 uio,
130 1392 241 1462 propter
263 1403 344 1461 quae
368 1403 435 1444 oum
455 1403 513 1445 non
535 1388 632 1443 timeo.
674 1385 739 1444 Non
760 1391 856 1444 tamen
871 1385 1027 1461 permissus
1041 1389 1085 1442 est

63 1469 142 1528 eadem
160 1473 319 1547 publicare,
345 1490 379 1533 eo
404 1473 479 1547 quod
501 1475 620 1530 minima
641 1479 744 1546 essent,
765 1489 802 1530 ne
823 1473 885 1531 viro
908 1475 1007 1530 saneto
1029 1485 1084 1528 vo-

64 1558 202 1618 recundiam
221 1561 353 1620 inferret.
397 1559 450 1617 Ille
467 1560 543 1618 bene
556 1555 573 1637 ¹)
584 1559 704 1618 verbum
714 1559 882 1634 intelligens,
904 1555 1084 1616 remordente

64 1647 210 1704 conscientia
230 1649 370 1720 intravit,
404 1646 517 1722 culpam
547 1646 692 1704 consessus
723 1645 821 1720 rediit,
854 1651 883 1703 et
915 1648 940 1702 si
962 1644 1084 1703 daemon

65 1729 164 1812 adlrno²)
182 1722 296 1809 aliquid
319 1737 408 1794 sciret
427 1734 582 1807 inquisivit.
623 1732 784 1808 Respondit
812 1732 949 1791 daemon:
977 1729 1084 1789 Adhuc

65 1815 139 1891 aliqua
158 1820 258 1896 culpae
280 1821 409 1896 vestigia
430 1825 570 1896 apparent
590 1821 620 1876 in
641 1825 685 1893 te,
718 1835 753 1878 eo
776 1818 853 1894 quod
874 1835 933 1878 non
954 1820 991 1877 sit
1012 1817 1084 1876 sub-

66 1911 156 1964 secutus
175 1907 328 1982 stimulus,
350 1906 466 1982 plagam
487 1908 634 1982 virgarum
653 1905 822 1982 intelligens.
864 1905 973 1964 lterum
993 1906 1084 1963 intra-

67 1991 210 2068 ritiuvenis,
231 1996 396 2053 iniunctam
409 1995 521 2067 accepit
537 1992 723 2068 disciplinam,
744 2009 941 2069 reversusque,
963 1993 987 2050 si
1000 1992 1086 2050 sciret

66 2074 148 2152 siquid
166 2082 367 2158 interrogavit.
409 2079 621 2156 Respondente,
635 2079 759 2153 diabolo,
779 2079 978 2155 perindicium
987 2093 1084 2136 meum

67 2163 219 2248 ulmodoil
241 2171 315 2227 novi
339 2167 377 2225 de
397 2173 440 2240 te,
467 2169 537 2226 satis
566 2166 707 2226 aedificati
729 2173 795 2224 sunt
815 2167 925 2226 iratres.
967 2162 1084 2223 NOVI·

67 2247 229 2313 Glddt'Non
238 2255 394 2334 modicum
407 2271 452 2312 me
467 2251 654 2332 perturbem),
677 2247 755 2330 quod
780 2254 911 2312 inimicus
931 2254 961 2311 in
982 2256 1083 2311 sancto

67 2337 111 2395 viro
128 2347 188 2415 post
208 2343 422 2402 consessionem
452 2341 573 2413 factam,
604 2339 722 2415 aliquod
751 2339 963 2415 deprehendere
990 2340 1084 2414 pouru
1156 2373 1158 2378 ·

67 2423 156 2497 siguum
171 2432 295 2504 peccati.
340 2425 576 2504 MONAOHUS:
602 2426 668 2486 Hoo
689 2427 771 2485 Deus
800 2429 928 2502 permisit
954 2424 993 2484 ad
1022 2428 1083 2485 eius

67 2507 158 2571 bonum.
199 2515 319 2591 Quanto
343 2516 406 2589 quis
426 2513 586 2590 perfectior,
606 2520 687 2572 tanto
708 2530 760 2590 pro
783 2531 836 2572 sua
858 2513 944 2589 culpa
961 2512 1083 2572 delenda

69 2611 114 2655 esse
132 2599 211 2660 debet
231 2601 391 2663 sollicitior.
433 2601 623 2676 Disciplinam
644 2603 809 2674 iniunctam,
831 2617 919 2674 quam
939 2603 1007 2659 niox
1029 2617 1081 2658 ae-

68 2683 139 2758 dpere
154 2692 263 2766 potnit,
296 2690 421 2747 maxime
448 2694 549 2748 contra
581 2686 727 2746 diabolum
747 2694 941 2763 puguaturus,
971 2687 1082 2746 differre

69 2784 111 2828 non
127 2773 223 2834 debuit.
270 2772 349 2833 Nam
369 2777 398 2832 in
419 2774 589 2850 supradictis
611 2774 734 2848 dnobus,
754 2767 903 2834 sacerdote
922 2773 1030 2832 scilicet
1053 2780 1082 2833 et
1167 2776 1170 2784 '

69 2871 130 2918 uuo
148 2863 249 2936 militis,
273 2879 398 2938 quorum
419 2862 674 2936 confessioneque
693 2861 859 2936 debitafuit,
879 2875 973 2935 neque
984 2859 1082 2935 aliqua

70 2942 141 3006 diue
160 2953 279 3009 exterior
300 2951 476 3024 poenitentia
497 2950 667 3022 subsecuta,
699 2947 830 3008 diabolus
862 2947 941 3006 nulla
968 2949 1081 3022 peccati

70 3034 163 3109 telligit
182 3035 396 3112 deprehendere
416 3037 519 3111 potuit.
561 3033 761 3094 NOVIOIUS:
783 3033 884 3094 Placet
906 3033 983 3108 quod
1002 3033 1080 3110 dicis,

72 3118 120 3188 quia
134 3127 286 3182 necessitas
307 3124 337 3179 in
360 3139 445 3182 causa
465 3122 526 3180 fnit.
569 3121 628 3182 Sed
649 3138 735 3180 nosse
756 3121 861 3181 vellem
894 3121 1080 3181 differentiam

72 3201 123 3262 irter
139 3227 230 3270 veram
253 3209 412 3284 falsamque
445 3209 673 3282 confessionem.¹
704 3206 940 3267 MONACHUS:
974 3207 1080 3282 Quanti

72 3292 172 3360 ponderis
192 3296 338 3357 confessio
366 3298 401 3354 sit
428 3313 513 3370 vera,
542 3301 572 3354 et
599 3312 688 3370 quam
713 3295 844 3356 inefficax
874 3295 1013 3354 confessio
1042 3297 1079 3356 sit

73 3372 125 3453 teu,
141 3399 185 3458 per
206 3383 342 3444 subiecta
363 3382 511 3460 dignosces
533 3382 673 3458 exempla.

86 3789 191 3856 silens
218 3791 380 3846 adito-
403 3798 434 3864 2)
453 3797 558 3850 adnuo
585 3795 663 3848 naua
680 3797 700 3850 o
717 3807 775 3866 ,aa
799 3797 908 3847 serres.
929 3823 960 3833 -
987 3792 1019 3860 a)
1036 3793 1079 3848 ao
1147 3777 1159 3790 '

118 3864 205 3917 uodo
236 3861 291 3913 nil.
310 3867 602 3936 —lJADPturbat
812 3888 815 3902 =
1098 3859 1103 3874 '
