2564 4306
324 312 378 372 DE
399 310 581 374 PRAEMIO
602 312 867 374 MORTUORUM.
1046 315 1106 374 361

1 423 2 447 ¹
86 439 115 493 ut
147 438 248 509 postea
283 451 347 493 eam
362 435 471 494 ‘verbis
500 434 640 510 explicare
671 437 809 510 nequiret.
851 435 923 494 Post
943 433 1043 494 horam
1071 436 1108 495 ab

1 546 3 560 >
86 519 182 596 angelo
205 538 223 579 a
244 537 301 596 quo
323 523 410 581 missa
422 517 438 601 ¹)
467 521 573 596 fueret,
595 527 730 596 extracta,
749 522 835 580 iudici
856 528 1037 596 praesentata
1058 529 1110 581 est.
1170 597 1173 606 Ι

1 621 3 634 ’
87 605 168 665 Cuius
194 607 296 666 faciem
324 614 391 667 tunc
420 615 517 667 amoto
545 606 686 667 velamine
714 610 862 683 perspicue
891 607 973 682 vidit,
1001 615 1110 667 tantam

1 727 2 778 3
85 693 304 768 familiaritatem,
325 695 528 754 iocunditatem
549 701 636 769 atque
650 693 836 753 dulcedinem
856 711 944 769 puero
967 695 1112 768 exhibens,

86 786 115 839 ut
135 797 198 839 eam
219 780 376 840 deosculari
398 783 538 857 potuisset
558 783 583 840 ei
604 780 751 840 voluisset.
792 781 830 838 Et
858 798 923 840 cnm
952 788 1018 842 ante
1048 782 1110 840 cul-

1 885 2 895 *
85 884 148 942 pam
175 868 203 924 in
230 866 356 927 humana
383 867 475 928 forma
497 867 639 926 Christum
666 867 799 939 vidisset,
827 874 894 941 post
917 871 1112 943 purgatorium

1 970 3 983 >
85 952 277 1012 indivinitate
299 954 421 1014 eundem
445 957 549 1014 meruit
576 954 769 1028 contemplari.
810 952 901 1012 Juxta
929 971 1013 1028 quem
1042 955 1113 1014 vidit

85 1039 234 1117 gloriosam
260 1042 320 1100 eius
342 1040 515 1101 Genitricem
543 1043 571 1099 in
600 1040 671 1099 solio
700 1039 848 1115 splendido
875 1040 1057 1114 residentem,
1085 1047 1113 1101 et

85 1129 251 1186 incircuitu
274 1125 399 1206 eornm²)
428 1128 635 1186 multitudinem
657 1126 849 1203 Angelorum,
876 1127 1113 1202 Patriarcharum,

1 1233 3 1246 ·
85 1213 299 1288 Prophetarum,
311 1213 525 1289 Apostolorum,
536 1213 705 1290 Martyrum,
727 1213 935 1293 Conlessorum,
957 1215 1114 1290 Virginem,

1 1307 3 1347 l
85 1300 259 1374 aliorumque
279 1303 426 1360 iustorum.
463 1299 606 1362 Diabolus
628 1317 696 1360 vero
718 1303 821 1359 timens
843 1302 966 1358 aniciam
987 1301 1114 1376 perdere,

1 1408 3 1420 >
86 1389 126 1445 eit
144 1385 304 1446 adDeum:
326 1387 440 1446 Bonum
455 1395 499 1447 est
519 1393 552 1446 ut
572 1386 726 1447 reducatur
747 1387 784 1446 ad
807 1403 919 1461 corpus,
939 1394 972 1445 ut
993 1388 1114 1463 amplius

85 1473 176 1532 adhuc
198 1474 250 1533 tibi
270 1476 389 1552 serviat,
435 1473 488 1534 Oui
508 1474 649 1533 Dominus
676 1473 834 1549 respondit:
862 1473 927 1532 Hoc
956 1491 1014 1532 non
1044 1475 1114 1534 dicis

85 1567 199 1636 propter
227 1555 294 1619 eius
316 1559 453 1634 salutem,
481 1561 533 1620 scd
554 1567 670 1636 propter
694 1566 773 1619 tuam
801 1562 965 1634 nequitiam.
1008 1560 1113 1636 Speras

86 1647 161 1706 enim
181 1645 259 1722 quod
279 1665 331 1722 per
359 1664 462 1722 corpus
488 1647 650 1722 peccando,
681 1647 781 1706 cedere
803 1644 920 1726 possit³)
941 1650 971 1706 in
1003 1655 1113 1722 partem

86 1741 172 1793 tuam.
214 1732 293 1792 Data
313 1739 409 1794 tamen
430 1736 583 1808 sententia,
612 1735 707 1793 anima
729 1735 839 1810 corpori
861 1737 1029 1808 restituitur,
1058 1737 1113 1792 mi-

85 1821 212 1880 rantibus
233 1823 340 1880 cunctis
369 1823 418 1896 qui
439 1820 565 1895 aderant,
586 1823 653 1895 quia
679 1837 731 1895 per
754 1822 836 1896 signa
857 1838 932 1895 quae
962 1824 992 1879 in
1023 1838 1112 1896 puero

85 1906 231 1980 viderunt,
259 1907 354 1966 verbis
377 1909 437 1966 eius
466 1906 580 1966 credere
603 1906 741 1981 compulsi
763 1913 837 1966 sunt.
871 1905 947 1966 Puer
964 1925 1032 1967 vero
1054 1915 1114 1966 tum

79 2010 175 2054 amore
197 1992 303 2068 gloriae
311 1991 349 2073 Α),
371 2000 431 2052 tum
453 1996 552 2053 timore
574 2007 701 2068 poenae,
722 1995 843 2068 patriam
865 2010 948 2052 suam
970 1994 1112 2067 deserens,

80 2081 273 2141 conversionis
295 2083 386 2156 gratia
413 2081 451 2140 ad
473 2079 617 2156 quondam
640 2080 757 2138 domum
789 2079 894 2138 ordinis
916 2084 1004 2140 nostri
1025 2083 1113 2140 venit.

81 2167 169 2226 Cuius
190 2163 359 2226 desiderium
382 2183 447 2226 cum
469 2183 624 2227 conversus
633 2163 669 2245 ⁵),
702 2167 788 2226 homo
810 2183 934 2240 nequam
954 2183 990 2227 ac
1011 2184 1114 2242 super-

79 2255 151 2327 bus,
172 2255 221 2327 qui
241 2252 364 2328 hospitio
385 2260 531 2328 praeerat,
552 2255 747 2329 cognovisset,
770 2270 804 2311 co
826 2252 958 2312 audiente
986 2256 1027 2312 sic
1056 2256 1113 2313 ait:

80 2339 186 2400 Videte
202 2335 323 2415 quando
344 2339 416 2400 tales
437 2343 586 2417 garciones
608 2338 740 2400 monachi
760 2339 863 2399 suerint
885 2340 992 2414 effecti,
1019 2343 1114 2400 statim

80 2425 184 2488 volunt
204 2443 267 2486 csse
289 2425 396 2488 domini
416 2429 514 2486 nostri.
556 2427 589 2485 In
613 2429 692 2485 cuius
709 2426 803 2485 verbis
817 2424 890 2484 adeo
904 2444 976 2501 puer
989 2427 1113 2508 scanda-

81 2515 185 2574 lizatus
207 2519 265 2586 est,
292 2520 325 2571 ut
345 2531 364 2571 a
384 2516 530 2589 proposito
558 2513 692 2587 resiliret,
713 2520 742 2572 et
763 2513 800 2572 od
822 2513 949 2572 ordinem
977 2513 1113 2589 Templa-

80 2602 190 2660 riorum
204 2616 236 2658 se
249 2594 450 2680 transferred).
492 2599 694 2660 NOVICIUS:
716 2599 826 2659 Multae
843 2601 966 2659 visiones
989 2600 1025 2659 de
1043 2618 1114 2660 con·

81 2687 274 2748 summatione
295 2687 402 2750 saeculi
423 2687 548 2762 quotidie
570 2689 737 2763 recitantur3
763 2689 859 2746 nescio
878 2689 902 2745 si
924 2689 965 2746 eis
987 2687 1057 2747 fides
1079 2691 1117 2748 sit

81 2772 256 2835 adhibenda
299 2771 537 2832 MONACHUS:
566 2775 641 2849 Quia
670 2772 705 2832 de
734 2773 860 2834 adventu
880 2772 1068 2849 Antichristi,
1086 2783 1115 2836 ct

81 2861 330 2921 consummatione
341 2859 456 2934 saeculi,
476 2859 557 2917 mulli
574 2866 640 2919 sunt
662 2859 781 2936 decepti,
802 2877 878 2935 qnae
899 2859 934 2918 de
956 2860 999 2920 his
1014 2861 1117 2922 audivi

81 2945 212 3008 scribere
247 2945 333 3004 nolui.
374 2946 462 3006 Forte
489 2947 546 3004 imo
581 2962 639 3005 non
677 2944 792 3026 lorte⁷),
828 2953 943 3022 propter
976 2951 1117 3009 orationes

80 3040 260 3107 sanctorum,
280 3030 375 3092 iudicii
387 3038 501 3108 tempus
515 3032 649 3108 differtur,
670 3034 742 3093 sicut
760 3050 796 3093 ex
813 3035 997 3110 subsequenti
1011 3037 1119 3096 visione

81 3120 237 3197 colligitur.

400 3347 813 3446 T-sdrltfflfflddt*

106 3673 141 3741 1)
161 3670 181 3722 Β
199 3669 349 3723 immissa.
369 3699 400 3708 —-
420 3670 451 3732 2)
469 3669 511 3721 BD
529 3670 608 3720 eius.
627 3697 657 3707 -
678 3669 710 3736 3)
728 3667 791 3720 sus
810 3663 930 3734 posset.
950 3698 980 3707 -·
1007 3669 1038 3734 l)
1056 3671 1125 3740 glo·

163 3741 231 3792 riae
250 3737 298 3790 add
311 3739 339 3792 l).
359 3739 471 3807 lntellige
489 3737 591 3808 gloriam
611 3740 706 3804 patriae
724 3737 848 3789 coelestis.
863 3767 892 3778 -
906 3739 937 3804 5)
956 3737 976 3790 Β
994 3737 1042 3788 udd
1061 3743 1128 3807 qul-⁸

163 3809 238 3860 darn.
265 3837 296 3846 —-
322 3809 352 3871 6)
371 3811 438 3861 iuxta
463 3807 545 3858 villain
570 3809 666 3876 Breisig
690 3807 778 3858 domus
801 3808 848 3860 luit
873 3807 1074 3875 Templuriorum.
1094 3840 1126 3848 -

164 3879 196 3944 7)
214 3877 302 3929 llomll.
320 3877 360 3930 lV.
381 3897 404 3946 p.
425 3879 488 3930 126:
509 3877 569 3948 „sed
588 3878 661 3941 loric,
679 3879 727 3930 imo
746 3879 800 3928 sine
819 3877 909 3934 lorte.“

822 3953 867 4026 15
