2628 4310
74 299 80 314 .
188 253 251 314 aaa
502 251 730 314 namucno
754 251 911 314 nnuma
1070 284 1073 290 -
1280 203 1281 276 l

187 377 285 436 statim
305 391 371 435 cum
392 375 482 435 multa
503 376 650 436 alacritate
673 376 755 436 rediit
776 376 813 436 ad
836 376 995 452 dominam3
1029 382 1058 435 et
1079 374 1128 435 ille
1150 378 1226 450 rapi·

187 479 243 522 uae
268 478 336 526 suae
357 478 482 537 poenam
502 462 599 537 luens,
627 469 756 522 mortuus
779 463 880 523 cecidit
900 466 930 521 iu
953 470 1068 521 terram.
1111 461 1227 522 NOVI·

189 547 292 609 CIUS:
321 547 398 624 Quid
428 556 472 609 est
493 549 571 625 qnod
592 557 709 610 sauctus
729 553 868 610 succurrit
888 550 1059 626 periclitanti
1082 549 1227 625 aviculae,

190 641 219 695 et
246 652 304 693 nou
333 637 490 712 aegrotanti
511 635 655 722 famulae?
705 635 941 696 MONAOHUS:
970 637 1046 713 Quia
1070 636 1122 696 illa
1144 635 1228 695 aliam
1280 639 1281 650 ¹

188 725 278 781 vitam
292 737 350 780 uon
364 721 500 796 habebat,
522 740 609 797 quem
631 725 686 782 ista
707 740 758 797 per
780 723 867 790 fidem
889 724 1085 799 exspectabat.
1129 723 1229 783 Voluit

89 861 93 876 ,
188 811 274 870 etiam
303 811 329 868 ci
359 808 509 868 ostendere
538 808 617 884 quod
640 810 737 868 dilatio
760 812 912 869 curationis
936 812 995 868 eius
1017 827 1076 869 non
1097 809 1174 869 foret
1196 827 1229 870 ex

187 897 363 971 impotentia,
384 895 434 954 scd
458 912 493 955 ex
507 896 702 972 providentia3
725 899 793 972 quia
813 899 904 957 virtus
926 899 955 956 in
975 896 1141 956 infirmitate
1163 914 1230 973 per-

187 981 280 1041 ficitur
291 979 318 1062 ¹).
360 981 439 1041 Audi
461 981 539 1042 aliud
560 982 738 1042 miraculum.
774 1063 776 1068 ,

532 1169 766 1233 CAPITULUM
788 1173 884 1233 LVII.

257 1295 306 1354 Dc
326 1295 467 1354 columbis
490 1294 597 1371 quibus
619 1295 702 1353 miles
724 1295 873 1354 licentiam
896 1295 976 1355 dedit
998 1297 1154 1356 avolandi.

250 1415 335 1475 Miles
358 1416 474 1491 quidam
495 1415 650 1476 Ansclmus
671 1419 786 1476 nomine
808 1416 844 1475 de
865 1417 934 1476 villa
947 1416 1056 1492 Lisere,
1078 1415 1230 1478 columbas

185 1501 320 1578 plurimas
338 1505 444 1562 nutrire
460 1502 580 1564 solebat.
608 1502 726 1562 Dictum
749 1512 793 1564 est
814 1506 840 1563 ei
855 1506 922 1579 quia
937 1507 1063 1580 graviter
1075 1504 1231 1566 nutriendo

184 1587 248 1648 illas
269 1595 410 1665 peccaret,
428 1589 555 1666 eoquod
575 1597 640 1648 sata
653 1596 682 1648 et
702 1593 834 1666 granaria
854 1590 1001 1650 laederent
1023 1593 1232 1665 proximorum.

184 1673 241 1735 Die
255 1676 380 1752 quadam
395 1679 435 1736 eis
445 1676 483 1737 ad
495 1676 704 1736 comedendum
715 1694 859 1736 annonam
874 1679 1033 1752 proiicieus,
1050 1695 1118 1736 cum
1129 1695 1230 1738 ornnes

186 1764 323 1822 essentia
345 1780 434 1821 unum
457 1782 554 1824 coram
576 1781 610 1822 co
634 1771 834 1840 congregatae,
856 1764 933 1824 clara
954 1780 1027 1823 voce
1045 1765 1159 1827 cunctis
1183 1768 1230 1841 qui

186 1847 305 1908 aderant
318 1849 500 1910 audientibus
517 1849 645 1910 dicebat:
666 1849 729 1909 Vos
744 1850 903 1926 columbae,
921 1853 946 1910 si
959 1850 1016 1910 Dei
1029 1850 1169 1910 voluntas
1180 1859 1231 1926 est,

186 1942 218 1995 ut
238 1953 327 2012 penes
348 1954 394 1996 me
416 1937 559 2011 habitetis,
581 1942 708 2013 menete3
734 1939 778 1996 siu
799 1942 905 2012 autem,
926 1939 1069 2014 praccipio
1093 1939 1182 1998 vobis
1203 1941 1229 1996 in

187 2025 248 2082 eius
280 2025 411 2097 nomine,
438 2029 470 2082 ut
499 2026 596 2082 statim
626 2023 775 2083 recedatis.
825 2023 874 2081 Ad
903 2023 980 2100 quod
1008 2024 1131 2084 verbum
1162 2043 1228 2084 mox

189 2125 288 2169 omncs
311 2110 462 2170 columbae
483 2110 568 2170 simul
590 2102 784 2186 se‘lcvantes,
802 2110 886 2169 simul
908 2111 1111 2185 avolaverunt,
1133 2129 1230 2188 neque

188 2195 262 2256 ultra
283 2214 414 2256 reversae
435 2197 560 2256 eumad
581 2197 631 2256 illa
653 2196 803 2256 domicilia.
845 2194 1048 2257 NOVIOIUS:
1072 2197 1229 2273 Quomodo

187 2284 228 2342 ibi
256 2298 371 2343 manere
399 2290 553 2359 potuerunt
581 2290 680 2342 contra
704 2284 881 2343 voluntatem
905 2283 1049 2343 divinam?
1093 2283 1230 2345 MONA·

189 2368 307 2429 CHUS:
340 2371 406 2429 Nou
433 2371 487 2430 luit
514 2370 569 2429 Dei
598 2370 747 2446 voluntas,
776 2378 809 2428 ut
836 2370 917 2430 miles
940 2369 1055 2431 easdem
1079 2370 1231 2433 columbas

166 2458 321 2532 ,nutriret3
342 2474 401 2516 non
422 2463 519 2516 tamen
542 2463 642 2516 contra
662 2456 719 2522 Dei
740 2457 918 2516 voluntatem
942 2458 982 2515 ibi
1002 2475 1066 2525 esse
1087 2465 1231 2534 poterant.

187 2542 330 2603 Voluntas
357 2543 413 2603 Dei
443 2546 571 2618 potentia
600 2546 661 2603 eius
684 2550 734 2602 cst.
784 2541 868 2604 Unde
897 2546 925 2602 in
953 2543 1087 2603 Psalmo:
1119 2545 1231 2606 Onusta

192 2647 387 2706 quaecunque
414 2631 511 2689 voluit
543 2631 692 2690 Dominus
717 2631 787 2706 fecit
815 2632 948 2693 incocto
971 2635 1050 2690 ctio
1073 2638 1174 2706 tenu,
1204 2641 1231 2692 et

188 2722 282 2776 cetera
290 2713 321 2796 ²).
364 2716 454 2775 Putas
475 2716 540 2777 Deo
562 2718 691 2793 plaeere,
713 2735 778 2776 cum
800 2719 870 2791 nisi,
893 2720 1059 2793 accipitres,
1079 2735 1180 2794 grues,
1203 2727 1231 2780 et

187 2808 298 2863 ceterae
319 2802 482 2862 huiusmodi
503 2821 572 2863 aves
594 2803 632 2862 ad
653 2803 785 2862 levitates
806 2803 991 2863 nutriuntur?
1013 2801 1110 2863 Absit.
1154 2805 1230 2866 Pos-

98 2934 101 2938 .
186 2896 253 2948 suut
274 2897 371 2950 tamen
393 2889 521 2965 aliquae,
551 2897 653 2965 utputa
675 2893 831 2967 cyconiae,
851 2890 889 2949 ad
910 2894 1095 2951 necessitates
1119 2909 1138 2952 a
1162 2894 1230 2952 reli-

183 2978 274 3054 giosis
302 2979 416 3052 nutriri,
445 2979 506 3036 eive
535 2976 686 3055 hospitari,
714 2977 750 3038 de
780 2979 883 3056 quibus
908 2986 1024 3056 propter
1045 2982 1229 3046 occasionem

186 3063 353 3122 miraculum
375 3065 426 3122 tibi
448 3064 585 3122 recitabo.

520 3253 753 3316 CAPITULUM
780 3254 891 3314 LVIII.

184 3377 232 3434 De
260 3380 386 3454 cyconiie
414 3375 520 3451 quibos
542 3378 635 3436 Prior·
658 3376 851 3436 Cntcrcieou's
874 3376 1102 3438 benedictionem
1125 3379 1216 3440 dedit

249 3495 338 3574 Apud
368 3495 550 3573 cistercium,
579 3498 629 3556 ubi
652 3505 739 3572 caput
753 3505 798 3559 est
826 3471 931 3558 ordinis
952 3502 1056 3576 nostri,
1085 3500 1229 3581 plurimae

184 3583 330 3644 nidificant
354 3587 498 3662 cyconiae.
549 3583 636 3660 Quod
664 3584 729 3644 ideo
751 3603 770 3644 a
790 3586 924 3645 fratribus
945 3585 1084 3664 religiosis
1107 3593 1229 3665 permit·

185 3673 269 3746 titur,
298 3673 366 3747 quia
387 3688 437 3748 per
458 3670 521 3732 illas
542 3688 601 3730 nou
628 3671 721 3730 solum
748 3676 968 3748 monasterium,
997 3673 1049 3733 sed
1079 3680 1180 3737 omrria
1201 3681 1228 3734 in

202 3820 232 3889 t)
251 3819 309 3874 eor.
328 3821 358 3885 u,
378 3822 420 3887 12,
437 3822 462 3873 s.
483 3851 513 3861 -
533 3822 567 3890 a)
584 3821 647 3874 rear.
668 3823 726 3886 us,
746 3822 786 3874 u.
