2580 4316
426 271 484 330 DE
510 269 792 332 CONVERSIONE.
916 347 924 366 .
1069 279 1071 288 “
1088 271 1126 330 31

93 395 172 453 verbis
192 395 378 470 exprimeret.
427 393 488 469 Qui
511 393 626 452 consilio
648 396 842 469 acquiescens,
863 409 931 451 mox
953 399 986 452 ut
1008 408 1043 450 ex
1058 408 1129 452 con-

94 497 165 540 sensu
188 484 284 540 uxoris
316 499 352 540 se
383 483 465 540 inter
494 498 597 538 rnanus
624 479 748 539 Abbatis
775 480 911 555 reddidit,
947 479 1035 544 iacies
1068 479 1129 538 eius

93 570 170 644 coepit
188 570 338 626 immutari
363 575 396 628 et
418 567 634 642 quodammodo
657 566 777 642 alterari,
802 570 843 624 ita
866 573 897 624 ut
917 565 1011 640 pallor
1031 571 1128 626 verte·

91 661 155 712 retur
172 658 198 711 in
225 656 412 730 candorem,
449 661 479 713 et
509 654 586 712 color
612 654 716 712 liuidus
744 653 895 728 proficeret
921 655 949 710 in
978 653 1127 726 ruborem,

90 743 182 800 cunctis
205 744 255 816 qui
277 743 413 800 aderant
436 741 616 815 stupentibus
639 748 669 800 et
689 739 744 799 Dei
766 740 875 798 donum
896 741 925 797 in
957 738 1128 798 moribundo

89 828 250 886 mbantibus.
296 829 340 886 Et
363 835 400 886 ut
423 830 490 902 pius
512 827 652 887 Dominus
674 827 768 885 adhuc
789 827 966 885 manifestius
992 825 1128 885 osteude-

88 921 134 989 ret,
160 917 227 990 quia
254 921 386 989 propter
417 919 520 972 votum
542 915 647 972 ordinis
669 913 811 972 infirmum
833 912 1002 986 distulisset,
1033 914 1128 987 coepit

86 1001 150 1059 idem
175 1001 259 1059 miles
291 1005 361 1060 sine
393 1001 516 1074 sudore,
545 1003 604 1059 sine
634 1003 784 1076 sanguine,
817 1003 877 1058 sine
907 1001 1127 1072 sternutatione,

87 1093 171 1146 eoutm
191 1089 377 1147 infirmitatis
401 1093 545 1162 naturam,
567 1086 685 1146 celerius
697 1084 712 1168 ¹)
736 1087 945 1146 convalescere.
974 1085 1030 1161 Qui
1046 1082 1127 1164 non2)

85 1176 198 1250 ingratus
220 1175 381 1234 beneficiis
406 1175 528 1248 divinis,
561 1173 703 1248 deportari
724 1193 754 1234 se
776 1175 843 1232 fecit
864 1172 901 1230 ad
923 1175 1128 1231 monasterium

85 1269 209 1336 nostrum,
231 1265 263 1319 in
286 1279 352 1336 quo
377 1261 474 1319 faetus
495 1261 624 1320 novicius
647 1267 676 1319 et
696 1260 863 1333 monachus,
884 1276 942 1319 nou
956 1259 1047 1317 multo
1061 1265 1127 1334 poet

85 1351 205 1423 migravit
234 1348 276 1408 ad
307 1349 487 1406 Dominum.
538 1345 740 1407 NOVICIUS:
770 1347 850 1406 Sicut
883 1363 919 1404 ex
945 1347 1041 1405 verbis
1070 1347 1127 1406 tuis

85 1435 183 1511 colligo,
206 1438 308 1511 opinio
334 1442 392 1493 tua
413 1441 468 1508 est,
489 1433 630 1492 infirmum
652 1451 703 1509 per
722 1435 928 1510 poeniteutiam
945 1439 975 1491 et
984 1435 1127 1493 orationes

85 1520 135 1581 dies
155 1540 224 1583 suos
247 1539 345 1599 posse
369 1520 554 1598 prolongare.

426 1727 657 1788 CAPITULUM
677 1728 794 1789 XXVI.

107 1869 148 1928 Do
169 1887 203 1929 eo
227 1871 318 1947 quod
339 1871 430 1928 Deua
453 1868 616 1943 aliquando
639 1868 757 1944 differat
773 1874 959 1943 peccatorem
978 1875 1101 1944 propter

199 1957 202 1962 ’
254 1958 492 2034 poenitentium,
515 1961 543 2015 et
565 1957 729 2030 exemplem
750 1955 786 2013 de
807 1955 942 2014 Ezechiel.

140 2109 395 2171 MONAUHUS:
417 2110 483 2170 Non
504 2110 562 2170 hoc
584 2111 665 2186 dico;
688 2114 756 2187 quia
776 2129 834 2170 nou
856 2110 941 2169 credo
962 2111 1127 2185 quempiam

85 2212 160 2270 posse
181 2203 347 2259 terminum
369 2198 428 2257 sibi
448 2215 466 2256 a
487 2197 552 2256 Deo
575 2201 760 2257 constitutum
782 2197 953 2273 extendere,
974 2196 1027 2256 sed
1048 2213 1127 2256 mor-

85 2289 134 2342 tem
162 2286 348 2362 quandoque
375 2287 573 2343 imminentem
598 2285 729 2345 evadere.
774 2285 858 2361 Quod
887 2287 912 2344 si
939 2301 1041 2344 verum
1068 2301 1127 2344 non

86 2379 165 2448 esset,
192 2374 336 2432 Ecclesia
366 2369 511 2446 superflue
523 2367 544 2450 ³)
573 2389 625 2446 pro
657 2373 867 2431 infirmantibus
896 2378 999 2430 oraret.
1054 2369 1128 2430 eum

86 2461 165 2518 oratio
187 2467 300 2520 sancta
320 2464 454 2518 mortuos
476 2461 594 2517 suscitet
615 2459 652 2517 ad
674 2461 771 2534 vitam,
794 2476 922 2534 curnon,
944 2458 1127 2534 quodminus

87 2550 137 2619 est,
170 2547 324 2606 morituris
363 2545 494 2604 obtineat
527 2544 700 2605 castitatem?
743 2545 884 2604 Ezechiae
912 2546 1069 2621 poenitenti
1097 2551 1127 2604 et

87 2629 155 2690 flenti
174 2651 228 2708 per
249 2634 364 2692 Isaiam
387 2649 406 2690 a
426 2630 553 2691 Domino
576 2632 690 2690 dicitur:
712 2633 824 2692 Audiui
847 2636 1010 2691 orationem
1033 2639 1125 2703 tuom,

89 2723 111 2774 et
128 2721 188 2778 vidi
214 2723 364 2779 lacrumas
395 2726 481 2794 tuas,
514 2737 574 2778 ecce
603 2736 655 2793 epo
685 2720 824 2778 adiiciam
852 2737 941 2794 super
967 2720 1027 2777 dies
1059 2726 1125 2777 tuos

89 2807 245 2877 wodecim
270 2823 369 2864 annos
382 2799 415 2882 ⁸),
461 2805 553 2879 Super
583 2821 669 2880 quem
698 2806 794 2864 locum
821 2807 938 2882 Haymo
968 2808 1009 2864 sic
1042 2805 1123 2864 dicit:

89 2887 234 2952 Sciendum
256 2910 346 2967 vero,
381 2890 460 2966 quod
489 2893 562 2951 sicut
581 2893 760 2968 protoplasto
783 2897 865 2968 quasi
885 2894 939 2952 sub
961 2891 1125 2952 conditione

89 2975 179 3038 datum
201 2987 264 3054 est,
296 2986 328 3037 ut
350 2978 522 3036 immortalis
544 2985 633 3053 esset,
663 2982 686 3037 si
708 2980 821 3038 divinae
842 2982 961 3038 iussioni
982 2978 1126 3054 obediret,

89 3062 122 3121 ita
140 3069 168 3123 in
189 3057 459 3143 praedestinatione
481 3065 536 3123 Dei
559 3066 588 3123 hi
610 3083 725 3141 quoque
748 3069 815 3124 anni
836 3066 894 3125 dati
923 3071 990 3124 sunt
1017 3065 1071 3141 illi,
1100 3068 1125 3124 si

90 3150 245 3214 iunocenter
268 3155 372 3211 vivens
395 3153 510 3211 minime
532 3155 699 3235 superbiret.
742 3153 799 3227 Qui
828 3170 896 3212 vero
926 3159 1044 3227 propter
1072 3171 1125 3211 su-

90 3239 208 3309 perbiam
232 3241 377 3299 subtracti
398 3245 478 3312 sunt,
510 3245 626 3314 propter
657 3240 846 3298 humilitatem
863 3236 884 3318 ⁵)
905 3241 1028 3298 restituti
1049 3247 1124 3299 sunt.

91 3321 287 3387 NOVICIUS:
317 3324 435 3385 Vellem
457 3325 525 3382 mibi
546 3329 609 3401 ista,
632 3329 699 3401 quia
718 3326 861 3401 profunda
883 3332 962 3401 sunt,
995 3344 1031 3385 ex
1053 3329 1125 3385 scri·

91 3415 230 3482 ptururum
259 3413 434 3472 testimoniis
468 3416 593 3487 apertius
621 3415 751 3488 probari,
785 3416 853 3489 quia
888 3413 980 3472 nodus
1011 3413 1125 3473 divinae

92 3499 352 3568 praedestinationis
376 3497 471 3556 multis
492 3503 541 3558 via
561 3499 614 3557 luit
640 3502 751 3559 erroris.
794 3499 1028 3560 MoNAcHUS:
1061 3500 1125 3561 No·

93 3581 139 3642 dus
160 3585 272 3646 divim
294 3583 566 3662 praedestinationis
589 3587 657 3644 mihi
670 3604 787 3662 prorsus
800 3587 959 3646 insolubilis
970 3593 1023 3645 est.
1052 3586 1124 3663 Quis

110 3769 136 3837 1)
152 3773 292 3827 celerius
312 3769 368 3823 edd
384 3767 433 3823 Bo
451 3801 481 3810 -
500 3772 533 3840 2)
551 3771 592 3823 Bc
610 3772 727 3840 Neque.
747 3802 777 3812 -
801 3773 834 3842 3)
851 3771 872 3826 G
889 3772 1020 3824 frustra.
1040 3800 1072 3812 -
1091 3727 1125 3838 Ι4)

153 3841 201 3898 lsai.
220 3846 266 3910 38,
286 3846 313 3895 5.
326 3868 362 3879 -
383 3838 415 3905 5)
430 3839 448 3892 Ρ
464 3841 513 3893 edd
530 3843 656 3893 iterum.
