2580 4316
390 282 450 342 DE
475 281 757 344 CONTRITIONE.
1063 285 1100 344 67

90 403 183 462 dimittat
207 403 349 478 quodlibet
379 404 524 464 mortale.
565 405 767 466 NOVICIUS:
800 405 954 482 Quomodo
984 405 1039 465 hoc
1067 409 1104 466 sit

89 505 133 547 non
147 489 265 567 intelligo.
306 489 559 552 MONAGHUS:
587 491 737 568 Quaedam
759 499 825 552 sunt
846 491 985 566 venialia,
1007 491 1039 552 ut
1060 501 1104 553 est

88 577 165 634 nmine
183 578 294 636 allectus
315 585 482 654 parentum
507 581 580 639 circa
599 579 720 654 liberos,
750 579 786 640 de
814 581 919 655 quibus
946 595 1005 638 non
1032 596 1103 655 pos·

87 661 158 742 smt')
177 663 273 740 dolere,
294 682 351 724 nec
375 683 415 726 ea
437 672 565 742 possunt
585 666 736 741 dimittere,
757 675 786 726 et
806 666 912 727 idcirco
925 668 965 726 eis
977 667 1103 742 inprae-

86 752 141 807 senti
156 767 205 810 non
225 754 421 812 remittimtur.
469 752 532 812 Sed
552 753 687 828 quicquid
710 753 746 812 de
766 753 926 815 venialibus
936 753 996 828 fiat,
1016 753 1103 814 homo

84 835 181 910 pudens
201 837 236 898 de
256 839 435 900 mortalibus
459 846 563 900 caveat
574 837 608 920 ²),
638 841 707 915 quia
729 857 794 900 cum
814 857 867 916 per
887 857 920 900 se
940 841 1032 916 possit
1052 857 1104 901 ee-

84 922 145 997 dere,
169 942 221 984 non
243 932 342 985 tamen
364 944 421 1002 per
445 944 479 986 se
502 926 578 986 valet
599 944 756 1003 resurgere.
799 927 871 1004 Quis
893 929 956 1002 scit,
978 929 1003 986 si
1022 927 1104 988 Deus

82 1008 146 1084 lupm
162 1011 288 1088 dignetur
300 1011 321 1092 ³)
345 1016 503 1090 porrigere
523 1031 639 1073 manum
661 1012 868 1090 sublevantem,
889 1013 945 1072 hoc
963 1019 1016 1088 est,
1036 1032 1105 1090 gra-

82 1098 133 1154 dom
149 1098 376 1160 illuminantem?
425 1099 554 1176 Quidam
574 1101 689 1175 cadunt,
710 1109 742 1161 ut
755 1100 858 1176 Judas,
881 1107 910 1160 et
930 1117 988 1159 non
1009 1117 1105 1160 resur-

80 1189 145 1258 gunt;
163 1185 215 1260 alii,
235 1194 269 1245 ut
278 1188 398 1262 Petrus,
422 1185 542 1262 eadunt,
563 1193 592 1247 et
610 1187 711 1248 lortius
732 1193 892 1265 resurgunt
935 1187 1040 1247 Dicam
1052 1189 1105 1248 tibi

80 1270 106 1330 de
122 1270 160 1330 his
178 1275 345 1334 testimonia
367 1275 535 1349 verissima,
556 1281 584 1334 et
604 1279 686 1334 tanto
707 1275 759 1333 tibi
776 1293 839 1336 esse
853 1273 961 1335 debent
972 1278 1105 1352 gratima,

80 1364 165 1430 orento
185 1367 251 1420 sunt
270 1363 450 1422 recentiora.

433 1581 668 1646 CAPITULUM
690 1585 741 1645 VI.

128 1741 169 1799 De
188 1741 405 1802 ildebrando
430 1742 548 1800 latrone
569 1745 791 1817 impoenitente,
814 1749 842 1801 et
862 1760 960 1818 poena
982 1748 1042 1804 etus

480 1835 549 1902 poet
569 1835 702 1888 moram.

127 1983 267 2045 Recitavit
288 1985 365 2045 mihi
387 1985 477 2042 frater
491 1981 654 2044 Bernartius
675 1985 834 2046 monachus
855 1991 952 2045 noster
974 1985 1010 2045 de
1032 2002 1107 2061 quo-

79 2065 131 2126 dam
147 2070 271 2148 homine,
295 2072 397 2132 divitis
422 2071 570 2130 cuiusdam
581 2071 686 2146 villico,
708 2074 757 2147 qui
778 2074 902 2148 graviter
917 2073 986 2130 satis
998 2072 1108 2146 cecidit,

78 2161 174 2231 etpost
193 2159 313 2236 lapsum
335 2173 458 2234 surgere
478 2175 536 2216 non
557 2157 657 2217 voluit.
699 2157 738 2219 Idt
757 2158 823 2218 ideo
843 2159 915 2219 sorte
928 2175 986 2218 non
1007 2159 1108 2233 voluit,

78 2244 131 2314 quia
147 2263 204 2305 non
224 2249 335 2323 potuit.
380 2245 496 2304 Revera
516 2260 574 2303 non
595 2245 696 2320 potuit,
718 2247 785 2322 quia
806 2245 915 2305 donum
933 2247 1107 2305 contritionis

77 2328 99 2384 in
117 2332 195 2392 corde
215 2351 279 2392 non
299 2333 364 2391 fuit.
409 2331 521 2390 Nomen
542 2331 651 2391 homini
672 2331 901 2408 Hildebrandus,
922 2333 1055 2392 habitans
1076 2335 1106 2391 in

78 2413 132 2494 villu
151 2420 278 2495 quadam
299 2419 453 2479 Dioecesis
474 2417 673 2492 Traiectensis‚
695 2437 770 2495 quee
792 2419 892 2478 dicitur
909 2416 1105 2498 Holehoirnt).

78 2497 122 2561 Die
141 2508 267 2582 quadam
288 2507 397 2565 silvam
419 2523 485 2564 cum
506 2505 561 2565 alio
591 2505 717 2580 quodam
746 2509 864 2567 concive
893 2523 946 2566 suo
978 2509 1106 2579 intravit,

68 2603 157 2666 noem,
176 2593 319 2654 suadente
342 2591 476 2667 diabolo,
498 2609 570 2651 cum
585 2592 639 2652 soli
660 2599 770 2667 essent,
792 2593 903 2654 occidit.
946 2594 1072 2653 Fuerant
1084 2589 1105 2672 ⁵)

80 2673 216 2751 aliquunde
248 2683 324 2740 inter
353 2695 405 2738 eos
437 2681 617 2755 inimicitiam
649 2679 701 2738 sed
732 2687 801 2739 tunc
828 2683 964 2756 temporis
992 2683 1106 2756 penitus

80 2772 147 2823 erunt
166 2770 284 2843 sopitae.
329 2767 462 2826 Reverso
482 2765 680 2826 Hildebrando
701 2768 730 2824 in
751 2767 864 2839 villam,
891 2768 1107 2844 interrogabant

82 2863 136 2909 eun
155 2857 237 2914 amici
259 2856 357 2928 occisi,
379 2853 431 2910 ubi
452 2860 535 2912 esset.
579 2853 635 2930 Qui
657 2854 817 2930 respondit:
835 2855 949 2914 Nescio.
991 2855 1105 2929 Exspe-

82 2941 208 3000 centens
227 2941 283 3000 illis
306 2941 355 2999 die
376 2938 425 2998 illo
449 2946 477 2998 ct
497 2939 604 3015 altero,
638 2957 704 2999 cum
724 2957 782 2999 non
804 2941 909 3001 rediret
937 2936 1017 3020 qui⁶)
1046 2943 1105 2999 iem

82 3023 158 3085 redire
177 3045 232 3086 non
252 3029 357 3103 potuit,
379 3033 546 3102 suspectum
566 3026 705 3087 habentes
726 3029 784 3087 iam
806 3027 913 3087 dictum
930 3027 1105 3087 Hildebrsn·

84 3105 269 3190 dum'propter
290 3116 426 3188 antiquas
446 3115 614 3189 inimicitias,
637 3130 734 3174 coram
754 3115 847 3174 iudice
868 3115 897 3173 in
912 3131 1030 3174 causam
1043 3123 1105 3172 tro-
1193 3173 1197 3194 ι

85 3207 181 3274 xerunt,
211 3204 379 3276 crimenque
405 3199 549 3259 homicidii
576 3203 781 3277 imposuerunt.
831 3201 895 3278 Quo
923 3201 1022 3260 timide
1050 3217 1104 3260 ne-

85 3291 167 3360 gene,
193 3291 286 3364 coepit
318 3290 385 3361 ipsa
404 3286 490 3346 iacies
514 3285 612 3367 eum²)
635 3288 769 3362 prodere,
796 3295 912 3348 etcum
933 3288 1105 3348 instantibus
1190 3301 1192 3304 ·

85 3367 187 3432 llinian
200 3391 309 3452 negare
323 3391 383 3432 non
401 3379 506 3448 posset,
525 3375 671 3434 confessus
688 3381 732 3434 cst
746 3376 813 3449 quia
823 3375 968 3435 hominem
981 3375 1104 3434 occidis·

86 3463 125 3514 set.
143 3459 241 3520 Statim
254 3461 326 3520 data
338 3477 500 3534 supereum
511 3463 659 3536 sententia,
676 3478 787 3537 poenae
794 3458 817 3542 a)
831 3461 914 3522 rotali
925 3461 1104 3522 adiudicatus

101 3641 233 3707 illinon
250 3655 475 3713 possuntnon.
495 3648 578 3714 -·‚2)
596 3646 616 3699 G
634 3645 683 3698 add
707 3647 758 3700 vel
780 3648 938 3700 doleatr-
963 3647 1033 3714 3)c
1057 3648 1103 3700 di-

143 3723 254 3780 gnetur
271 3715 375 3781 lapso.
394 3745 424 3756 -
437 3717 470 3784 l)
489 3717 510 3768 1)
527 3716 689 3770 llolchom.
710 3746 740 3756 -
756 3718 787 3786 5)
805 3717 826 3770 G
843 3717 893 3770 add
910 3719 1000 3768 enim.
1021 3746 1051 3755 -
1071 3718 1103 3786 6)

145 3781 262 3851 llqnia;
288 3799 347 3836 mox
373 3783 473 3840 Giam
499 3801 560 3840 nen
585 3785 704 3840 redire.
725 3815 755 3827 -
782 3787 853 3854 7)G
878 3789 992 3854 ipsum.
1012 3815 1042 3832 «-
1071 3787 1104 3850 8)

146 3866 262 3916 poenae
280 3869 320 3906 om
337 3854 366 3906 D.
