2628 4310
189 241 253 300 mr
475 238 704 302 orsrmcmo
725 191 971 302 uuneonm'

192 367 258 420 runt
279 362 314 437 ei,
335 367 364 422 et
383 360 498 422 allocuti
519 369 587 422 sunt
608 363 748 423 dicentes:
769 361 872 423 Amice
894 367 925 422 tu
948 359 1019 437 quid
1040 357 1134 420 dicis?
1162 359 1230 420 Ple-

193 455 275 508 ceme
296 449 349 508 tibi
361 447 417 508 hec
431 451 494 510 vice
515 452 613 510 vcnhe
634 450 671 509 ad
692 448 767 509 noa?
788 450 827 509 Et
846 449 910 509 ille:
931 448 1128 509 Vehementer
1148 448 1230 523 cupio

194 533 325 609 dissolvi,
353 541 382 594 et
409 552 472 596 cese
499 553 565 596 cum
587 535 699 596 Christo
710 533 736 616 ¹).
786 536 825 595 Et
852 535 961 612 angeli:
996 535 1069 594 Esto
1097 541 1232 610 paratius,

193 622 312 697 expletis
324 623 524 697 praesentibus
539 625 676 700 exequiis,
695 625 791 684 statim
812 623 963 684 nobiscnm
983 622 1047 680 ibis.
1089 621 1144 682 Ille
1164 638 1232 698 pro·

191 710 272 768 missi
284 708 363 768 haud
374 708 477 769 dubius
490 712 614 786 superni,
634 710 794 771 futurorum
807 709 978 787 gaudiorum
992 710 1133 784 primitias
1140 705 1163 788 ²)
1178 711 1233 767 mm

193 795 279 854 corde
306 793 514 872 praesentiens,
545 796 639 856 laetos
672 804 701 856 et
727 797 825 856 hilaris
846 795 976 856 redeunti
995 795 1152 855 infirmario
1174 812 1234 855 rem

191 881 292 958 pandit
312 900 363 959 per
385 882 521 942 ordinem.
563 882 601 941 Et
622 882 742 944 adiecit:
770 883 894 944 sternite
915 889 1048 956 mattam,
1071 889 1101 941 ct
1122 881 1235 958 pulsato

191 969 336 1044 tabulam,
369 976 398 1028 et
426 986 500 1045 quiae
529 970 657 1044 paranda
686 977 753 1029 sunt
779 975 878 1046 parate
908 969 1042 1043 celerius,
1077 971 1138 1028 iam
1160 971 1235 1029 enim

190 1057 281 1116 itums
303 1074 367 1115 sum
388 1055 426 1114 ad
446 1056 614 1115 Dominum.
662 1056 748 1132 Quod
769 1059 810 1116 ita
829 1056 938 1117 sactum
960 1062 1011 1115 est.
1053 1055 1147 1115 Porro
1170 1058 1234 1132 qui·

192 1142 260 1202 dem
280 1143 408 1201 infirmus
429 1146 575 1218 proximus
596 1143 710 1202 iacebat
732 1145 773 1218 ei,
806 1149 835 1203 et
856 1145 938 1218 quasi
959 1144 1129 1218 contiguus,
1156 1145 1234 1203 tenui

189 1237 302 1289 tantum
328 1232 436 1305 pariete
465 1229 572 1288 divisus
601 1230 738 1305 abipso,
768 1232 817 1305 qui
837 1230 949 1289 audivit
969 1229 1087 1306 angelos
1111 1245 1182 1289 cum
1202 1247 1234 1290 eo

189 1315 354 1392 loquentes,
384 1319 433 1392 qui
460 1315 555 1376 adhuc
577 1315 936 1392 superessentialitatis,
966 1318 1046 1375 cuius
1067 1318 1233 1378 testimonio

189 1402 275 1463 fidem
296 1404 365 1463 facit
385 1405 446 1463 vita
466 1402 637 1470 laudabilia

558 1558 793 1622 CAPITULUM
813 1560 868 1622 VI·
933 1618 936 1626 .

189 1681 238 1740 De
252 1680 360 1740 Oberto
377 1697 517 1740 converso
530 1684 582 1756 qui
591 1683 721 1740 meriaco
742 1683 890 1742 coelestem
905 1681 1020 1741 audiuit
1033 1681 1232 1742 hemionion.

232 1801 302 1862 Erat
327 1804 356 1861 in
386 1802 488 1862 eadem
517 1802 618 1878 domo,
648 1801 779 1862 Claustro
808 1803 931 1878 scilicet,
957 1803 1048 1862 laicus
1074 1819 1232 1863 conversus

188 1892 303 1950 nomine
317 1888 451 1964 Obertus,
473 1891 653 1949 virmoribus
668 1895 793 1964 ornatus,
815 1895 845 1950 et
865 1892 977 1951 actione
999 1891 1232 1966 circumspectos,

189 1994 208 2036 a
227 1979 327 2052 primis
347 1976 557 2037 adolescentiae
565 1973 587 2055 ⁸)
610 1977 692 2036 annis
714 1976 877 2036 deserviens
898 1979 927 2035 in
949 1976 1063 2050 ordine,
1084 1976 1125 2035 ad
1146 1993 1231 2036 omne

188 2064 312 2123 iubentis
340 2065 489 2139 imperium
518 2063 614 2122 hilaris
644 2070 672 2122 et
700 2069 857 2139 promptus.
900 2062 957 2122 Hic
978 2055 1089 2143 aunis⁴)
1121 2064 1232 2124 circiter

187 2152 302 2226 triginta
329 2169 393 2210 cum
422 2151 556 2210 iratribus
583 2149 701 2208 infirmis
728 2156 788 2208 tam
816 2149 953 2209 devotum
982 2167 1069 2225 quam
1096 2149 1231 2210 sedulum

188 2236 363 2296 exhibuisset
385 2237 563 2312 obsequium,
583 2238 645 2312 ipsc
666 2252 782 2312 quoque
804 2236 917 2296 diversa
940 2238 1065 2312 corporis
1085 2238 1231 2313 inaequa-

188 2323 268 2382 litate
284 2332 431 2399 corrcptus
454 2330 506 2398 cst,
528 2325 597 2383 etin
611 2326 723 2400 magnis
737 2323 884 2383 laboribus
895 2326 1082 2400 supervivens
1092 2319 1124 2402 ⁵),
1145 2327 1230 2383 annis

188 2413 271 2486 quasi
291 2413 400 2486 viginti,
421 2411 538 2487 longum
560 2409 693 2470 trahebat
714 2412 890 2487 martyrium.
932 2411 1141 2470 Verumtamen
1165 2410 1231 2470 licet

188 2513 305 2572 corpore
319 2496 470 2571 invalidus,
491 2499 578 2555 animi
590 2497 770 2572 providentie
786 2513 844 2556 uon
866 2495 963 2556 deerat
983 2497 1103 2556 fratrum
1125 2513 1230 2557 neces·

185 2584 332 2659 sitatibus,
360 2584 514 2660 prudenter
534 2583 688 2660 disponens
709 2586 813 2643 omnia.
855 2583 986 2642 Tandem
1007 2584 1128 2642 obortae
1148 2601 1230 2644 mor·

186 2670 303 2730 talitatis
320 2678 438 2748 urgente
459 2671 593 2746 procelle,
614 2677 643 2729 ct
663 2670 801 2746 languore
821 2670 1022 2744 invalescente,
1044 2669 1120 2729 diem
1142 2688 1229 2730 auum

168 2757 316 2842 ‘iunctum
344 2760 406 2817 vita
433 2757 519 2816 simul
548 2764 577 2817 et
605 2757 750 2817 doloribus
779 2762 893 2834 ereptus
926 2764 978 2816 cat.
1027 2756 1121 2816 Nocte
1150 2758 1230 2818 beati

188 2844 335 2921 Stephani,
357 2861 431 2920 quae
452 2846 583 2921 proxima
604 2851 647 2904 cst
667 2843 763 2904 Natali
780 2843 904 2919 Domini,
925 2843 1039 2920 pulsata
1061 2849 1106 2902 est
1127 2845 1228 2906 tabula

186 2931 383 2991 defunctorum
404 2949 456 3007 pro
479 2947 527 3006 co,
550 2937 579 2990 et
599 2938 748 3007 surgentes
765 2930 944 3005 festinanter,
965 2929 1146 2990 advenerunt
1167 2932 1226 2992 ira-

185 3026 252 3094 tres,
273 3020 448 3078 orationibus
469 3019 628 3078 munientes
648 3018 741 3077 fratris
770 3019 885 3077 exitum.
927 3016 1053 3076 Jacchat
1073 3024 1175 3076 autem
1195 3027 1226 3078 ut

95 3137 98 3142 ·
184 3107 271 3164 moris
293 3111 337 3165 est
356 3109 466 3181 positus
488 3122 574 3181 super
604 3111 741 3184 mattam,
773 3110 930 3163 extremum
947 3103 1062 3164 trahens
1083 3107 1225 3181 spiritum.

184 3191 271 3252 Dicta
294 3192 400 3251 letania
421 3209 486 3251 cum
508 3192 603 3252 adhuc
624 3191 732 3266 aliquid
752 3192 917 3266 spiramenti
937 3207 1086 3266 superesse
1108 3192 1224 3252 videre-

185 3285 239 3352 tur,
252 3281 357 3354 incepti
378 3285 444 3337 stud
464 3285 574 3355 septem
595 3277 712 3338 Psalmi.
753 3278 832 3337 Inter
846 3277 1004 3352 dicendum,
1025 3283 1166 3354 tanquam
1190 3279 1224 3340 de

185 3365 240 3425 levi
263 3382 363 3424 somno
386 3367 541 3441 excitatns,
568 3366 685 3439 reuixit,
707 3366 906 3426 circumferens
928 3365 1035 3440 oculos,
1056 3371 1085 3423 ct
1105 3366 1223 3427 iubente

184 3451 301 3512 Abbate
335 3453 475 3528 repositus
512 3459 556 3512 est
589 3453 617 3510 in
649 3450 757 3512 lectum
788 3469 887 3527 suum,
920 3458 950 3510 ct
976 3453 1083 3510 reversi
1115 3469 1223 3513 sumus.

184 3539 308 3616 Quidam
337 3547 433 3599 autem
454 3541 495 3599 rei
516 3541 643 3598 novitate
664 3539 787 3615 perculsi
796 3533 830 3618 ⁶),
859 3543 1024 3597 manserunt
1045 3538 1122 3598 circa
1144 3558 1223 3616 eum,

181 3633 379 3702 exspectantes
397 3625 488 3686 donec
509 3623 722 3687 convalesceret
743 3627 857 3702 spiritus
872 3627 941 3699 eius,
964 3627 1111 3700 cupientes
1126 3628 1223 3688 audire

202 3744 233 3812 1)
252 3743 357 3811 Philipp.
378 3744 408 3807 i,
425 3743 468 3796 23.
492 3773 524 3782 —
543 3743 576 3832 2)
594 3742 616 3796 B
635 3741 784 3826 deliciae.
803 3770 835 3782 -
855 3743 887 3810 ³)
905 3740 948 3795 CF
966 3741 1015 3792 edd
1034 3757 1121 3793 suae.
1140 3771 1171 3827 ‘'.'
1191 3745 1222 3812 t)

252 3813 274 3869 Β
293 3829 402 3867 annos.
423 3841 453 3852 -
474 3811 563 3882 5th
587 3827 715 3880 semper
732 3828 856 3866 vivens.
877 3839 908 3854 -
928 3812 960 3881 6)
978 3811 999 3866 C
1018 3827 1177 3880 percussi.
