2594 4302
387 238 442 300 DE
466 237 649 302 CORPORE
672 237 839 300 CHRISTI.
1085 235 1144 296 181

448 429 681 492 CAPITULUM
702 429 806 491 XXII.

136 553 186 613 De
207 553 358 628 corporali
378 559 565 612 nocumento
586 551 696 628 influo,
718 549 801 627 quid
824 550 907 610 ablui
926 567 989 610 non
1004 553 1115 626 potuit,

315 639 407 700 donec
428 641 543 699 inclusa
565 639 704 698 dubitans
725 639 801 698 illud
822 639 940 698 videret.
986 719 988 724 Ι

170 759 313 820 Sacerdos
346 760 463 838 quidum
497 763 527 818 in
561 760 696 822 Dioeoosi
731 760 908 838 Coloniensi,
943 759 1069 835 quadam
1101 759 1147 822 die

20 847 34 878 ¹
105 849 225 908 missam
247 848 404 923 celebrans,
426 851 502 908 iusto
524 848 581 908 Dei
602 848 706 908 indicio
730 848 848 908 calicem
870 865 936 906 oum
958 849 1148 923 sanguinein

105 951 217 996 canone
249 935 324 996 ludit
350 952 436 1012 super
458 935 616 1012 corporale.
649 934 748 1011 ,Quod
776 936 872 994 statim
900 933 1018 992 humani
1040 936 1148 996 cruoris

90 1024 240 1099 'concepit
269 1023 400 1083 sormam.
443 1021 574 1098 Cumque
595 1023 673 1082 dicta
693 1024 782 1084 missa
803 1021 937 1082 sacerdos
959 1022 1043 1080 nimis
1064 1025 1147 1094 moe-

104 1125 171 1170 rens
199 1125 286 1186 super
315 1109 435 1170 calicem
461 1109 534 1169 illud
562 1110 688 1170 crebrius
716 1109 850 1184 levisset,
878 1109 1001 1168 rubeum
1023 1108 1148 1170 colorem

105 1195 224 1256 abluere
244 1213 303 1256 non
324 1198 427 1273 potuit.
469 1196 552 1256 Tunc
573 1197 696 1274 amplius
711 1198 838 1270 territus,
855 1197 998 1274 orationes
1015 1196 1148 1258 omnibus

104 1285 165 1362 suis
178 1283 360 1360 parochianis
373 1284 503 1358 instituit,
519 1283 669 1360 corporale
681 1283 761 1358 levit,
784 1282 908 1343 sednon
921 1283 1049 1358 proiecit.
1081 1282 1147 1359 Quo
1182 1320 1188 1340 .

104 1371 168 1430 viso
189 1369 294 1432 tollens
315 1387 414 1431 secum
435 1387 549 1430 sacrum
557 1366 579 1450 ²)
600 1371 756 1446 lintheum,
779 1369 966 1446 Rudolphum
987 1369 1148 1432 Scholasti-

106 1473 173 1518 cum
196 1456 404 1532 coloniensem,
425 1459 519 1518 virum
540 1459 637 1534 magni
649 1460 772 1517 nominis
793 1459 951 1531 accersivit,
974 1474 1073 1517 casum
1094 1473 1147 1518 ex·

106 1546 216 1620 posuit,
249 1544 396 1622 corporale
425 1544 565 1619 ostendit,
597 1551 627 1604 et
658 1545 736 1626 quod
763 1543 849 1610 nullo¹
870 1544 981 1620 liquore
1002 1544 1081 1605 color
1099 1545 1149 1606 ille

106 1633 280 1708 sanguineus
301 1630 390 1706 ablui,
411 1631 546 1707 nullaque
566 1633 702 1692 artesive
720 1633 848 1691 oratione
863 1637 961 1707 posset
975 1630 1062 1692 deleri
1075 1649 1148 1692 con·

106 1724 228 1778 testatus
251 1725 302 1778 est
347 1718 401 1777 Cui
421 1717 469 1777 ille
490 1721 565 1777 sicut
585 1720 630 1777 vir
649 1713 776 1794 prudens
797 1718 956 1792 respondit:
982 1718 1071 1778 Estne
1092 1719 1156 1778 uli·-

106 1808 171 1880 quis
192 1807 221 1864 in
242 1805 380 1881 parochia
397 1812 500 1878 vestra,
522 1806 572 1880 qui
593 1804 629 1866 de
650 1804 706 1864 hoc
720 1812 899 1864 sacramento
922 1803 1053 1865 dubitet?
1085 1807 1148 1876 Re·

106 1891 222 1968 spondit
243 1893 391 1952 sacerdos:
412 1892 466 1950 Est
488 1891 632 1967 quaedem
652 1890 778 1967 inclusa,
803 1908 877 1966 quae
897 1891 1061 1967 frequenter
1080 1892 1148 1953 inde

107 1979 228 2039 dubitat
270 1977 312 2040 At
339 1978 402 2040 ille:
433 1977 583 2039 Ostendite
611 1978 664 2054 illi,
694 1977 767 2038 forte
795 1977 901 2037 idcirco
922 1977 1006 2056 Deus
1026 1981 1149 2058 vestigia

106 2068 253 2144 sanguinis
273 2067 303 2140 in
324 2066 381 2128 hoc
404 2065 542 2142 corporali
565 2064 652 2127 deleri
672 2081 739 2140 non
752 2067 830 2139 sinit,
852 2071 993 2141 quatenus
1016 2067 1056 2126 eis
1078 2068 1148 2127 visis

64 2201 66 2204 .
104 2152 153 2212 illa
183 2155 212 2212 in
241 2153 298 2212 fide
327 2154 485 2214 roboretur.
535 2149 622 2229 Quod
652 2169 718 2212 curn
744 2151 852 2212 factum
881 2152 996 2230 suisset,
1028 2154 1144 2229 expavit

104 2240 206 2300 mulier
227 2246 255 2300 et
276 2240 404 2316 credidit,
426 2246 455 2300 et
467 2239 550 2299 Deus
571 2241 668 2300 statim
681 2240 831 2316 pristinum
849 2239 974 2300 colorem
994 2241 1024 2298 in
1037 2239 1146 2300 lintheo

102 2329 276 2389 reformavit

424 2519 658 2586 ominosum
684 2518 805 2580 xxm.
887 2504 889 2516 ’

101 2644 178 2722 Item
200 2643 236 2704 de
249 2644 400 2720 cooporali
421 2643 530 2720 infuso,
552 2646 585 2702 in
607 2659 667 2722 quo
688 2643 811 2718 sanguis
824 2642 975 2702 humanus
995 2619 1145 2718 oppam

168 2781 274 2842 Similis
305 2799 389 2842 casus
418 2784 537 2858 contigit
562 2783 643 2842 iuxta
651 2776 672 2862 ³)
701 2793 772 2856 nos,
799 2780 855 2841 dne
885 2786 982 2842 tamen
1010 2779 1146 2840 dissimili.

104 2869 177 2928 Cum
199 2867 334 2929 sacerdos
362 2867 480 2943 quidam
500 2871 530 2926 in
552 2869 689 2943 ecclesia,
718 2870 799 2928 cuius
820 2885 926 2928 nomen
947 2867 1053 2927 excidit
1072 2869 1148 2928 sicut

105 2961 137 3016 et
156 2953 322 3030 sacerdotis,
342 2956 460 3016 missam
473 2955 639 3015 festinanter
659 2963 689 3014 et
701 2956 877 3032 negligenter
893 2954 1008 3030 diceret,
1029 2953 1149 3014 calicem

103 3041 185 3102 rudit.
228 3041 345 3100 Timens
366 3057 435 3101 vero
456 3058 509 3118 pro
532 3047 611 3102 tanta
633 3041 806 3118 negligentia
827 3045 852 3102 si
872 3042 911 3102 ad
931 3058 1016 3102 aures
1032 3039 1148 3117 praela·

103 3136 200 3189 torum
232 3126 391 3202 deveniret,
426 3127 531 3187 diutim
553 3128 590 3187 ab
624 3128 721 3188 altaris
749 3129 842 3189 officio
865 3128 1015 3205 suspendi,
1048 3143 1148 3188 casum

89 3217 280 3293 suppressit,
317 3213 451 3291 dictaque
486 3217 575 3274 missa
610 3213 759 3291 corporale
791 3215 973 3292 complicavit
1005 3221 1035 3274 et
1070 3214 1149 3275 abiit.

100 3302 286 3364 Aestimubat
318 3304 393 3361 onim
429 3303 497 3378 quia
524 3317 609 3362 nemo
636 3301 765 3362 vidisset
814 3301 886 3362 Erat
914 3306 990 3364 enim
1015 3300 1149 3363 sacerdos

98 3392 147 3452 illc
170 3396 200 3452 et
220 3389 293 3450 sorte
314 3388 410 3449 adhuc
432 3395 477 3449 est
497 3388 590 3449 malae
611 3392 697 3464 vitae,
719 3398 815 3466 vagus
834 3396 863 3449 et
883 3389 1030 3467 negligens
1055 3387 1150 3450 valde.

99 3479 308 3556 Gampanarins
340 3492 427 3535 vero·
444 3492 529 3553 quem
561 3476 735 3554 negligentia
766 3479 883 3536 minime
910 3476 1048 3559 latuerat,
1078 3480 1145 3553 post

97 3562 442 3627 discessum‘saoerdotis
471 3563 618 3640 corporale
644 3562 782 3640 revolvit;
816 3574 846 3625 et
866 3580 934 3625 ecce
955 3565 1072 3641 sanguis
1092 3580 1143 3623 ru·

117 3751 150 3822 i)
166 3751 185 3804 P
203 3751 296 3821 quod.
310 3779 340 3791 -
356 3750 443 3820 2)Αο
461 3749 584 3803 tollens
602 3765 741 3815 sucrum,
758 3747 778 3802 B
797 3747 921 3801 tollens
939 3705 1053 3801 secun.
1066 3776 1096 3788 -
1111 3747 1144 3816 3)

167 3821 190 3876 B
208 3824 311 3888 circa,
328 3820 392 3874 niti
410 3820 501 3890 apud.
