2654 4308
169 207 208 264 es
242 185 247 191 '
434 179 438 188 ’
480 201 707 284 msrmcmo
731 201 896 263 conara

170 327 283 400 derans,
309 325 365 384 hoc
387 330 420 383 ut
441 321 521 384 fieret
541 326 674 400 precibus
695 327 828 385 instabat.
872 324 942 384 Erat
964 325 1038 384 enim
1060 329 1120 383 tam
1140 339 1207 399 per-

167 413 259 472 fectae
281 413 368 484 vitae,
388 417 421 470 ut
441 430 500 471 non
514 413 654 471 immerito
676 412 745 471 talia
764 416 967 488 praesumeret,
989 417 1017 470 et
1030 427 1061 470 sc
1084 410 1208 470 exaudiri

168 503 303 575 speraret.
345 496 402 557 Dic
430 498 556 573 quadam
586 516 651 558 cum
681 498 758 558 dieta
787 501 874 557 missa
896 491 975 574 ipsa,
1003 495 1110 573 populo
1134 497 1209 556 omni

170 601 299 663 egresso,
328 583 439 643 soloin
461 584 583 644 ecclesia
604 601 713 643 moram
735 585 858 659 faceret,
889 592 917 644 et
940 591 1052 659 oraret,
1074 583 1209 642 infantem

170 673 253 748 quasi
280 673 419 730 triennem
446 674 522 730 eirca
550 670 639 730 altare
662 671 892 748 deambulantem
916 674 1078 747 conspexit,
1107 676 1210 746 putans
1292 703 1293 706 =

170 777 190 818 a
217 764 308 819 matre
336 759 415 818 illum
444 758 551 818 ibidem
577 758 748 835 neglectum.
791 758 863 817 Erat
884 760 958 817 enim
981 764 1040 816 tam
1058 753 1073 837 ¹)
1097 758 1210 833 specio-

170 847 313 924 sissimus,
343 851 371 904 et
399 851 497 904 tantae
525 847 634 922 gratiae
656 844 752 904 vultus
775 845 851 922 eius,
883 850 924 903 ut
946 847 975 903 in
996 844 1070 904 illius
1092 849 1212 919 aspectu

171 932 313 992 delectata
341 930 379 990 ad
407 949 439 992 se
467 938 585 991 vocaret
612 938 640 990 et
660 932 793 991 manibus
817 930 1006 1007 demulceret,
1035 934 1076 990 sic
1099 930 1211 990 dicens:

171 1017 228 1079 Dic
255 1018 325 1077 mibi
345 1017 422 1078 bono
442 1018 576 1095 pucrule,
608 1019 659 1077 ubi
680 1024 724 1078 cst
745 1024 836 1078 mater
857 1017 928 1077 tua?
972 1017 1119 1094 Quidum
1142 1015 1212 1076 nihil

172 1107 199 1166 ci
226 1104 425 1181 responderet,
456 1107 611 1165 aestimans
632 1104 682 1163 illa
710 1110 810 1180 utpote
831 1104 968 1164 infantem
997 1121 1064 1164 eum
1085 1104 1213 1163 nondum

129 1231 133 1247 .
171 1209 257 1269 posse
287 1193 354 1267 lari,
382 1193 541 1251 subiunxit:
570 1192 651 1250 Nosti
674 1191 767 1250 dicere
789 1191 877 1252 Pater
897 1197 993 1251 noster
1014 1190 1118 1260 tuum?
1165 1189 1213 1250 Ad

173 1278 251 1357 quod
281 1278 349 1338 dum
376 1293 435 1337 non
456 1277 641 1353 responderet
662 1284 694 1336 ut
713 1280 808 1354 prius,
838 1278 963 1338 adiecitr·
985 1277 1041 1338 Die
1063 1283 1131 1353 post
1152 1294 1214 1351 mc,

173 1367 237 1426 Ave
258 1365 361 1424 Morio
389 1369 490 1441 pratia
512 1366 620 1440 plena,
651 1365 801 1424 Dominus
831 1371 935 1424 tecum.
982 1365 1021 1423 Et
1050 1364 1119 1423 dixit
1150 1372 1216 1442 post

174 1449 238 1514 carn
259 1451 414 1511 infantulus
437 1451 538 1512 eadem
560 1452 650 1510 verba
670 1457 730 1509 tam
747 1450 872 1511 hilariter
895 1459 923 1510 et
944 1457 1004 1510 tam
1021 1451 1163 1527 distincte,
1185 1459 1216 1509 ut

158 1539 222 1604 „illa
242 1541 399 1597 miraretur.
442 1537 575 1598 Similiter
595 1538 702 1597 factum
725 1544 769 1598 est
790 1536 825 1597 dc
848 1537 977 1598 clausula
998 1538 1135 1614 secunda,
1158 1540 1214 1598 sci·
1292 1585 1293 1590 1

173 1619 258 1700 licet,
275 1625 436 1684 Benedicta
459 1632 492 1684 to
513 1628 546 1683 io
567 1624 744 1708 mutieribus.
789 1623 862 1683 Cum
882 1641 951 1684 vero
974 1627 1000 1684 ei
1021 1625 1214 1701 praediceret:
1292 1667 1293 1684 .

175 1713 216 1772 m
237 1712 402 1771 benedictus
422 1711 541 1788 fructos
562 1715 671 1770 ventrio
693 1715 752 1784 toi,
782 1713 868 1771 totius
889 1711 1056 1771 humilitatis
1077 1713 1215 1789 magister

175 1817 229 1859 sua
240 1801 423 1875 inspiratione
445 1801 537 1880 sciens
558 1799 708 1873 scriptum:
730 1799 800 1856 Non
823 1805 850 1858 te
871 1799 973 1857 tondet
995 1817 1027 1857 cc
1050 1806 1146 1880 tamn,
1168 1799 1218 1858 aed
1292 1797 1293 1816 ³

175 1887 306 1945 alienum
314 1882 347 1963 ²),
361 1885 482 1945 candem
494 1883 651 1944 clausulam
662 1884 756 1944 dicere
770 1885 868 1960 noluit,
881 1884 932 1944 scd
946 1902 1014 1956 mox
1026 1885 1075 1944 illa
1088 1887 1217 1945 intuente

176 1989 227 2049 per
249 1978 394 2032 ostensam
415 1972 536 2031 sormam
558 1971 653 2030 coelos
674 1973 842 2047 penetravit.
886 1971 968 2030 Tunc
989 1974 1112 2048 primum
1134 1975 1215 2049 virgo

177 2058 346 2119 venerabilis
368 2075 399 2118 se
422 2057 584 2123 exauditam
606 2057 779 2134 intelligens,
800 2061 906 2134 gratias
929 2061 987 2134 egit
1010 2057 1140 2133 Christo,
1169 2060 1216 2135 qui

73 2181 75 2187 =
176 2153 236 2206 tam
259 2145 386 2205 celeriter
406 2141 563 2224 implerit³)
586 2145 756 2204 desiderium
779 2163 863 2204 suurn
885 2162 920 2204 ex
942 2148 1105 2221 semetipso.
1150 2146 1216 2222 Ipse

177 2250 277 2294 revera
291 2231 432 2291 Dominus
443 2231 530 2291 Jesus
552 2237 596 2290 est
608 2232 715 2290 boetus
736 2231 783 2289 illc
797 2231 973 2307 benedictus,
995 2232 1031 2292 de
1053 2248 1110 2307 quc
1125 2232 1217 2292 Isaiae

177 2321 294 2380 cecinit:
316 2319 357 2378 Et
372 2323 426 2378 erit
437 2318 555 2395 ferretus
571 2326 667 2377 imeae
680 2315 851 2396 sublimtsss.
882 2319 1006 2378 Fructus
1020 2324 1121 2394 terrae,
1143 2319 1217 2378 iilius

177 2406 296 2465 Mariae.
327 2405 517 2478 Benedicent,
534 2407 627 2479 inquit
640 2404 801 2479 Psalmista,
818 2406 947 2464 Domine
962 2413 1073 2465 terram
1091 2413 1177 2466 trram
1187 2403 1217 2478 ⁶).

178 2493 244 2552 Non
271 2494 366 2568 potuit
393 2488 558 2570 gingnere⁶)
589 2498 664 2550 terra
690 2489 842 2550 benedicta
867 2494 922 2550 nisi
950 2493 1073 2552 fructum
1094 2493 1217 2552 benedi-

179 2585 266 2640 ctum.
298 2577 501 2640 NOVICIUS:
522 2579 651 2654 Dignum
668 2578 737 2636 mibi
757 2585 827 2637 nota
840 2579 961 2653 videtur,
983 2578 1060 2654 quod
1073 2581 1217 2638 Dominus

179 2668 336 2726 orationem
362 2682 411 2725 ore
438 2667 552 2741 proprio
566 2662 586 2744 ¹)
616 2665 721 2724 editam
750 2667 870 2724 recitare
891 2667 999 2741 renuit,
1028 2672 1056 2726 ct
1076 2669 1106 2724 in
1128 2667 1217 2726 verba

180 2754 284 2829 quibus
315 2758 435 2812 matrem
464 2751 629 2812 beatificare
657 2751 808 2811 ridebatur
837 2769 904 2810 mox
934 2755 1034 2828 erupit.
1067 2749 1216 2812 ‘Moun-

163 2838 301 2901 ‘CHU82
326 2838 497 2915 Exemplum
518 2839 601 2897 nobis
624 2837 715 2914 dedit,
745 2845 777 2897 ut
798 2844 828 2898 et
848 2841 889 2897 ita
908 2839 1056 2898 faciamus.
1099 2839 1217 2899 Sermo-

179 2945 246 2986 nem
277 2928 336 2986 iam
367 2927 397 2984 in
428 2925 546 3002 longum
572 2928 763 3001 protraximus
795 2931 855 2985 tam
883 2927 912 2984 in
940 2927 1083 3001 praesenti
1116 2926 1217 2985 distin-

181 3016 275 3074 ctione
297 3030 383 3088 quam
404 3014 433 3070 in
461 3012 699 3089 praecedentibus
729 3011 765 3071 de
798 3008 1054 3092 apparitiombus⁶)
1084 3013 1217 3072 infantiae

108 3166 110 3170 ,
181 3099 351 3176 Salvatoris3
380 3101 424 3159 vis
450 3117 526 3158 nunc
553 3099 664 3174 aliquas
685 3098 782 3158 audire
790 3095 811 3178 ⁹)
834 3116 869 3158 ex
888 3097 943 3158 illis
964 3100 1122 3159 visionibus
1151 3101 1216 3186 qui-

180 3188 237 3246 bus
268 3203 299 3260 sc
332 3185 481 3246 ostendere
514 3183 647 3263 dignetur
678 3187 737 3245 suis
765 3188 864 3246 amicis
891 3188 921 3244 in
949 3190 1043 3246 aetate
1069 3184 1217 3262 perfecta?

181 3272 384 3333 NOVICIUS:
413 3272 489 3332 Volo
518 3279 547 3332 et
575 3271 721 3347 desidero,
753 3278 783 3332 et
810 3275 934 3332 maxime
961 3278 1058 3336 tamen
1087 3271 1124 3332 de
1144 3271 1218 3332 illins

182 3363 324 3437 passione.
366 3357 857 3421 monaciffl8213enem0vens.
900 3359 1000 3430 Passio
1023 3360 1098 3419 enim
1114 3359 1218 3420 Domi-

202 3564 233 3632 i)
251 3572 314 3616 tam
339 3561 388 3614 edd
406 3563 459 3616 Ab.
480 3593 510 3603 -
530 3564 561 3632 2]
580 3531 699 3616 Proverb.
717 3563 760 3627 27,
777 3563 802 3615 2.
821 3593 854 3603 -
872 3563 904 3628 3)
922 3562 942 3616 li
967 3533 1166 3631 adimplevit.
1187 3591 1216 3601 -

252 3633 285 3698 l)
303 3633 358 3684 lsai.
377 3633 409 3697 4,
432 3634 457 3685 2.
477 3663 507 3674 -
528 3635 560 3702 5)
577 3633 641 3685 Psal.
660 3635 709 3697 84,
728 3634 752 3685 2.
772 3663 803 3673 -
822 3634 855 3701 6)
872 3632 956 3687 ABG?
972 3635 1117 3702 gignere.
1136 3661 1166 3673 —
1187 3632 1218 3698 7)

254 3701 452 3840 ffiqplraosprio
475 3718 539 3755 ore.
560 3733 589 3744 —
610 3703 642 3772 Β)
660 3703 678 3754 Ρ
702 3705 917 3771 apparitione.
936 3733 968 3744 -
987 3703 1018 3771 9)
1037 3701 1079 3755 ΒΙ)
1107 3701 1217 3755 andire
