2654 4308
396 277 451 339 DE
472 277 656 341 DIVERSIS
677 278 913 348 VTSIONIBUS.
1124 283 1182 338 127

474 469 708 538 CAPITULUM
735 469 815 530 LIV.
824 465 855 550 ⁴⁶)

143 660 146 664 A
208 590 257 651 De
278 590 364 652 dente
384 591 512 651 eiusdem
533 595 586 668 poi
607 598 648 651 eet
669 591 755 667 opud
772 608 835 664 nos,
859 598 887 651 et
908 591 944 650 de
964 588 1124 650 virtutibus

533 696 588 754 per
609 697 676 742 eam
696 677 794 754 foetis.

207 797 262 858 Est
275 797 353 874 apud
363 815 417 860 nos
432 799 503 872 dens
520 799 635 860 molaria
658 805 687 858 et
701 817 822 876 magnus
844 798 972 859 eiusdem
985 799 1184 859 Praecursoris

140 884 269 961 Domini,
288 887 342 944 tria
357 885 468 947 habens
489 903 612 963 comua3
634 883 682 962 oui
704 887 826 962 qualiter
847 885 885 946 ad
906 903 958 946 nos
981 884 1134 961 devenerit,
1155 893 1184 946 et

55 983 60 990 ·
142 971 212 1048 quid
245 989 297 1049 per
324 971 405 1032 illum
436 971 515 1049 apud
542 990 597 1033 noa
626 980 760 1051 operatus
788 975 825 1033 ait
845 972 1002 1047 Dominus,
1037 972 1088 1030 tibi
1109 975 1184 1033 reei-

141 1059 221 1119 tabo.
265 1058 395 1136 Cumque
422 1066 539 1120 sasima
565 1060 666 1119 finisset
693 1062 794 1120 civitas
822 1057 1137 1134 Comtantinopolitana
1164 1077 1185 1120 a

113 1179 115 1187 ·
141 1141 228 1206 ornae
249 1147 381 1223 signatis,
411 1153 442 1206 et
462 1146 566 1208 diversi
587 1146 701 1216 diuersa
722 1146 917 1222 diripuissent,
937 1146 1081 1205 Henrieus
1101 1145 1183 1205 milas

141 1231 179 1292 de
200 1230 284 1292 Ulme
305 1234 378 1292 inter
398 1232 532 1309 reliquias
554 1234 772 1310 pretiosissimas
794 1235 880 1293 etiam
900 1235 959 1292 iarn
981 1232 1089 1292 dietum
1110 1231 1184 1292 den·

141 1325 201 1378 tem
222 1321 313 1378 saneti
326 1317 468 1379 Johannis
488 1319 553 1379 tulit
574 1320 752 1380 deecclesia
772 1326 889 1380 sanotae
910 1319 1045 1395 Sophiae.
1088 1318 1183 1395 Quem

141 1407 300 1482 repatrians
320 1407 351 1464 in
371 1412 483 1466 tantum
505 1406 611 1481 dilexit,
631 1409 713 1466 utin
735 1412 829 1467 castro
851 1422 904 1467 suo
926 1407 1079 1466 oratorium
1100 1405 1183 1466 aedi-

140 1491 254 1567 ficaret,
281 1492 321 1551 ibi
343 1509 409 1553 eum
431 1493 554 1554 oondere
575 1492 676 1553 volens
696 1496 726 1551 in
747 1493 839 1554 altari.
882 1492 976 1570 Quem
999 1494 1025 1552 ei
1045 1509 1182 1569 germana

140 1581 204 1654 eius
239 1580 377 1655 magistra
403 1581 433 1638 in
461 1579 563 1656 Insula
588 1582 679 1640 saneti
707 1579 864 1657 Nyeholai,
902 1586 1019 1657 propter
1046 1578 1182 1642 affectum

142 1681 229 1742 quam
249 1666 350 1725 habuit
371 1672 401 1726 et
420 1665 511 1726 habet
532 1683 601 1743 erga
622 1666 739 1726 domum
759 1674 901 1742 nostram,
926 1666 986 1726 dari
1006 1666 1090 1726 nobis
1112 1684 1181 1726 sua-

141 1754 180 1812 sit
189 1748 217 1831 ¹),
237 1751 290 1814 aed
302 1758 372 1812 tuno
384 1753 557 1828 persuadere
569 1770 627 1814 nou
639 1755 741 1830 potuit
781 1753 839 1830 Qui
849 1760 915 1829 post
927 1754 1016 1813 breve
1028 1758 1141 1828 tempus
1162 1771 1182 1812 a

142 1838 281 1899 Waroero
311 1838 348 1899 de
368 1838 494 1899 Bonlant
521 1846 636 1916 eaptus,
664 1857 723 1915 spe
738 1843 899 1901 orationum
919 1845 1080 1899 nostrarum
1100 1841 1183 1898 iussit
1212 1849 1214 1858 ’

142 1942 209 1986 eum
229 1926 313 1987 nobis
329 1929 491 1994 transmitti.
528 1926 646 1986 Interim
668 1926 782 1987 cuidam
802 1943 932 1986 sororum
952 1925 1090 2001 praedicti
1112 1943 1181 1985 eoe-

140 2011 220 2073 nobii
246 2014 276 2076 iu
304 2014 412 2073 somnis
439 2019 585 2074 ostensum
607 2018 665 2088 est,
694 2012 881 2088 quodquam
903 2015 958 2073 oito
981 2011 1052 2072 dens
1072 2014 1182 2072 veniret

48 2119 51 2124 ’
140 2097 181 2160 ad
202 2099 308 2160 »losum
338 2105 483 2177 nostrum,
514 2099 671 2160 Henrieum
701 2100 761 2160 iore
788 2097 977 2160 liberandum.
1027 2097 1126 2176 Quod,
1140 2101 1181 2159 ita

139 2186 249 2246 neuim
268 2186 467 2246 intelleximus.
508 2187 584 2246 Nam
605 2187 688 2246 Prior
708 2192 806 2246 noster
824 2203 876 2264 per
897 2203 984 2263 quem
1000 2187 1183 2246 transmissus

141 2279 194 2347 est,
214 2275 245 2332 in
265 2271 382 2334 flumine
403 2273 498 2333 Rheni
518 2273 594 2334 illius
614 2272 754 2332 beneficio
777 2275 934 2333 maximum
956 2275 1048 2332 evasit
1067 2275 1182 2348 perieu-

139 2359 210 2420 lum.
258 2357 400 2420 Henrieus
422 2358 525 2420 Comes
547 2360 702 2438 Seyneusis
729 2359 841 2420 habens
868 2359 987 2440 militem
1014 2359 1182 2434 honestum,

140 2445 193 2506 sed
213 2452 309 2506 monta
331 2453 462 2524 captum,
487 2465 553 2507 eum
576 2464 610 2507 eo
633 2446 671 2507 ad
692 2463 745 2507 nos
765 2449 860 2521 veuit,
881 2463 999 2522 sperans
1019 2446 1100 2506 illurn
1120 2454 1183 2506 turn
1230 2467 1236 2478 ⁸

140 2534 245 2592 virtute
264 2532 462 2609 reliquiarum,
493 2539 554 2593 tum
573 2533 713 2594 beneficio
734 2535 895 2593 orationum
915 2539 1076 2593 nostrarum
1095 2550 1182 2610 posse

139 2621 244 2682 sanan.
288 2619 345 2697 Qui
359 2620 444 2682 dente
462 2621 654 2682 saeratissimo
669 2623 798 2698 signatus
811 2626 841 2680 et
857 2625 959 2696 moun,
979 2626 1039 2679 tam
1061 2619 1181 2682 celerem

159 2856 192 2924 ι)
209 2854 298 2940 llomil.
317 2857 462 2978 Ll'p3122:
480 2829 620 2942 „ilenrieus
636 2857 669 2910 de
687 2857 776 2923 Ulme,
789 2858 873 2982 bmil(er
890 2858 1028 2942 honestus,
1040 2875 1106 2978 licurro
1124 2859 1183 2979 1)Ιὲ-

210 2937 840 3066 ittdttttditttttottiitit
861 2935 1188 3062 titl‘tttt‘t'tm}

210 3063 333 3131 pletavit,
359 3064 459 3118 dentem
477 3068 552 3118 etiarn
576 3065 644 3118 beati
666 3065 797 3135 Baptistae
817 3067 939 3120 lobannis
961 3066 1055 3119 ibidem
1079 3069 1180 3134 reperit.

211 3133 291 3198 Quem
309 3135 450 3186 intantum
469 3134 569 3199 dilexit,
591 3143 619 3186 ut
637 3139 728 3188 ceteris
745 3136 857 3204 reliquiis
875 3136 1029 3200 distributis,
1052 3138 1076 3187 ei
1094 3138 1120 3188 in
1138 3153 1183 3188 eae

210 3201 278 3271 pella
296 3206 372 3255 castri
389 3205 429 3255 sui
446 3203 524 3288 altaro
542 3203 684 3268 aedificem,
702 3214 728 3256 et
745 3206 780 3257 ibi
792 3220 848 3258 eum
866 3215 989 3287 perpetuo
1007 3204 1181 3288 reponendum

210 3273 1078 3414 tottii,litt:tittttltttltttltttdtt
1086 3285 1185 3398 tttt·

209 3414 289 3476 venit,
306 3412 428 3464 sel-cuius
445 3414 649 3464 instantissimam
666 3415 829 3479 petitionem,
851 3431 883 3466 eo
900 3413 968 3482 quod
992 3422 1072 3466 mater
1093 3430 1181 3467 eorum

184 3481 278 3603 »⁸93⁶
302 3497 350 3605 ”ll-
374 3483 466 3605 ‘llil
485 3481 947 3605 ”illl’n‘l'llllllillmallbl
961 3483 1074 3605 tll‘t‘
1089 3483 1186 3605 ‘titt

208 3551 312 3676 blibonx
330 3569 453 3689 pffibino
470 3568 499 3674 ib²
515 3568 687 3689 captivitstom
703 3591 828 3687 reverso:
844 3638 894 3674 uua
909 3569 1025 3674 {brorum
1043 3590 1076 3674 in,
1088 3625 1181 3674 somnis

210 3691 353 3744 huiusmodi
370 3707 460 3744 vocem
477 3691 586 3744 audivit:
617 3691 674 3743 llox
696 3700 725 3742 ut
742 3689 804 3743 dens
822 3693 921 3745 venerit
937 3690 1083 3744 unwina
1101 3694 1181 3743 sancti

210 3761 293 3825 Petri,
321 3775 337 3812 a
365 3761 471 3814 vinculis
494 3769 521 3813 at
538 3763 684 3828 captivitato
706 3758 855 3813 liberabitur
876 3761 1008 3814 dannan.
1049 3759 1123 3825 Quod
1145 3762 1187 3812 ita

114 3869 117 3878 s
209 3831 304 3883 metum
321 3829 386 3884 est“
405 3860 436 3872 -
457 3831 488 3900 1)
510 3829 598 3885 oso?
616 3828 705 3897 Quod
729 3829 758 3882 ei
776 3859 808 3872 -
832 3838 993 3896 nostrum,
1009 3829 1187 3882 dissuasit..
