2580 4316
173 278 214 338 ao
499 227 902 340 orsurucuroraum·

172 398 288 476 aliquod
309 405 422 475 tempus
444 413 510 458 cum
533 401 573 458 eis
596 405 803 476 commoratus,
832 417 899 460 cum
919 401 977 460 iam
997 404 1090 461 securi
1111 409 1206 463 essent

173 485 209 546 de
232 504 275 561 eo,
296 487 399 545 iterum
419 485 505 564 fugit,
526 485 683 563 indutoque
704 486 805 547 habitu
827 489 1016 564 spem'totius
1037 491 1206 550 reversionis

172 575 233 633 eius
274 571 394 632 exclusit
410 569 436 651 ¹).
478 573 545 633 Non
570 575 624 633 iste
652 575 719 633 lecit
746 577 820 634 sicut
833 575 905 638 sduo
933 577 1107 651 superiores,
1139 580 1206 654 quia

171 677 229 720 non
250 660 375 719 levitatis
395 661 512 734 vitium,
541 659 593 720 sed
620 663 710 721 virtus
738 665 913 722 constantiae
933 665 963 721 in
992 665 1175 723 conversione
1184 660 1205 744 ²)

171 747 231 806 luit.
274 746 339 806 Hoc
363 747 525 822 exemplum
547 753 575 806 et
597 746 654 807 alia
675 745 855 829 quaedam),
878 766 951 826 quae
969 749 1205 810 hieaedificatio-

171 836 215 893 nis
237 850 325 893 causa
346 835 501 909 scripturus
522 837 609 909 sum,
627 837 657 892 in
677 833 816 894 Homeliis
838 835 997 896 Moralibus
1026 837 1062 896 de
1083 837 1207 898 Infantia

100 959 103 972 .
170 920 329 992 Salvatoris
349 923 482 996 posuisse
500 938 547 980 me
564 924 690 981 memini.
731 920 934 983 NOVICIUS:
956 923 1032 983 Puto
1042 941 1206 1001 graveesso

170 1013 330 1096 peccatum,
351 1010 495 1067 novicium
505 1007 597 1068 redire
608 1007 646 1068 ad
656 1008 811 1068 saeculum.
832 1008 1068 1072 MONAGHUS:
1092 1011 1206 1089 Quanta

171 1097 208 1154 sit
230 1094 322 1170 culpa,
344 1094 426 1156 facile
447 1095 632 1172 perpenditur
653 1111 689 1156 cx
709 1113 812 1173 poena.

503 1283 736 1346 cursurum
756 1281 879 1368 xrvrr)

274 1425 322 1484 Dc
342 1423 501 1484 mucrubili
521 1432 617 1486 morte
637 1424 743 1485 Leonis·
762 1427 870 1486 novici
891 1430 1098 1502 apostatantia.

235 1579 407 1657 Priusquam
427 1581 555 1642 venirem
577 1580 614 1640 ad
636 1580 779 1658 ordinem,
806 1583 837 1642 in
858 1581 979 1642 ecclesia
999 1587 1117 1644 sanctae
1138 1579 1207 1641 Ma-

170 1669 229 1728 riae
250 1667 288 1727 ad
305 1666 425 1727 Gradus
445 1669 475 1726 in
498 1666 617 1728 Colonia
639 1671 793 1728 canonicus
822 1669 940 1745 quidam
959 1669 1026 1743 lixit,
1054 1671 1104 1744 qui
1124 1668 1207 1730 vale-

171 1753 269 1816 dicens
289 1753 420 1830 saeculo,
447 1754 591 1832 religionis
618 1754 750 1814 habitum
777 1758 807 1814 in
838 1754 1208 1832 Hcmmenrode·suscepit

169 1841 283 1902 Nomen
303 1843 399 1900 iuveni
420 1840 553 1918 Leonius,
576 1848 605 1902 et
617 1847 678 1903 erat
690 1842 759 1902 mihi
772 1843 847 1902 bene
868 1850 962 1903 notus.
1005 1842 1143 1903 Habebat
1160 1843 1207 1904 hic

170 1929 269 1988 iratres
296 1927 397 1988 milites
424 1930 455 1987 in
483 1926 628 2009 saeculo)
650 1931 719 1988 satis
740 1935 880 2006 potentes.
924 1929 980 2006 Qui
1009 1932 1124 2006 cognita
1146 1932 1208 1990 eius

172 2017 357 2078 conversione
378 2016 484 2075 turbati
505 2022 585 2090 sunt,
609 2022 637 2076 et
658 2004 833 2096 venientes)
856 2015 895 2076 ad
917 2016 1089 2092 Claustrum,
1110 2016 1208 2076 multis

171 2105 265 2163 verbis
287 2109 438 2162 suaserunt
457 2108 490 2161 ut
510 2102 613 2162 rediret
634 2103 672 2162 ad
693 2102 855 2180 saeculum,
885 2103 990 2162 ordinis
1011 2106 1207 2165 austeritatem

172 2192 198 2250 ci
219 2195 418 2266 proponentes.
461 2188 499 2248 Et
521 2192 589 2265 quia
610 2189 752 2267 obligatus
774 2196 835 2250 erat
856 2188 974 2266 debitis,
1003 2191 1121 2251 aiebant
1151 2190 1207 2254 hoc

171 2272 263 2356 esset)
285 2276 453 2335 rationabile
474 2281 507 2334 ut
528 2276 640 2351 rediret,
662 2275 759 2337 debita
778 2274 1002 2356 persolveret),
1024 2279 1124 2354 sicque
1146 2280 1207 2338 sine

171 2361 288 2440 querela
308 2359 482 2441 revertens)
504 2361 629 2422 Domino
651 2365 779 2422 serviret.
821 2362 859 2422 Et
890 2366 1080 2439 promiserunt
1110 2360 1206 2444 quia⁹)

171 2468 238 2510 eum
258 2448 434 2508 reducerent.
477 2449 606 2526 Quorum
627 2451 722 2509 verbis
743 2443 829 2510 miser
850 2450 1001 2527 seductus,
1030 2453 1107 2512 exire
1136 2469 1207 2513 con-

170 2539 267 2610 sensit,
288 2538 393 2596 inimici
413 2535 531 2613 laqueos
545 2554 603 2595 non
616 2538 781 2597 observans.
814 2536 899 2614 Quod
916 2537 1016 2597 videns
1027 2538 1160 2598 dominus
1177 2534 1206 2618 ¹⁰)

171 2623 353 2683 Hermarmus
374 2621 476 2682 Abbas
497 2625 642 2700 ingemuit,
664 2629 693 2683 et
715 2642 782 2683 cum
802 2624 892 2684 multo
915 2624 1007 2685 cordis
1029 2623 1127 2685 dolore
1149 2627 1207 2684 mi-

171 2711 267 2770 litibus
289 2709 373 2769 dixit:
405 2709 500 2771 Hodie
527 2711 642 2770 iratrem
670 2716 798 2770 vestrum
830 2713 973 2771 eiicientes
1000 2710 1036 2771 de
1056 2711 1206 2789 paradiso,

171 2797 313 2874 deponitis
332 2798 362 2855 in
382 2797 500 2856 inferno.
542 2797 686 2857 Reversus
708 2797 746 2856 ad
767 2798 961 2873 praebendam
971 2797 1069 2873 suam,
1085 2798 1207 2860 deterior

170 2886 263 2945 lactus
285 2889 328 2944 est
348 2901 435 2960 quam
456 2887 549 2959 prius,
581 2887 672 2962 magis
700 2901 818 2960 operam
851 2884 921 2944 dans
943 2884 1089 2960 explendis
1111 2888 1206 2960 vitiis,

171 2990 259 3049 quam
280 2969 424 3030 solvendis
445 2970 556 3030 debitis.
598 2971 670 3030 Post
690 2988 780 3030 annos
802 2969 910 3046 aliquot
928 2967 955 3050 ¹¹)
977 2974 1102 3048 graviter
1125 2972 1207 3030 infir-

171 3065 278 3133 matus,
307 3059 381 3117 iusto
403 3056 460 3116 Dei
486 3057 589 3117 iudicio
619 3075 655 3117 ex
675 3059 819 3118 nimietate
840 3057 1010 3118 infirmitatis
1030 3060 1061 3118 in
1080 3059 1206 3120 furorem

171 3163 271 3206 versus
293 3150 344 3204 est
388 3143 481 3220 Quem
503 3161 569 3204 cum
590 3147 634 3207 sui
661 3149 809 3204 monerent
838 3143 873 3204 de
907 3145 1082 3205 confessione
1112 3152 1141 3205 ct
1170 3146 1206 3206 de

172 3250 255 3292 sacra
276 3234 482 3306 communione,
503 3231 594 3292 verba
614 3231 712 3290 salutis
724 3248 782 3289 non
792 3231 913 3291 attendit
931 3228 976 3311 ¹²);
998 3232 1049 3293 sed
1064 3232 1206 3308 quasdam

171 3319 360 3394 mulierculas,
381 3336 448 3379 cum
470 3319 573 3396 quibus
594 3335 682 3379 sanus
703 3324 881 3394 peccaverat,
901 3321 1023 3400 propriis
1042 3321 1206 3379 nominibus

189 3505 221 3576 1)
238 3504 258 3558 G
275 3505 344 3556 eius
370 3503 531 3568 excludit,
548 3501 568 3554 P
585 3503 631 3555 eis
658 3503 813 3568 exclusit,
834 3503 856 3556 D
874 3503 1019 3556 exclusit
1044 3505 1101 3555 eis.
1121 3533 1153 3544 -
1172 3504 1205 3572 2)

239 3574 382 3628 cerusa.
402 3603 433 3614 -
461 3575 493 3642 3)
515 3572 671 3641 quaedum
697 3589 738 3624 om
756 3572 784 3626 0.
803 3603 835 3614 -
861 3574 894 3641 l)
911 3573 1001 3626 Homil.
1018 3572 1038 3625 1.
1065 3589 1090 3640 p.
1108 3573 1152 3625 89.
1173 3602 1204 3611 -

106 3681 110 3690 ,
136 3671 140 3677 ·
240 3645 272 3713 4)
291 3642 311 3696 G
328 3640 676 3695 hichabebatlratrca
702 3644 733 3693 in
759 3644 887 3705 saeculo
910 3642 1042 3695 milites.
1062 3671 1093 3682 -
1114 3643 1146 3710 5)
1164 3642 1205 3694 Dl’
1265 3681 1266 3692 .

240 3713 485 3780 venientesque.
504 3743 536 3752 -
555 3712 586 3780 6)
604 3727 677 3763 esse
703 3727 744 3763 orn
761 3712 788 3764 P.
808 3741 839 3752 —
859 3713 891 3781 7)
908 3711 970 3764 BDP
996 3712 1152 3765 solveret.
1173 3741 1202 3751 —

239 3783 273 3850 8)
290 3782 309 3834 Ρ
326 3791 501 3834 revertens
527 3783 599 3833 sine
625 3782 768 3850 quercla.
788 3811 820 3822 -
839 3783 871 3850 9)
889 3781 909 3834 0
925 3791 965 3833 ut.
985 3811 1017 3822 -
1041 3782 1091 3850 10)
1108 3780 1205 3834 dorni-

241 3867 296 3904 nus
314 3867 355 3904 orn
372 3851 399 3904 P.
419 3881 450 3892 -
471 3851 519 3920 11)
536 3851 557 3905 0
574 3851 711 3921 sliquos.
730 3883 761 3894 -
781 3852 830 3922 12)
848 3853 866 3906 Ρ
884 3851 1034 3905 intendit.
