2642 4330
475 303 528 363 DE
550 302 822 366 DAEMONIBUS.
1103 309 1165 368 315

124 429 213 486 ctiam
234 427 263 484 in
277 421 294 507 ¹)
310 425 513 486 Sueverbacho
536 427 584 503 sui,
607 433 636 487 et
648 429 716 487 satis
738 427 778 487 ibi
791 428 1041 506 tmlavi,‚yrcnice
1060 433 1167 490 nomini

122 513 267 574 alludens.
301 513 372 572 Erat
387 515 461 572 enim
474 513 600 589 postilla
614 522 751 590 tempora,
769 515 884 590 quando
893 512 913 595 ²)
927 517 1057 576 conversi
1071 509 1103 576 se
1117 535 1165 577 or-

122 601 183 660 dini
206 605 411 676 opposuerant.
454 601 526 660 Tam
549 601 708 662 horrendus
731 608 759 660 et
781 610 840 661 tam
857 609 1014 661 venenatus
1036 612 1080 662 est
1094 603 1165 664 dae-

122 705 241 746 monum
265 694 417 764 aspeetos,
439 694 549 747 utnon
571 688 663 747 solum
687 706 771 747 sanos
793 689 930 764 infirmet,
958 688 1009 748 red
1031 708 1165 749 nonnun-

122 792 211 850 quam
234 777 323 834 ctiam
344 773 502 833 interficiat

468 962 702 1026 CAPITULUM
723 965 829 1028 XXX.

160 1089 225 1156 ‚Dc
248 1086 365 1147 duodece
386 1087 549 1160 iuvenibus,
572 1091 624 1163 qui
646 1085 798 1148 diabolum
819 1091 851 1148 in
872 1092 964 1166 specie
985 1089 1115 1149 mulieris

451 1175 581 1234 videntes
601 1176 744 1250 infirmati
764 1183 842 1234 eunt.
911 1228 913 1249 ,

185 1296 255 1354 Duo
277 1296 397 1354 iuvenes
418 1294 579 1354 saeculares
600 1295 727 1354 nondum
749 1294 865 1370 milites,
897 1298 1058 1371 exquibus
1090 1315 1164 1358 unus

119 1389 183 1442 erat
198 1381 309 1458 dapifer
321 1381 446 1440 Abbatis
463 1382 605 1456 Promiae,
628 1385 677 1457 qui
691 1383 760 1440 mihi
774 1383 846 1442 haec
861 1400 935 1458 quae
952 1382 1077 1444 dicturus
1091 1403 1164 1460 sum,

117 1469 224 1544 retulit,
245 1471 277 1527 in·
298 1467 424 1543 quadam
445 1468 543 1544 vigilia
564 1471 654 1527 saneti
675 1467 816 1528 Johannis
838 1471 987 1546 Baptistae
1008 1478 1075 1546 post
1095 1473 1163 1532 solis

118 1569 259 1616 oceasum
281 1557 357 1614 cirea
377 1555 515 1635 pinulum,
538 1558 586 1630 qui
608 1559 811 1614 monasterium
832 1557 1019 1633 praeterfluit,
1041 1561 1070 1618 iu
1092 1559 1163 1618 dex-

116 1633 212 1702 tra'tiii's
235 1645 295 1701 siris
312 1643 518 1717 spatiabantur.
560 1643 699 1702 Videntes
715 1660 749 1700 ex
767 1643 857 1702 altera
878 1651 959 1719 parte
976 1646 1059 1704 rivuli
1081 1649 1164 1722 quasi
1249 1695 1250 1700 ,

116 1733 247 1806 speciem
259 1727 430 1788 muliebrem
437 1726 457 1808 ³)
469 1730 498 1786 in
512 1735 593 1788 veste
604 1729 687 1804 linea,
702 1735 835 1804 putantes
849 1733 916 1805 quia
927 1730 1066 1792 maleficia
1079 1750 1162 1793 exer·
1211 1721 1214 1728 ’

117 1823 210 1891 cerci,
232 1822 267 1874 ut
289 1815 462 1891 quibusdam
484 1833 547 1874 mos
570 1823 613 1874 est
634 1819 664 1874 in
684 1822 769 1876 nocte
791 1817 852 1891 illa,
874 1824 906 1875 ut
928 1825 1063 1893 caperent
1083 1837 1162 1895 eom,

116 1921 227 1980 aquam
248 1905 429 1961 transierunt.
473 1901 555 1978 Quae
578 1921 644 1964 eum
665 1909 746 1962 veste
768 1905 865 1963 levata
885 1904 984 1979 lugere
1005 1906 1163 1982 videretur,

114 1991 157 2050 illi
186 1993 217 2048 in
248 1991 329 2065 cquis
352 1990 538 2048 velocissimis
560 1991 757 2066 insequentes,
788 2008 854 2050 cum
874 1991 1045 2067 fugientem,
1075 2011 1162 2068 quam

117 2079 203 2154 quasi
224 2078 358 2135 umbram
379 2083 446 2135 ante
469 2093 500 2134 se
516 2077 661 2151 videbant,
684 2078 925 2154 comprehendere
946 2095 1004 2136 non
1025 2079 1162 2156 valerent,

116 2165 319 2227 deficientibus
342 2166 439 2238 equis,
461 2179 534 2221 unus
557 2164 640 2221 dixit:
673 2163 748 2240 Quid
769 2163 903 2241 agimus?
946 2165 1088 2226 Diabolus
1118 2174 1162 2226 est

116 2255 204 2312 enirn.
247 2249 287 2309 Et
308 2251 453 2326 signantes
475 2267 520 2325 sc,
549 2257 708 2309 monstrum
739 2251 812 2310 trina
840 2269 899 2320 non
926 2252 1068 2312 viderunt.
1111 2253 1159 2314 Ab

114 2339 175 2413 illa
188 2337 263 2396 hora
283 2343 344 2396 tam
365 2338 494 2396 homines
517 2353 603 2412 quam
626 2341 754 2396 iumenta
775 2339 865 2397 multo
888 2345 1015 2415 tempore
1037 2340 1158 2417 langue·

115 2431 192 2498 mnt,
214 2427 264 2483 vix
286 2430 408 2482 mortem
422 2423 584 2482 evadentes.
627 2423 830 2486 NOVIOIUS:
852 2425 918 2484 Non
939 2428 994 2484 ista
1016 2429 1102 2486 miror
1123 2429 1159 2488 de

116 2511 252 2586 diabolo,
276 2527 343 2568 cum
364 2510 458 2586 legam
479 2510 645 2570 basiliscum
666 2511 727 2570 solo
752 2515 814 2571 risu
835 2513 966 2572 homines
989 2519 1017 2572 et
1039 2531 1108 2574 aves
1132 2526 1160 2576 et

114 2602 246 2657 iumenta
267 2597 433 2656 interficere.
477 2596 712 2657 MONACHUS:
734 2597 801 2658 Hoc
821 2602 916 2676 ipsum
937 2604 997 2678 agit
1019 2600 1159 2676 diabolus,

115 2689 146 2744 in
179 2685 298 2767 Psalmo
331 2700 382 2759 per
415 2685 581 2743 basiliscum
604 2681 815 2766 designatus‘),
848 2690 922 2746 sicut
942 2690 1078 2748 subiectis
1107 2691 1158 2750 tibi

115 2771 269 2832 ostendam
279 2767 302 2854 ⁵)
322 2771 468 2846 exemplis.

455 2925 690 2986 CAPITULUM
705 2927 826 2987 XXXI.

116 3049 167 3107 De
186 3046 316 3124 semina,
340 3064 417 3122 quoe
439 3067 460 3107 u
482 3047 599 3107 dadolo
621 3050 654 3106 in
675 3051 766 3124 opeec'e
787 3051 863 3109 cervi
884 3049 938 3108 cibi
959 3053 1023 3110 noti
1038 3071 1155 3127 pressu,
1237 3043 1238 3048 ¹

545 3142 667 3194 mortuo
689 3142 738 3194 cst.

183 3255 218 3314 In
245 3255 489 3330 Kunincskirgen,
521 3258 595 3315 sieut
626 3256 760 3318 sacerdos
792 3257 919 3316 eiusdem
947 3259 1032 3319 villae
1064 3262 1160 3321 retulit

116 3343 275 3402 Lamberto
304 3341 445 3402 monacho
467 3350 580 3418 nostro,
610 3351 740 3402 matrona
769 3345 911 3419 quaedam
940 3346 1061 3406 honesta
1090 3348 1159 3408 dum

116 3436 204 3489 noete
232 3428 360 3506 quadam
387 3445 454 3487 cum
482 3428 571 3510 aliar)
600 3431 705 3490 lomina
731 3435 829 3492 nescio
858 3432 934 3492 unde
961 3438 1081 3494 veniens
1107 3452 1159 3511 per

116 3517 218 3576 villam
238 3515 360 3576 eandem
374 3513 394 3595 ⁷)
416 3519 561 3589 transiret,
583 3517 714 3578 diabolus
736 3519 886 3578 cuiusdam
907 3522 982 3579 servi
1003 3521 1158 3582 admodum

139 3670 170 3736 1)
189 3669 220 3721 in
238 3668 342 3719 abesto
360 3667 430 3718 libris
448 3667 583 3720 ABCDPll.
604 3699 634 3707 -
660 3668 691 3735 2)
718 3684 764 3735 pro
788 3659 858 3733 (qfi,
884 3671 911 3722 id
938 3674 992 3740 cst)
1019 3673 1155 3740 quando,

191 3753 277 3788 omnes
295 3735 350 3790 libri
368 3736 475 3788 habent:
500 3753 569 3806 quo.
595 3767 625 3776 -
650 3737 718 3806 3)P
744 3739 897 3791 mulieris.
918 3770 948 3781 -
968 3744 1000 3809 4)
1019 3743 1083 3794 Psal.
1109 3743 1157 3806 90,

192 3805 522 3929 llssldfflplandam'
542 3837 573 3846 -
592 3807 624 3875 6)
643 3807 661 3858 P
679 3807 743 3859 alia
761 3807 905 3878 quadum.
927 3841 957 3851 -
978 3811 1068 3882 7130
1086 3827 1158 3914 eene
