2580 4316
15 3621 16 3710 l

125 3987 128 3994 Μ

180 269 221 329 76
476 263 704 328 DISTINO'HO
727 263 913 327 sachunu

180 390 263 450 Prior
283 396 313 449 et
334 388 492 464 obstupuit,
513 388 638 464 dixitque
654 390 768 449 iuveni:
787 388 853 450 Non
866 387 976 448 milleio
989 388 1041 449 tibi
1053 387 1134 450 solus
1146 387 1212 449 dare

181 477 338 537 consilium.
380 476 434 536 Vis
455 481 488 534 ut
509 475 659 536 ostendam
679 475 810 536 Abbati?
837 475 877 534 Et
896 475 1053 536 licentiavit
1073 478 1109 535 ei.
1151 476 1212 536 Vc-

180 565 223 623 nit
248 563 330 623 Prior
357 562 396 622 ad
416 562 578 638 Abbatem,
611 567 641 622 et
654 559 672 642 ¹)
703 565 830 640 porrexit
856 562 1025 622 schedulam
1049 561 1213 640 legendam,

180 667 242 710 rem
271 652 297 709 ei
324 666 377 725 per
404 649 533 708 ordinem
561 666 715 726 erponem.
780 649 856 726 Quid
889 649 990 709 deinde
1022 655 1137 727 gestum
1164 651 1213 724 sit,

181 736 300 798 audiant
319 742 484 812 peccatores
506 743 535 795 et
548 736 737 811 consolentur,
759 736 902 812 desperati
911 743 940 796 et
949 743 1120 797 recreentur.
1144 735 1215 795 Mox

183 826 259 884 enim
279 828 312 883 nt
331 822 435 883 Abbas
456 823 615 882 chartulam
636 823 674 883 ad
693 823 848 900 legendum
879 825 1003 900 aperuit,
1035 828 1128 882 totam
1155 825 1214 882 eius

184 911 387 970 continentiam
409 909 532 970 deleam
552 913 669 969 invenit
710 910 921 986 impletumque
943 916 987 970 est
1006 911 1036 968 in
1058 926 1109 986 eo,
1139 908 1215 986 qnod

182 999 326 1057 Dominus
356 1013 409 1074 per
433 997 540 1056 isaiam
572 996 654 1057 dicit:
697 998 801 1056 Dclcoi
827 1004 864 1056 ut
890 977 999 1056 ouban
1029 999 1215 1072 iniquitatem

182 1092 283 1158 tuom,
313 1091 341 1144 ct
367 1090 404 1142 ut
423 1083 563 1144 nebsslosn
579 1091 704 1159 peccota
725 1091 780 1142 tuo
791 1081 824 1162 ²).
866 1083 905 1142 Et
926 1079 967 1143 ait
986 1083 1091 1144 Abbas
1111 1083 1214 1142 Priori:

180 1170 256 1248 Quid
275 1171 371 1248 legam
392 1173 420 1230 in
442 1169 580 1230 schedula
588 1169 665 1229 ista?
690 1169 768 1230 Nihil
787 1174 817 1228 in
838 1187 874 1229 ea
895 1173 1101 1246 scriptumest
1133 1169 1213 1229 Haec

181 1264 214 1318 ut
226 1258 309 1318 Prior
329 1257 447 1331 audivit,
467 1256 634 1316 schedulam
655 1256 739 1316 simul
761 1256 955 1317 cnmAhbate
975 1258 1110 1333 respexit,
1132 1257 1214 1315 dirit-

140 1411 153 1436 ‘
181 1361 238 1420 que
260 1345 298 1404 ad
318 1344 413 1402 illum:
436 1343 515 1404 Sciat
535 1359 587 1419 pro
610 1350 686 1404 certo
709 1346 864 1420 paternitas
885 1350 998 1418 vestra,
1021 1343 1215 1420 supradictum

181 1433 315 1492 iuvenem
334 1435 364 1489 in
385 1431 441 1489 hac
462 1413 602 1498 schedula'
623 1433 768 1506 scripsisse
789 1434 910 1506 peccata
930 1448 992 1505 sua,
1014 1436 1043 1490 et
1065 1445 1214 1490 cumane

180 1514 331 1597 funseutr)
353 1517 436 1592 lecta,
458 1518 540 1577 vobis
562 1521 649 1577 etiam
670 1517 776 1577 donavi
796 1517 927 1594 legenda.
969 1516 1047 1592 Sed,
1069 1517 1214 1590 strideo,

181 1606 341 1664 misericors
361 1604 458 1677 Deus,
480 1606 530 1680 qui
550 1607 706 1664 maximam
726 1607 837 1664 iuvenis
860 1607 1058 1664 contritionem
1080 1603 1214 1677 attendit,

181 1691 296 1768 culpam
316 1694 375 1749 iam
397 1690 569 1750 sufficienter
589 1694 721 1766 punitam
741 1694 818 1750 iuste
841 1691 955 1751 delevit
997 1691 1113 1750 Deletio
1128 1691 1214 1766 siqui-
1274 1703 1275 1748 ξ

180 1777 247 1838 dem
278 1781 365 1837 totius
392 1779 503 1854 scripti,
535 1778 722 1838 abolitionem
754 1781 848 1856 signat
858 1773 881 1858 ⁴)
909 1780 997 1837 totius
1026 1775 1131 1838 delicti.
1178 1775 1215 1834 Et

179 1871 317 1925 vocantes
339 1864 498 1924 scholarem
520 1864 705 1925 ostenderunt
718 1865 894 1940 schedulam,
915 1865 1050 1940 dicentes,
1073 1866 1213 1940 eiuspec·
1274 1875 1275 1914 l

181 1958 247 2012 cata
276 1950 410 2010 divinitus
439 1969 502 2011 esse
531 1952 633 2012 deleta
688 1952 783 2028 Quam
809 1969 875 2011 cnm
903 1953 1096 2028 perspexisset
1124 1957 1153 2010 et
1180 1966 1213 2008 ex
1274 1947 1275 1992 ἶ

180 2040 269 2116 signis
290 2039 365 2098 bene
387 2040 582 2114 cognovisset,
614 2041 644 2097 in
672 2045 785 2098 tautum
813 2055 863 2099 cor
884 2039 944 2098 eius
966 2055 1001 2098 ex
1021 2036 1214 2116 magnitudine
1274 2077 1275 2080 ,

180 2125 278 2203 gandii
315 2131 358 2185 est
390 2125 560 2201 dilatatum,
596 2129 627 2184 in
664 2131 803 2201 quantum
836 2126 915 2201 prius
952 2143 988 2184 cx
1022 2122 1212 2202 magnitudine
1274 2141 1275 2160 ³

172 2210 311 2272 'tristitiae
331 2213 423 2271 fuerat
444 2215 637 2289 angustiatum
649 2207 679 2292 ⁵).
721 2213 760 2270 Et
779 2211 888 2270 nnllam
910 2213 937 2270 ci
957 2212 1137 2289 iniungentes
1165 2226 1212 2269 sa-

182 2300 380 2374 tisfactionem,
401 2306 580 2374 monuerunt,
601 2306 742 2374 qrrotenus
763 2297 829 2358 Deo
851 2299 887 2358 de
908 2300 1050 2375 perceptis
1071 2295 1212 2358 beneficiis
1274 2333 1275 2356 2

182 2387 288 2463 gratim
310 2391 416 2462 egeret,
437 2391 523 2461 atque
545 2387 581 2446 dc
601 2391 698 2445 cetero
722 2388 833 2446 cautius
853 2388 971 2446 viveret
1013 2385 1091 2446 Ecca
1107 2383 1212 2443 iuvenis
1274 2395 1275 2432 ff

181 2475 245 2547 iste,
267 2479 299 2532 ut
320 2475 389 2532 satis
410 2472 530 2547 videtu,
552 2478 618 2532 ante
639 2475 751 2531 ruinam
771 2471 952 2548 imperfectus
972 2472 1034 2546 luit,
1056 2470 1165 2544 cecide,
1185 2472 1213 2528 et
1274 2531 1275 2538 p

182 2559 325 2635 perlectus
346 2562 474 2618 surrexit.
517 2558 718 2620 NOVICIUS:
740 2559 776 2617 In
797 2576 855 2634 quo
876 2559 929 2618 luit
943 2557 1107 2635 perlectus?
1138 2553 1211 2614 ΜΟ·
1274 2567 1275 2640 3

182 2645 358 2706 NACHUS:
393 2646 428 2704 In
456 2648 582 2705 caritate.
624 2644 827 2706 NOVICIUS:
866 2642 980 2725 Quasi)
1010 2652 1055 2706 cst
1081 2642 1211 2721 perfectio

183 2731 331 2794 caritatis?
374 2731 608 2792 MONACHUS:
638 2732 759 2808 Quando
780 2749 861 2792 mens
881 2750 941 2792 non
962 2738 1006 2792 est
1026 2733 1082 2792 sibi
1103 2729 1212 2791 conscia
1274 2795 1275 2804 χ

183 2820 303 2879 alicuius
324 2822 435 2895 peccati
466 2819 593 2879 mortalis
626 2821 686 2880 sive
714 2819 848 2896 venialis,
874 2820 964 2879 libera
992 2837 1049 2879 non
1078 2818 1169 2878 solum
1194 2831 1211 2871 a
1274 2835 1275 2870 2

184 2907 283 2983 culpa,
315 2907 366 2965 sed
388 2909 474 2966 etiam
496 2925 514 2966 a
535 2923 637 2982 poena.
679 2907 718 2964 Et
738 2913 823 2982 puto,
851 2908 875 2965 si
896 2907 1076 2982 saepedictus
1099 2905 1211 2964 clericus

183 2993 352 3054 decessisset
372 2995 401 3051 in
423 2993 474 3052 tali
494 2999 588 3068 statu,
619 2995 735 3052 minime
764 2995 899 3052 sensisset
925 3010 1050 3069 poenam
1078 2994 1210 3068 purgato·
1274 2999 1275 3072 p

183 3081 256 3139 riam
268 3077 298 3160 ⁷),
320 3082 388 3155 qnia
408 3079 535 3155 perlecta
557 3082 658 3140 carius
681 3082 822 3140 consumit
841 3080 992 3156 plumbum
1014 3086 1043 3140 et
1063 3075 1209 3154 stipulam,
1274 3105 1275 3158 3

185 3167 299 3242 culpam
321 3173 351 3226 et
369 3183 501 3243 poenam.
544 3167 627 3226 Haeo
650 3174 694 3226 est
715 3169 809 3242 opinio
831 3166 994 3227 multorum.
1036 3165 1094 3226 Alii
1119 3163 1210 3221 dicunt
1274 3169 1275 3202 ³

183 3255 271 3314 etiarn
303 3256 377 3312 viros
398 3254 618 3330 perfectissimos
639 3270 738 3314 secum
758 3253 870 3314 trahere
891 3254 988 3314 lenum
1020 3259 1049 3314 et
1074 3247 1210 3327 stipulam·

183 3338 388 3400 novicius:
420 3341 509 3400 Miror
536 3358 625 3416 quare
656 3357 714 3399 non
741 3340 845 3399 inerim
874 3349 996 3416 peccata
1028 3341 1088 3399 eius
1108 3334 1209 3402 deleta,

184 3435 338 3504 antequam
358 3428 450 3487 Priori
472 3438 566 3487 essent
587 3434 711 3487 ostensa.
753 3424 987 3487 MONAOHUS:
1008 3427 1052 3486 Ne
1073 3419 1209 3500 superflua
1274 3421 1275 3470 ἐ

184 3515 327 3576 videretur
348 3514 504 3590 confessio,
536 3517 596 3574 sine
626 3517 706 3574 cuius
736 3513 874 3574 desiderio
907 3513 986 3574 nulla
1016 3513 1049 3572 fit
1079 3506 1208 3570 remissio.

200 3701 231 3768 l)
249 3707 281 3752 et
298 3715 339 3751 orn
353 3699 403 3752 Bc.
422 3729 454 3739 -
473 3700 505 3767 2)
522 3699 578 3752 lsai.
595 3701 639 3763 44,
656 3700 699 3752 22.
718 3730 748 3740 —
768 3701 800 3768 3)
818 3701 839 3754 D
857 3701 991 3765 luisset,
1008 3707 1034 3752 et
1051 3694 1207 3766 paulopost:
1274 3741 1275 3748 ,

251 3768 426 3838 legendam.
445 3799 476 3808 -
496 3769 528 3837 4)
547 3769 591 3822 Al)
608 3769 789 3838 significat.
814 3799 846 3811 -
865 3771 896 3841 5)
914 3771 934 3824 B
952 3773 1205 3840 angustatum-
1274 3787 1275 3798 ι

252 3839 284 3905 6)
300 3837 343 3891 BC
361 3838 443 3907 quid.
463 3868 493 3878 —
513 3839 545 3907 7)
558 3835 605 3924 QG
621 3841 814 3909 purgatorii.
