2664 4308
476 305 531 365 DE
552 304 842 366 SIMPLIGITATE.
1113 308 1175 368 :tta

141 427 331 504 suspenderis.
373 427 412 486 Et
440 427 500 486 ille:
534 427 628 504 Quare
658 426 837 503 suspendar?
880 409 1083 503 Respondente
1103 427 1144 487 illi
1159 426 1176 509 ¹)

138 513 287 576 Palatino:
308 515 427 589 Nescio,
449 515 501 574 sed
521 531 661 591 praepara
682 522 711 574 te
733 511 816 594 per²)
841 514 1055 589 consessionem,
1077 522 1106 575 et
1127 532 1177 575 or·

139 601 207 661 dina
236 602 271 661 de
298 601 384 661 rebus
412 603 484 676 tuis,
513 603 581 677 quia
609 604 673 660 voci
703 601 816 660 divinae
837 604 968 660 resistere
989 619 1047 662 non
1069 603 1176 678 deboc,

136 687 185 748 ille
206 689 308 748 videns
337 688 419 748 aliter
448 706 511 747 esse
539 705 599 747 non
626 705 727 763 posse,
756 690 808 747 ait:
836 687 939 747 Justus
962 695 1006 747 est
1025 689 1176 748 Dominus.

136 775 200 852 Ego
230 775 327 851 plnres
355 777 385 833 in
406 774 524 833 domurn
551 793 647 834 meam
670 773 858 850 declinantes,
890 776 1042 850 insequens
1072 775 1177 851 occidi,

136 862 235 921 multis
250 860 342 921 multa
352 864 442 937 rapui,
463 879 517 920 nec
538 863 591 921 tibi
604 861 717 921 domino
739 879 806 921 meo
818 877 946 936 unquam
967 861 1059 921 fidelis
1075 865 1176 938 exstiti,

136 966 231 1024 neque
259 949 435 1024 pauperibus
466 951 590 1024 peperci.
632 948 670 1006 Et
698 949 791 1007 mirati
819 955 885 1007 sunt
907 939 1006 1007 omnds
1028 949 1177 1010 audientes

136 1038 199 1096 eius
222 1035 438 1110 confessionem,
460 1041 488 1095 et
507 1040 701 1112 cognoverunt
721 1038 750 1094 in
773 1037 833 1094 eius
854 1041 954 1111 morte,
975 1037 1087 1111 peccati
1103 1053 1176 1111 poe·
1293 1056 1297 1065 ⁸

134 1140 205 1182 nam
234 1139 298 1182 esse
330 1122 445 1181 aDeo.
486 1121 525 1180 Et
547 1124 614 1197 quia
634 1122 711 1180 idem
732 1123 879 1181 Palatinus
902 1125 962 1182 siue
984 1123 1177 1182 misericordia

135 1209 283 1283 iudicavit,
305 1225 370 1268 cum
391 1211 421 1267 in
441 1208 579 1289 ultionem
596 1209 720 1284 Philippi
738 1209 835 1286 Regis,
857 1225 943 1284 quem
965 1209 1116 1286 occiderat,
1137 1209 1175 1270 ab

135 1295 264 1356 Henrico
291 1294 469 1354 marschalco
493 1298 553 1354 eius
575 1296 793 1370 interficeretur,
816 1295 1038 1356 misericordiam
1060 1299 1175 1371 quaesi-

136 1384 262 1466 vitlnec
275 1383 391 1442 invenit.
423 1382 490 1441 Non
511 1389 555 1442 est
576 1399 700 1457 aequum
722 1376 866 1456 iudicium,
888 1400 942 1442 nec
963 1401 981 1441 a
1002 1383 1067 1442 Deo
1089 1401 1175 1458 prae·

136 1477 268 1546 ceptum,
300 1476 332 1527 ut
359 1471 452 1527 minor
484 1476 512 1529 et
533 1471 624 1528 rnaior
647 1469 731 1544 culpe
752 1469 836 1528 simili
856 1486 951 1544 poena
971 1470 1132 1545 plectantur
1145 1466 1175 1550 ³).
1204 1533 1207 1539 ,

135 1554 430 1617 N0V101U82Jam
452 1558 520 1615 satis
543 1572 578 1614 ex
599 1556 644 1614 his
667 1555 767 1630 didici,
790 1557 867 1631 quod
888 1555 970 1616 Deus
991 1554 1175 1637 peccatums)

135 1645 237 1720 puniat
257 1642 416 1702 secundum
436 1642 554 1701 modum
576 1649 606 1701 et
619 1642 786 1717 qualitatem
808 1643 917 1718 culpae.
938 1641 1173 1704 MONACHUS:

135 1729 202 1790 Hoc
231 1729 344 1807 plenius
365 1731 438 1788 scies
466 1729 703 1803 insequentibus
726 1729 866 1804 capitulis,
885 1730 916 1787 in
937 1731 1041 1804 quibus
1071 1732 1175 1790 nostris
1270 1807 1272 1812 Ι

135 1817 314 1893 temporibus
344 1815 553 1876 evidenfissime
574 1817 674 1891 punire
696 1814 787 1874 voluit
807 1817 908 1874 uitium
930 1815 1111 1892 duplicitatis.

460 2023 693 2084 CAPITULUM
720 2023 853 2084 XXVII.

158 2148 206 2208 Dc
229 2147 406 2206 dheodertco
435 2146 470 2205 dc
491 2147 684 2222 Eriaportzc‚
718 2148 770 2221 qut
790 2123 926 2206 revoluto
947 2163 1028 2206 carto
1051 2147 1152 2206 eadem

223 2235 278 2313 die,
301 2235 402 2296 cadem
423 2237 475 2292 vic
496 2240 633 2295 rnortuua
656 2239 697 2291 est
719 2234 821 2306 elatus,
848 2251 910 2318 quc
930 2235 1086 2310 Phiiippus
1176 2270 1185 2282 ,

274 2317 276 2322 ’
323 2321 391 2380 Rex
413 2323 474 2378 aas
496 2321 646 2378 industria
668 2320 772 2395 fuerat
793 2319 988 2380 introductus.
1059 2317 1060 2326 ’

403 2403 416 2431 Ι

200 2458 344 2533 Tempore
366 2456 543 2533 schismatis,
575 2457 653 2533 quod
675 2463 735 2517 erat
755 2459 829 2515 inter
849 2456 1015 2533 Philippum
1037 2464 1066 2516 et
1087 2455 1173 2530 Otto·

134 2562 202 2606 nem
222 2545 318 2621 Reges
339 2545 549 2619 Romanorum,
581 2560 646 2603 curn
669 2543 853 2603 Calontenses
882 2550 943 2602 turn
964 2551 1081 2620 propter
1101 2545 1173 2603 obe·

136 2631 273 2692 dientiam
295 2631 377 2691 Sedis
399 2629 600 2706 Apostolicae,
629 2637 690 2690 tum
716 2637 832 2707 propter
858 2630 1055 2690 iusiurandum
1082 2630 1174 2690 eidem

136 2717 235 2778 Ottoni
256 2715 406 2797 lactum⁵),
428 2717 548 2776 fideliter
569 2721 741 2793 assisterent,
764 2724 792 2777 et
813 2718 910 2777 multis
933 2721 1064 2794 expensis
1086 2725 1173 2793 atque

135 2805 246 2866 damnis
276 2812 306 2865 ct
325 2804 457 2882 periculis
469 2801 490 2885 ⁶)
513 2805 707 2880 suhiaccrcnt,
741 2803 857 2880 quidam
886 2823 921 2864 ex
950 2807 990 2864 eis
1011 2808 1140 2881 pecuniis
1153 2802 1173 2884 ⁷)

135 2893 332 2952 alautoribus
344 2892 476 2966 Philippi,
498 2897 530 2950 ut
546 2891 702 2966 dicebatur,
725 2894 849 2966 corrupti
863 2898 930 2951 sunt
944 2892 1063 2951 occulte.
1095 2891 1174 2951 Inter
1229 2933 1231 2935 -
1304 2927 1308 2934 -

135 2996 207 3054 quos
235 2982 330 3054 potior
350 2978 502 3038 videbatur
523 2976 717 3037 Theodericus
740 2977 775 3037 de
796 2978 972 3054 Erinpcrtze.
1014 2979 1072 3037 Per
1093 2980 1174 3038 cuius

134 3069 269 3125 astutiam
297 3072 408 3124 tanturn
429 3066 591 3124 laboratum
612 3072 671 3140 est,
703 3072 736 3122 ut
758 3064 870 3124 deserto
893 3064 998 3125 Ottone
1024 3065 1173 3142 Philippus

10 3145 17 3152 ’
133 3155 163 3211 in
193 3154 339 3212 civitatem
365 3155 546 3229 reciperetur.
591 3149 647 3212 Ore
677 3149 793 3227 quidem
818 3152 911 3210 fuerat
941 3169 1006 3211 cum
1026 3152 1090 3228 illo,
1122 3151 1173 3211 sed

136 3238 222 3298 corde
245 3255 310 3298 curn
331 3241 396 3298 isto.
446 3239 503 3298 Die
526 3237 651 3314 quadam
679 3256 745 3298 cum
771 3238 848 3297 idem
867 3239 1017 3314 Philippus
1036 3245 1173 3315 patronos

135 3328 273 3399 civitatis,
312 3328 361 3401 qui
397 3325 681 3401 circumferebantur,
721 3332 903 3400 sequeretur,
944 3325 1069 3386 ducebat
1095 3325 1173 3388 idern

127 3411 328 3496 *Theodericus
350 3409 449 3492 cumi)
472 3412 510 3472 ad
532 3418 691 3488 matronas,
718 3413 873 3488 respiciens
902 3419 931 3473 et
957 3412 1068 3472 dicens:
1096 3411 1173 3474 Ecce

141 3563 184 3666 r)
201 3595 252 3648 rur
269 3612 310 3648 om
328 3596 377 3649 nc.
388 3625 429 3642 -.
439 3597 471 3664 2)
488 3595 554 3648 noc
571 3565 616 3647 ar.
637 3625 668 3636 -
687 3597 719 3664 a]
737 3597 757 3649 a
776 3597 992 3664 praecatus-
1011 3599 1043 3666 4)
1061 3613 1173 3665 pecea-

202 3674 268 3718 tum
286 3683 329 3749 orn
345 3666 373 3718 O.
407 3666 438 3730 ll,
456 3668 486 3748 7¹.
499 3683 524 3734 p.
544 3667 590 3716 72:
609 3666 1055 3804 ”⁰⁰3⁵flecggdffiffffiiffimpect
1071 3667 1173 3805 11]ῗάιέιῖ

202 3743 721 3874 ΡΑθὲΙῗῗιοιιρειιῗιιῐιιΙιξῖῃιᾶαιιίξιξῗέιμῗίᾳυο
739 3807 906 3872 periculis.
923 3837 954 3848 -
973 3808 1005 3876 7)
1023 3775 1173 3874 pecuniis

204 3873 254 3927 add
271 3873 321 3926 BG.
340 3903 372 3912 -
391 3875 423 3942 8)
441 3873 483 3929 Bc
501 3873 668 3926 cumidem
687 3875 913 3930 Theodericus.
