2654 4308
388 233 443 294 Du
464 233 649 298 nivuesis
670 233 908 300 victorimus.
1128 237 1189 302 133

143 357 215 418 nuit
258 355 336 418 Ecce
357 361 417 425 tam
437 359 468 418 in
488 355 545 420 hoe
560 373 648 433 quam
668 360 698 418 in
710 357 857 433 praedicto
878 355 1015 418 mbaeulo
1036 358 1108 420 satis
1120 374 1190 434 per-

144 443 294 521 penditur,
322 451 462 520 quantum
483 445 561 506 beati
584 443 718 520 Apostoli
739 443 888 522 diligentes
909 461 940 504 se
962 444 1081 522 diligant
1102 451 1190 526 atque

146 530 315 609 glorificent
357 529 561 592 novicius:
580 531 656 592 Non
677 534 763 591 miror
783 533 808 592 si
830 531 979 608 diligentes
1000 549 1032 592 se
1054 530 1189 610 diligunt,

147 635 215 680 eum
236 635 324 694 supra
345 617 454 678 dietum
472 620 511 679 sit
531 617 568 678 de
596 624 697 680 saneto
717 618 836 678 Andrea
857 617 935 694 quod
956 620 1043 680 etiam
1064 635 1096 678 se
1117 635 1190 679 eon·

146 707 286 766 temnenti
315 704 439 766 iemime
470 704 509 765 ad
539 705 716 782 diligendum
746 707 904 782 ingesserit.
954 703 1189 770 nouacfflise

146 790 229 856 Sicut
256 809 344 868 supra
373 797 520 853 ostensum
542 798 587 852 est
607 791 643 852 de
665 797 764 854 sancto
786 791 921 854 Jobanne
941 791 1086 868 Baptista,
1116 794 1190 855 deut

146 877 283 956 Apostoli
311 878 494 956 diligentibus
515 896 547 940 se
564 877 726 954 'praemium
753 877 937 954 impendunt,
965 881 1006 938 ita
1027 897 1096 940 suos
1117 895 1189 942 eon*

145 970 302 1043 temptores
313 967 624 1044 quandoquepuniuut.
643 964 847 1026 NOVIOIUS:
860 965 1089 1041 Daexemplnm.
1110 963 1190 1028 MO-

145 1051 321 1115 NAOHUS:
343 1052 427 1114 Prius
449 1053 486 1114 de
506 1060 607 1114 saneto
620 1053 845 1133 Bartholomaeo
858 1049 875 1134 ¹)
896 1055 1078 1128 praemittam
1099 1069 1189 1114 unum

145 1139 325 1216 miraculum,
346 1139 449 1202 deinde
469 1138 555 1222 hoc²)
578 1140 656 1218 quod
676 1143 751 1216 petis
772 1140 946 1218 subiungant
967 1139 1139 1218 exemplum.

508 1329 742 1403 CAPITULUM
763 1329 830 1391 LX.

210 1453 258 1513 De
280 1451 365 1514 dente
384 1456 481 1514 saneti
500 1453 726 1514 Bartholomaa'
747 1453 783 1512 de
804 1471 864 1530 quo
885 1455 1009 1529 sanquis
1024 1456 1120 1516 ,amose
1183 1537 1186 1543 y

510 1559 579 1602 oum
600 1541 714 1600 deberet
734 1539 834 1602 dividi.

210 1661 246 1722 In
267 1661 369 1724 Monte
391 1663 484 1722 sancti
497 1660 654 1724 deatods
674 1663 755 1722 iuxta
767 1659 944 1738 Aquisgrani
963 1672 1056 1738 nuper
1076 1660 1188 1725 incluse

146 1749 291 1825 quaedam
305 1749 441 1810 delimato
462 1754 514 1823 est,
536 1765 610 1824 quae
626 1751 700 1808 iuter
720 1765 789 1810 suas
809 1747 944 1824 reliquias
965 1751 1051 1810 etism
1073 1747 1189 1812 dentem

145 1835 248 1898 babuit
268 1838 360 1898 saneti
372 1835 587 1896 Bartholomaei
599 1833 741 1912 Apostoli.
773 1834 839 1895 Hoc
862 1851 928 1896 com
940 1837 1042 1896 scisset
1050 1831 1071 1915 ³)
1088 1852 1188 1896 sacer·

146 1923 200 1984 dos
221 1919 271 1998 qui
293 1925 319 1984 ei
340 1925 444 1983 missas
466 1921 640 1996 celebrabat,
662 1937 785 1999 eumque
806 1920 988 1998 postulasset,
1009 1927 1039 1982 et
1058 1921 1108 1984 illa
1128 1939 1187 1984 non

145 2012 301 2085 annuisset,
320 2023 467 2072 recessum
488 2009 666 2083 minabatur,
692 2010 747 2070 nisi
768 2003 900 2088 auant)
922 2008 1048 2070 mediam
1070 2011 1097 2069 ei
1117 2027 1187 2085 par·
1234 2013 1243 2018 '

145 2103 205 2158 tem
234 2095 362 2158 donaret
403 2096 460 2158 Illo
486 2113 557 2159 vero
588 2095 703 2156 dentem
722 2094 847 2154 multum
868 2095 1001 2172 diligens,
1037 2101 1067 2156 et
1087 2111 1186 2158 sacer·

145 2182 214 2243 dote
235 2201 333 2244 aarere
359 2183 476 2259 nolens,
497 2189 530 2242 ut
550 2181 724 2243 dividmetur
745 2184 905 2258 consensit,
922 2181 991 2242 licet
1010 2183 1186 2244 invitissimo.

143 2269 287 2330 Miraras.
329 2269 399 2330 Mox
422 2273 498 2332 enim
518 2276 550 2329 ut
572 2269 706 2330 sacerdos
730 2268 876 2329 cultellum
898 2269 976 2328 denti
996 2268 1204 2346 superposuit,

143 2373 180 2417 ae
194 2358 219 2416 si
237 2357 330 2417 denuo
351 2365 469 2418 sanetus
490 2364 643 2434 pateretur,
662 2359 798 2434 guttatim
820 2356 856 2416 de
876 2355 925 2416 illo
946 2359 1063 2432 sanguis
1085 2357 1187 2433 erupit

145 2443 211 2520 Quo
225 2446 287 2506 riso
306 2444 441 2505 sacerdos
463 2447 575 2504 territus
598 2450 650 2519 est,
672 2443 844 2520 dentemque
865 2443 991 2502 inclusae
1013 2441 1119 2504 dimisit
1138 2445 1185 2502 in·

143 2537 265 2608 tegrum.
307 2531 371 2608 Ego
386 2548 455 2593 vero
471 2531 595 2591 eundem
617 2531 732 2590 dentem
754 2547 830 2591 anno
851 2531 1005 2606 praeterito
1026 2530 1086 2590 vidi
1107 2528 1185 2606 apud
1250 2549 1257 2553 ·

143 2617 373 2680 sanctimoniales
398 2619 429 2677 in
457 2617 589 2679 Poreeto.
633 2617 719 2694 Quod
749 2616 922 2694 quandoque
945 2615 1079 2693 Apostoli
1113 2633 1185 2680 eon·

143 2710 303 2766 minuentem
324 2721 358 2766 se
377 2707 507 2781 puniant,
527 2721 595 2766 aeae
617 2703 789 2782 exemplum.

495 2892 729 2954 CAPITULUM
757 2893 840 2954 LXI.

279 3014 328 3076 Dc
345 3013 461 3094 femina
482 3033 559 3093 quae
579 3023 715 3076 sanctem
736 3013 854 3076 Juduen
874 3017 1052 3092 eontenqaa

207 3136 344 3198 Maeona
370 3137 514 3213 quaedam
543 3135 697 3213 specialem
714 3133 898 3212 'Apostolum
929 3135 1037 3210 babere
1068 3133 1184 3214 volens,

143 3241 211 3287 cum
242 3241 276 3289 eo
299 3223 387 3284 modo
409 3240 466 3300 quo
487 3241 576 3300 supra
598 3224 706 3284 diatim
728 3229 772 3284 est
792 3221 828 3284 de
850 3229 950 3283 saneto
971 3221 1105 3298 Andrea,
1131 3239 1185 3302 per

142 3311 294 3374 caudelam
315 3313 433 3372 beatum
458 3310 568 3372 Judam
588 3317 622 3372 ut
642 3316 713 3387 puto
736 3311 918 3386 extraxisset,
938 3313 1020 3384 irata,
1040 3314 1115 3370 retro
1137 3307 1184 3370 al·

142 3397 241 3482 terim)
270 3401 373 3462 mtam
395 3397 545 3460 candelam
567 3415 633 3460 eum
653 3399 768 3456 nomine
788 3399 915 3458 iactavit.
957 3397 1086 3459 Volebat
1105 3397 1182 3458 euim

88 3543 100 3558 ,s
142 3488 250 3554 hebere
271 3481 442 3568 inumb-de
462 3487 617 3546 nominatis
634 3483 792 3562 Apostolis,
811 3490 845 3544 ut
865 3491 909 3544 est
929 3489 1047 3546 sanabis
1067 3481 1183 3550 Jobau·

160 3676 192 3744 l)
208 3673 254 3728 ΒΟ
270 3671 535 3729 Bartholomaeo.
555 3700 586 3713 -·
605 3670 638 3739 2)
655 3669 717 3724 boc
738 3669 787 3722 add
804 3668 879 3724 AGD.
899 3697 930 3710 -·
949 3669 982 3736 3]
998 3667 1044 3722 BD
1062 3661 1183 3722 seivit·

210 3742 554 3812 set-tJOsaltim3
577 3738 870 3794 nroerirnediarn
892 3747 1036 3806 partam,
1058 3737 1103 3792 BD
1120 3753 1183 3789 me-
1285 3776 1287 3780 .
1319 3765 1322 3774 ι

211 3813 293 3866 diam
310 3823 436 3883 partem
453 3812 573 3881 ei.-5)
585 3806 1181 3878 altarisaddB.-6)B0unumlrabere.
