2664 4308
446 283 500 350 DE
525 285 682 351 eademi
703 277 845 363 masia
1145 293 1163 351 9

122 422 150 476 et
171 415 232 475 sine
257 413 333 474 omni
356 412 579 474 contradictione
600 409 771 487 tradidisset,
797 419 826 472 et
846 418 913 472 ante
934 413 1022 489 ipsius
1044 419 1166 474 mortem

123 502 223 562 domus
235 517 309 577 quas
319 506 441 560 vocatur
449 501 546 560 Locus
561 506 678 559 sanctae
692 499 803 560 Mariae
816 505 979 560 consbueta
991 499 1099 576 inisset,
1112 503 1166 561 viri

122 588 238 666 quidam
252 587 362 648 nobiles
384 604 420 646 ex
435 590 496 647 eius
510 587 640 664 cognatis
660 592 727 662 post
743 587 804 646 eius
819 593 940 646 mortem
962 593 1061 646 contra
1073 589 1166 648 iusiu-

121 675 243 736 randum
264 677 421 749 venientes,
443 674 564 734 eandem
583 673 727 733 novellam
749 673 956 750 plantationem
975 676 1166 750 querimoniis,

120 765 212 838 minis,
240 764 348 838 rapinis
370 761 523 837 multisque
540 761 603 820 eliis
625 760 812 820 incommodis
832 760 984 820 molestare
1003 770 1167 838 coeperunt

120 849 228 910 Sancta
243 865 313 908 vero
326 849 384 908 Dei
399 847 527 908 Genitrix
541 848 631 924 Virgo
643 847 745 922 Maria,
768 847 895 906 eiusdem
908 847 1038 907 coenobii
1051 847 1167 910 domina

122 943 150 996 et
163 936 316 1010 advocata,
337 938 412 994 sicut
432 952 451 994 a
471 934 568 994 multis
586 933 742 1009 dicebatur,
763 933 819 994 hoc
842 933 919 1010 apud
937 933 1027 992 filium
1046 937 1111 1012 egit,
1133 943 1167 995 ut

120 1022 263 1082 Henricus
278 1022 314 1082 de
327 1021 485 1099 Molsbcrg,
507 1023 556 1097 qui
572 1023 745 1097 praecipuus
758 1020 918 1096 videbatur,
933 1021 1119 1098 obsideretur,
1138 1029 1168 1082 et

122 1127 209 1186 supra
230 1111 307 1169 vires
329 1108 537 1183 damnificatus,
563 1108 600 1168 de
621 1110 735 1184 proprie
759 1114 853 1168 castro
877 1108 1076 1168 eliminaretur.
1119 1109 1166 1170 De

122 1197 291 1274 Zegenbcrg
312 1199 356 1255 vir
377 1196 496 1271 nobilis,
519 1213 538 1254 a
559 1211 616 1270 quo
637 1194 759 1254 multum
782 1194 884 1255 domus
906 1195 1055 1271 praedicta
1074 1212 1166 1256 vexa-

122 1285 215 1360 batur,
238 1301 256 1342 a
277 1299 361 1343 servo
383 1299 436 1342 suo
459 1285 528 1342 satis
543 1281 741 1342 miserabiliter
763 1285 875 1342 occisus
899 1289 951 1342 est.
993 1282 1077 1344 Alius
1100 1285 1166 1360 qui·

123 1370 189 1430 dem
220 1371 257 1429 ad
287 1373 348 1429 eius
378 1368 631 1444 depraedationem
652 1385 822 1445 properans,
849 1372 878 1428 in
900 1371 949 1428 via
972 1373 1081 1446 crepuit
1102 1387 1166 1430 me-

123 1458 185 1518 dius
203 1454 230 1538 ¹).
274 1455 369 1533 Quam
397 1456 555 1515 vindictam
577 1472 644 1515 cum
664 1455 793 1516 audisset
814 1455 886 1515 alius
910 1455 1025 1531 quidam
1046 1456 1167 1532 nobilis,

121 1561 195 1603 unns
218 1543 255 1604 de
271 1542 468 1618 coheredibus,
487 1545 569 1622 venit
589 1542 628 1601 ad
649 1542 745 1602 locum
758 1545 861 1602 timore
877 1549 1032 1619 correptus,
1055 1537 1166 1604 dicens:

122 1631 250 1691 Domina
270 1648 337 1690 mea
358 1636 459 1690 saneta
480 1629 590 1704 Maria,
611 1631 668 1688 sint
688 1631 741 1688 tua
760 1630 821 1705 tibi,
836 1625 897 1707 'ego
918 1632 993 1705 parti
1015 1648 1096 1691 meae
1118 1649 1166 1692 re-

122 1719 236 1777 nuncia.
279 1716 452 1777 Wilhelmus
473 1716 554 1775 miles
577 1717 613 1775 de
633 1716 814 1791 Hclpinstein
823 1713 854 1796 ²),
875 1717 912 1776 ub
935 1733 1024 1777 uxore
1046 1720 1166 1794 instiga-

124 1813 277 1880 tus-quae
299 1821 331 1864 se
351 1804 487 1864 heredem
499 1805 712 1878 possessionum
734 1803 900 1870 cubaturum
922 1803 1043 1879 dicebat,
1065 1807 1167 1865 curtim

123 1893 271 1951 meliorem
292 1891 440 1966 invadens,
461 1891 561 1949 iratres
582 1890 678 1948 multis
701 1892 832 1966 expensis
857 1891 1007 1966 gravabat.
1048 1890 1167 1952 Interim

124 1978 259 2039 sacerdos
281 1979 398 2054 quidam
420 1978 583 2054 religiosus,
613 1978 759 2040 consessor
781 1979 856 2052 eius,
884 1983 968 2036 noete
991 1977 1116 2052 quadam
1137 1981 1192 2062 in,

124 2066 237 2126 Locum
265 2064 516 2125 sanctae-Mariae
546 2081 577 2124 se
605 2081 656 2140 per
684 2066 779 2123 visum
800 2067 1004 2139 transpositum
1025 2064 1109 2140 vidit,
1139 2073 1167 2126 et
1203 2125 1207 2136 ,

101 2169 190 2214 'eum
212 2151 331 2228 quidam
353 2169 389 2211 ex
410 2151 607 2211 sacerdotibus
631 2151 825 2211 celebraturus
848 2158 923 2210 esset
943 2153 1076 2226 missam,
1099 2160 1128 2212 et
1148 2171 1168 2211 a
1278 2175 1280 2182 ’

124 2239 288 2318 supradicto
310 2238 465 2299 Wilhelmo
486 2237 680 2313 impediretur,
701 2241 744 2297 vir
766 2237 883 2313 quidam
904 2241 1071 2315 nigerrimus
1093 2240 1167 2298 iuste

123 2327 204 2387 illum
224 2327 367 2403 percussit
395 2332 424 2385 et
452 2324 565 2384 occidit.
609 2324 702 2402 Quem
730 2327 826 2385 visum
855 2328 975 2384 cumei
1004 2328 1167 2400 recitasset,

123 2431 256 2474 asserens
279 2414 395 2473 eumin
416 2413 499 2472 brevi
520 2413 697 2488 moriturum,
718 2414 772 2471 nisi
794 2431 813 2472 a
833 2415 986 2472 vexatione
1006 2413 1166 2473 monacho-

123 2519 187 2560 rum
209 2505 350 2576 cessaret,
377 2499 425 2560 ille
454 2499 576 2558 stimulis
606 2499 778 2574 quotidianis
803 2502 900 2559 uxoris
928 2516 997 2560 suae
1020 2517 1052 2560 se
1072 2503 1168 2578 urgeri

124 2605 317 2664 conquerens,
346 2604 405 2646 non
426 2588 571 2662 acquievit
592 2587 757 2646 consulenti.
803 2585 913 2645 ditatus
933 2586 1033 2646 litteris
1053 2587 1167 2663 papali·

123 2675 187 2751 bus,
211 2692 278 2734 cum
300 2681 375 2734 esset
395 2676 424 2731 in
446 2673 573 2732 violenta
591 2676 781 2750 possessione,
803 2679 833 2732 et
853 2673 962 2733 iudices
986 2691 1051 2733 eum
1073 2674 1166 2734 advo-

124 2764 195 2822 eatis
223 2764 282 2820 iam
310 2763 457 2838 negotium
486 2759 591 2818 diutius
623 2766 858 2836 pertractassent,
890 2760 1007 2820 tandem
1038 2763 1168 2836 partibus

124 2848 196 2908 duos
211 2847 273 2907 dies
288 2847 489 2924 praefixerunt,
510 2864 599 2905 unum
616 2847 796 2906 amicabilem
808 2847 846 2906 ad
861 2847 1098 2924 componendum,
1122 2849 1167 2908 al-
1259 2893 1261 2897 -

124 2943 218 2994 terum
239 2952 309 2995 vero
332 2935 370 2994 ad
391 2933 568 3011 litigandum.
602 2934 659 3010 Qui
681 2951 746 2993 cum
768 2951 938 3010 componere
960 2951 1018 2993 non
1041 2943 1168 3010 possent,

125 3021 244 3098 diesque
272 3027 329 3081 tres
358 3020 454 3081 adbuc
482 3027 663 3095 superessent
692 3020 730 3079 ed
756 3021 939 3098 litigandum,
959 3021 1109 3082 lohannes
1131 3023 1167 3082 de

123 3108 291 3168 Horicheim
316 3111 345 3166 in
367 3108 467 3168 Veteri
488 3107 589 3166 Monte
612 3125 767 3167 conversus
776 3105 811 3188 ³),
839 3111 970 3183 proxima
990 3115 1074 3169 noete
1097 3109 1168 3168 vidit

123 3213 155 3256 se
169 3197 199 3254 in
215 3197 321 3255 somnis
339 3212 402 3256 esse
416 3197 445 3253 iu
462 3193 541 3254 Loco
557 3202 675 3255 sanctae
688 3194 807 3268 Mariae,
828 3195 947 3255 audiens
960 3198 1053 3272 ipsam
1068 3197 1167 3274 Virgi-

142 3383 173 3451 1)
191 3381 248 3442 Act.
268 3382 293 3443 1,
312 3381 352 3432 18.
371 3378 491 3432 Humilia:
521 3379 641 3446 „Quidam
660 3379 757 3432 illorum
776 3380 808 3432 de
826 3383 877 3432 suis
896 3383 984 3432 cestris
1003 3383 1077 3433 eiecti
1095 3394 1166 3447 sunt3

193 3451 257 3503 alius
269 3449 445 3502 miserabiliter
462 3452 523 3501 setis
541 3450 629 3500 lancea
647 3449 782 3517 percussus
801 3460 852 3513 est3
871 3451 934 3502 nlius
952 3467 1007 3502 curn
1027 3452 1058 3503 ed
1076 3452 1167 3505 damna

192 3519 282 3571 domus
295 3528 404 3572 armatus
417 3527 574 3587 properaret,
592 3521 617 3570 in
635 3521 676 3571 via
689 3521 825 3572 suffocatus
840 3523 937 3588 crepuit
953 3520 1059 3573 medius.
1093 3523 1167 3578 Unde

193 3589 295 3659 qnidam
318 3589 409 3640 nobilis
433 3597 459 3641 et
482 3592 537 3656 ipse
561 3589 634 3640 heres
658 3589 690 3640 ad
708 3592 885 3642 monesterium
904 3594 1022 3654 veniens,
1045 3593 1093 3644 iuri
1120 3611 1167 3646 sno

193 3659 393 3722 abrenunciavit,
411 3658 510 3710 dicens:
530 3657 618 3722 Video,
636 3658 703 3726 quod
716 3659 837 3711 Dominus
855 3670 881 3712 et
898 3661 972 3712 beata
991 3663 1044 3712 eius
1056 3663 1167 3716 Genitrix

192 3731 317 3796 imperent
335 3743 381 3795 pro
399 3728 485 3792 vobis3
507 3743 558 3780 non
576 3743 623 3780 ves
641 3728 747 3796 amplius
764 3730 934 3798 inquietabo.“
955 3760 985 3771 -
1006 3731 1037 3799 2]
1055 3731 1167 3800 llelpen-

194 3801 259 3850 stein
277 3798 326 3850 fuir
342 3806 451 3849 cestrum
470 3798 517 3850 sub
528 3797 744 3850 Ebrenbreitstcin
762 3811 793 3850 ex
811 3803 928 3868 opposito
940 3799 1120 3854 Confluentiae.
1134 3833 1164 3843 -

194 3869 226 3938 3]
235 3868 366 3935 „spiritum
375 3866 471 3920 habens
481 3867 679 3936 propheticum,“
689 3876 717 3920 ut
727 3867 788 3920 dicit
798 3880 886 3922 auctor
894 3873 919 3922 in
929 3870 977 3922 vo.
985 3869 1090 3940 Engelb.
1101 3873 1131 3935 ll,
1141 3874 1166 3926 3.

853 3942 906 4018 1*
