2538 4314
379 259 453 354 'nn
477 291 752 358 comnssnonn.
1036 295 1095 355 135
1140 323 1143 328 -

85 411 138 482 leet
155 417 233 478 suba
251 419 407 494 prorupit:
428 417 495 478 Vae
515 418 581 477 mihi
602 421 715 493 misero,
738 414 883 494 quomodo
905 421 965 476 tam
978 418 1098 492 turpiter

85 505 188 563 undans
207 507 266 564 sum
289 507 331 566 ab
355 505 415 565 hoo
437 503 633 565 homunculo?
676 505 780 581 Sicquc
812 503 976 580 perinanis
998 503 1096 562 humi-

82 589 123 651 lcn
141 592 349 667 confessionem,
372 593 462 652 homo
484 599 572 652 morte
595 593 698 670 dignus
721 594 953 665 avasitmortem‚
974 591 1097 667 adeptus

82 685 114 736 cst
129 683 272 740 victoriam.
320 679 411 756 Quod
432 686 530 738 antem
550 679 719 740 damnandis
741 679 884 739 confessio
915 679 1023 738 tribuat
1042 695 1097 738 ve·

79 767 144 842 niam
161 777 270 844 praesto
296 775 344 827 est
365 766 537 842 exemplum.

409 955 642 1018 CAPITULUM
662 957 750 1017 XIX.

128 1081 171 1140 Dc
188 1079 270 1157 fura,
294 1083 348 1156 qui
370 1077 512 1138 Coloniae
532 1079 666 1156 beneficio
688 1079 878 1158 confessiones
898 1085 1024 1138 mortem

528 1170 629 1226 evasit

124 1270 203 1330 Circa
221 1271 275 1330 illa
296 1276 438 1347 tempora,
461 1270 575 1345 quando
596 1273 707 1346 positam
728 1271 768 1329 fni
791 1270 830 1330 ad
843 1271 948 1344 literas,
968 1269 1014 1327 fur
1031 1270 1096 1350 qui·

76 1355 128 1415 dam
145 1361 173 1416 in
193 1361 282 1435 cippo
304 1359 458 1417 tenebatur
479 1365 544 1417 ante
564 1359 684 1416 Portam
704 1357 805 1416 Martis
829 1356 974 1416 Coloniae.
1003 1355 1097 1432 Quem

75 1445 190 1505 mccrdcs
219 1445 340 1520 quidam
366 1447 438 1503 satis
466 1443 617 1504 laudabilis
649 1446 741 1520 vitae,
769 1447 884 1503 nomine
910 1443 1099 1518 Eustachius,

75 1532 186 1592 ciusdem
207 1539 310 1608 portae
331 1531 474 1607 capellam
494 1549 605 1608 regens,
625 1533 729 1606 invisit,
751 1532 960 1590 confessionem
981 1529 1099 1604 audivit,

73 1624 160 1693 siper
179 1619 380 1695 eleemosynas
401 1635 469 1677 suas
490 1621 625 1678 visitavit
666 1618 712 1693 Et,
734 1621 808 1677 sicut
828 1617 1005 1678 mihiretulit
1020 1617 1099 1678 idem

74 1707 208 1782 sacerdos,
236 1723 325 1781 saepe
360 1708 387 1764 ei
409 1721 444 1764 cx
464 1705 603 1766 industria
624 1706 756 1764 mittebat
776 1705 918 1782 scyphum
939 1722 1040 1779 suum,
1068 1704 1098 1762 in

74 1807 120 1866 qno
139 1795 199 1868 ipse
220 1793 320 1852 bibere
343 1794 500 1852 consucvit.
541 1792 684 1852 Viderunt
704 1791 777 1852 haec
790 1790 806 1872 ¹)
829 1792 967 1866 homines,
990 1798 1020 1850 et
1040 1791 1098 1850 mi·

74 1879 204 1938 rabantnr.
246 1878 286 1938 Et
309 1897 377 1938 cum
398 1879 490 1938 honor
511 1897 529 1938 a
550 1878 699 1939 sacerdote
727 1879 778 1946 tali
798 1879 852 1937 suri
874 1879 1016 1938 exhibitus
1045 1876 1098 1936 de·

76 1962 139 2024 latus
158 1968 255 2026 linisset
276 1965 315 2026 ad
337 1964 458 2037 iudices,
480 1966 626 2025 hominem
646 1967 827 2024 innocentem
848 1972 991 2042 putantes,
1014 1964 1098 2022 dimi-

76 2059 162 2111 serunt
180 2054 267 2112 illum.
311 2051 515 2112 NOVICIUS:
545 2053 640 2128 Quare
668 2070 726 2110 non
755 2059 969 2128 consequuntur
997 2051 1100 2109 huius-

77 2139 144 2198 modi
163 2140 303 2200 bcneficia
324 2155 424 2198 omncs
446 2143 486 2198 rei
494 2137 514 2220 ²)
528 2158 580 2216 per
602 2139 830 2198 confessionem?
862 2136 1099 2198 MONACHUS:

77 2223 133 2283 Non
153 2228 302 2304 expediret,
326 2228 395 2301 quia
415 2226 510 2285 multis
531 2226 613 2286 fieret
634 2229 747 2286 occasio
757 2225 905 2302 peccandi.
936 2225 1009 2285 Vult
1017 2224 1100 2284 Dens

78 2311 216 2388 aliquando
236 2312 401 2373 huiusmodi
422 2314 559 2373 miracula
579 2313 641 2372 ficri
667 2331 720 2388 per
748 2313 955 2372 confessionem
977 2311 1100 2387 exempli

78 2412 168 2476 eausa,
193 2409 225 2460 ut
246 2407 386 2476 quantum
407 2403 534 2475 animae,
564 2402 645 2460 cuius
666 2399 808 2460 medicina
830 2407 886 2474 cst,
908 2399 1020 2474 valeat,
1048 2416 1100 2475 per

78 2486 150 2560 signa
169 2491 306 2547 exteriora
328 2487 469 2547 ostendat.
510 2489 593 2548 Bene
621 2487 683 2546 nult
711 2494 744 2546 ut
769 2504 835 2546 reus
862 2493 929 2562 post
940 2483 960 2564 ³)
984 2486 1100 2546 conlas-

79 2571 176 2632 sionem
194 2578 328 2651 pnniatnr
348 2577 379 2632 in
400 2577 558 2651 praesenti,
580 2591 617 2634 ne
639 2591 705 2633 eum
727 2577 757 2632 in
778 2573 871 2633 tuturo
894 2576 1009 2649 puniat,
1031 2575 1100 2648 quia
1196 2617 1199 2634 .
1258 2603 1259 2626 2

80 2673 130 2717 non
148 2665 224 2736 punit
242 2663 287 2722 bis
309 2664 339 2720 in
360 2657 522 2741 idipsumi).
564 2661 612 2720 De
634 2661 689 2720 hec
711 2663 764 2720 tibi
791 2660 885 2719 dicam
917 2661 1099 2720 manifestum
1169 2728 1173 2742 ι
1258 2629 1259 2668 ἶ

79 2747 228 2822 exemplum
247 2748 414 2828 aquodam
436 2748 539 2810 ordinis
561 2751 651 2808 nocui
671 2748 789 2808 Abbate
811 2747 881 2806 mihi
903 2748 1034 2808 relatum.

307 3000 309 3007 .
396 2938 629 3014 emmenum
648 2939 722 2998 xx.
735 2935 766 3019 a)

118 3056 185 3118 [mn
206 3061 239 3120 de
257 3061 337 3139 fure,
360 3064 412 3137 qut
434 3059 472 3119 ab
493 3061 639 3138 Episcopo
660 3059 816 3120 Laodiceni
837 3060 873 3120 cb
895 3059 1071 3119 vesiculum

161 3147 270 3240 Psalmi
292 3151 437 3207 centecimi
458 3152 554 3224 quieti
575 3151 749 3208 seutentiam
770 3151 874 3206 mertis
896 3149 1013 3222 accepit.

141 3281 173 3345 ln
190 3285 317 3346 Ecclesia
325 3284 346 3365 ⁵)
367 3280 521 3346 Leodiensi
535 3287 696 3363 Episcopus
707 3286 823 3362 quidam
837 3286 897 3360 fuit,
918 3287 962 3344 nir
981 3282 1098 3360 religio-

86 3380 129 3424 sus
146 3385 177 3430 ac
195 3375 293 3432 timens
314 3374 420 3434 Deum.
462 3373 519 3434 Die
542 3373 667 3449 quadam
690 3391 756 3432 cum
784 3373 898 3432 sederet
928 3375 958 3430 in
988 3371 1099 3447 capella

88 3465 133 3510 ma
150 3456 219 3517 solus
238 3467 364 3536 ternpore
393 3460 647 3537 quadragesimali,
679 3467 708 3520 et
733 3459 900 3536 psalterium
928 3458 1099 3534 lectitando,

90 3542 250 3604 vmnseted
269 3547 349 3607 illum
376 3548 473 3608 locum
487 3541 508 3628 6)
530 3548 639 3608 Psalmi
662 3549 808 3607 centesimi
837 3547 942 3622 quinti,
976 3545 1098 3605 scilicet:

107 3720 136 3788 1)
148 3723 183 3777 ui
197 3727 258 3783 hoc.
275 3763 307 3772 -
324 3733 357 3802 2)
374 3733 393 3786 Ρ
411 3749 519 3786 omnes
542 3735 591 3785 roi
614 3731 803 3786 huiusmodi
820 3730 994 3784 beneficia.
1015 3757 1045 3768 ·—
1065 3728 1098 3795 3)

150 3793 258 3866 tepea
276 3831 306 3843 ·-
332 3804 365 3871 4)
382 3803 478 3855 Nahum
499 3804 530 3868 1,
556 3803 597 3854 12.
617 3832 648 3842 -
676 3803 709 3870 *)
727 3801 817 3855 llcmil.
836 3801 864 3854 ll.
883 3817 908 3868 p.
930 3800 987 3851 111.
1007 3827 1037 3838 -
1065 3797 1098 3864 5)

152 3862 315 3924 ccivtuue.
334 3903 366 3912 -
384 3874 415 3942 6)
432 3873 475 3926 ΑΡ
492 3873 594 3926 locum
618 3871 717 3924 illum.
820 3889 824 3900 ·
