2594 4302
182 227 247 288 set
497 223 726 290 nummo
750 224 908 289 DECIMA

182 363 299 410 mutem
318 344 450 424 tulimus,
476 348 528 410 ubi
550 350 587 409 sit
607 350 727 426 seimns3
759 348 812 410 scel
832 351 888 410 nisi
909 349 979 409 certi
999 345 1037 409 de
1057 348 1119 409 rits
1137 346 1223 410 lueri·

182 452 248 496 mus
259 431 293 514 ¹),
320 451 469 511 nunqusrn
491 434 570 496 llinm
591 435 784 496 ostendemus
827 435 904 513 Quiri
924 435 1030 512 plural
1073 435 1224 497 Ducuntur

182 520 222 582 ed
235 520 419 598 Episcopum,
434 524 528 599 graia
544 524 637 583 erncb
647 525 820 598 promittitur
831 525 1005 598 immunitas,
1026 540 1098 583 crux
1110 528 1226 584 ostensa

182 613 359 684 reportatur,
390 613 471 669 extra
501 611 681 685 provinciam
712 609 919 670 conducuntur.
967 609 1005 668 lit
1038 612 1108 686 quia
1135 611 1227 674 iustus

182 693 270 756 index
297 693 408 754 nullum
435 701 588 771 peceatum
615 695 748 773 relinquit
767 695 906 771 inultum,
932 701 963 756 et
989 711 1079 772 saepe
1104 703 1227 773 perenm

182 783 266 859 punit
295 788 463 858 peccatum,
494 784 622 858 permisit
648 787 682 842 nt
710 785 841 859 sequenti
869 782 916 844 die
942 785 1047 844 iterum
1075 783 1228 844 sensnm

183 868 381 945 bilringerent,
408 869 438 928 in
468 885 526 945 qua
554 871 631 945 nepti
659 870 740 946 sunt,
768 872 967 945 et'suspensi.
1019 868 1228 931 NOVIGIUS:

183 954 260 1016 Satis
293 954 411 1015 evidens
430 955 484 1016 init
502 955 559 1016 boe
580 956 758 1016 miraculum.
800 954 1037 1016 MONACHUS=
1066 956 1166 1018 Tanta
1188 963 1230 1017 est

183 1043 275 1106 virtut
296 1044 401 1118 erneis,
422 1048 455 1102 ut
475 1047 506 1102 et
526 1043 586 1102 suis
608 1043 854 1120 contemptoribus
874 1049 907 1103 ut
929 1042 1106 1104 dictumest
1126 1043 1231 1104 inierst

98 1136 101 1144 ’
183 1145 317 1206 poenam,
337 1134 367 1188 et
386 1129 592 1190 venerantibus
611 1128 691 1190 illem
712 1132 844 1190 restituet
864 1131 1026 1191 sanitatem

525 1318 760 1382 CAPITULUM
781 1319 885 1383 XXII.

227 1442 439 1504 Damonem
459 1460 538 1520 quoe
557 1444 620 1502 nne
641 1441 743 1504 dolore
759 1445 890 1521 peperit,
914 1461 983 1504 nem
1004 1437 1191 1506 convenisset

204 1531 209 1543 “
532 1531 565 1589 in
585 1532 688 1589 mariti
707 1531 883 1606 siqnotiottc.

251 1649 325 1710 Cum
345 1649 541 1712 scholasticus
562 1649 740 1711 Coloniensis
756 1648 889 1710 Oliverus
911 1667 1027 1711 erucem
1047 1651 1232 1729 praediceret

184 1737 215 1796 in
235 1735 386 1813 Fleudria,
417 1739 491 1798 sicut
511 1740 573 1814 ipse
593 1738 678 1798 nobis
699 1737 809 1812 retulit,
842 1740 915 1797 inter
943 1738 1069 1814 reliquos
1097 1740 1232 1817 signatus

186 1829 231 1885 est
257 1824 298 1883 ibi
325 1823 407 1884 miles
434 1823 514 1885 dives
537 1831 566 1884 et
586 1824 733 1884 honestus.
777 1823 863 1902 Quod
882 1825 934 1884 ubi
954 1842 1028 1885 uxor
1054 1827 1118 1885 eius
1148 1842 1232 1886 eom·

185 1911 267 1988 perit,
287 1909 394 1971 afflicta
416 1917 461 1972 est
479 1928 573 1987 nsque
594 1911 633 1971 ed
653 1916 783 1971 mortem.
825 1907 897 1971 Erat
918 1914 994 1972 enim
1015 1913 1113 1972 vicina
1126 1915 1232 1990 partui.

185 1995 236 2058 Ad
257 2015 344 2076 qnam
359 1995 491 2058 Oliverns
509 1997 627 2058 consilio
640 1999 735 2057 mariti
755 1999 908 2075 ingressus,
929 2000 1003 2058 iuter
1016 1999 1106 2060 verba
1124 2016 1233 2061 eonsc-

186 2082 301 2145 lstionis
318 2083 428 2144 addidit
449 2091 479 2145 et
498 2084 586 2146 base:
607 2083 639 2144 Si
661 2083 779 2145 consilo
792 2099 857 2144 meo
875 2087 1062 2161 acquieveris,
1082 2091 1113 2146 et
1134 2087 1230 2146 virum

186 2176 269 2231 mum
291 2171 404 2232 Christo
425 2171 547 2232 militare
570 2173 746 2249 permiseris,
778 2171 816 2230 ab
838 2173 995 2232 imminenti
1015 2163 1145 2249 periculo
1168 2176 1231 2234 sine

187 2257 286 2318 dolore
306 2258 501 2340 liberaberis„
525 2257 656 2336 Cumque
676 2257 726 2318 ille
746 2257 843 2318 verbis
875 2261 937 2318 eine
968 2257 1084 2336 pisente
1111 2259 1231 2337 fuisset,

55 2345 58 2352 '
185 2343 381 2407 Scholastious
403 2346 525 2406 subiecit
532 2341 569 2426 ²):
590 2345 733 2422 Tempore
748 2351 848 2420 partus
868 2351 950 2406 veste
963 2347 1059 2406 mariti
1070 2347 1114 2406 tui
1127 2347 1232 2426 signa·

186 2437 218 2492 ta
245 2438 275 2493 te
303 2438 453 2510 conteges,
488 2438 518 2492 et
545 2434 638 2492 crucis
664 2435 800 2491 virtutem
835 2434 949 2492 sennes.
998 2431 1122 2494 Solebat
1152 2439 1231 2496 enim

165 2533 253 2579 -onm
278 2514 411 2579 menimis
444 2518 616 2579 cruciatibus
643 2535 753 2595 parere.
806 2517 884 2578 Mire
904 2518 1008 2579 Christi
1022 2516 1044 2601 ⁸)
1066 2520 1231 2582 clemenn's.

135 2654 140 2667 .
185 2604 315 2666 Instante
335 2605 408 2666 hora
427 2605 571 2684 pariendi,
599 2605 649 2666 illa
669 2622 728 2666 non
748 2607 899 2666 immemor
919 2606 1044 2683 consilii,
1063 2607 1154 2684 pollio
1179 2609 1232 2670 viri

186 2707 218 2753 ee
239 2696 319 2769 texit,
340 2699 369 2753 et
389 2709 464 2771 pene
487 2693 637 2752 sincomni
659 2692 758 2752 dolore
779 2683 926 2773 partum⁴)
950 2691 1057 2752 effudit
1099 2692 1175 2756 Alia
1198 2695 1232 2756 de

188 2795 273 2842 unce
301 2796 394 2857 aeque
415 2779 588 2840 miraculosa
608 2781 638 2838 in
660 2777 847 2856 sequentibus
868 2780 920 2840 tibi
940 2780 1077 2856 recitabo,
1099 2783 1174 2857 quia
1196 2781 1232 2843 ad

185 2865 392 2928 elementorum
413 2865 552 2926 miracula
579 2865 691 2926 festino.
736 2863 939 2926 NOVIGIUS:
969 2866 1049 2943 Quot
1069 2873 1140 2928 eunt
1171 2869 1232 2930 ele-

184 2952 308 3014 menta?
349 2951 586 3014 nonnullus:
616 2953 763 3030 Quatuor,
783 2954 857 3030 ignis
877 2951 1026 3030 videlicet,
1047 2967 1115 3030 aer,
1135 2971 1233 3033 aqua,

154 3037 298 3122 »temp
346 3040 382 3100 In
413 3039 518 3116 qulbus
549 3037 663 3124 videtur
694 3039 870 3115 temporibus
893 3042 1002 3100 uostris
1030 3039 1145 3118 impleri
1175 3043 1234 3105 boe

184 3127 264 3205 qnod
294 3144 347 3204 per
367 3125 547 3187 salvatorem
568 3129 597 3185 in
618 3126 778 3204 Evangelio
810 3125 925 3186 dicim:
957 3127 1059 3188 Erunt
1085 3131 1182 3206 stpna
1203 3135 1234 3190 in

183 3216 245 3276 sole
274 3221 302 3276 et
329 3215 405 3274 lona
435 3219 463 3273 et
491 3214 595 3288 stellis,
624 3219 652 3273 et
672 3217 705 3273 in
734 3217 819 3274 ueris
835 3218 1135 3290 pressoraqentiom
1151 3235 1234 3294 prus

184 3301 357 3381 contemnere
373 3304 487 3362 sortitus
507 3303 601 3360 maris
618 3305 646 3360 et
665 3300 821 3380 fluctuum,
844 3299 1039 3362 arescentibus
1060 3301 1234 3364 bosnistibtu

181 3407 258 3470 prae
271 3391 376 3448 umore
397 3394 426 3447 ei
440 3389 654 3466 setpeetotione
667 3405 746 3464 qoue
766 3391 973 3463 eopeoenicnt
991 3389 1132 3448 umberto
1156 3389 1233 3464 orbi,

162 3525 167 3536 .
184 3475 339 3552 etreliqua
354 3475 484 3550 quesibi
499 3469 698 3553 sequuntur⁸).
740 3471 820 3535 Alibi
833 3473 972 3552 praedicit
985 3471 1063 3534 bella
1074 3479 1105 3536 et
1115 3479 1233 3539 terrac

203 3661 235 3732 i)
251 3659 298 3714 ΒΕ
315 3675 438 3726 snmus,
454 3659 521 3715 su?
539 3661 646 3714 almus.
659 3685 691 3706 ι-
703 3658 736 3726 l)
754 3657 775 3712 Ο
792 3656 937 3723 slleelt,
953 3657 977 3711 B
994 3657 1181 3714 subiunxit.
1199 3691 1231 3704 -

252 3728 464 3866 ἓὶίέδσυ-οῶ-
483 3728 556 3799 4)Β
580 3727 688 3784 letum.
713 3757 745 3774 -
770 3727 803 3799 b)
819 3726 864 3783 cu
887 3735 920 3783 et
942 3735 1096 3784 terrae·
1118 3730 1153 3801 θ)
1172 3731 1230 3786 bue.
