2622 4322
154 271 216 332 aar
296 263 300 282 ·
415 239 683 330 'prsrmorro
703 263 868 345 Qunam

152 389 272 469 aliisque
296 375 500 468 pulmentariis.
543 390 648 466 Sicque
668 407 720 467 per
740 391 862 467 gratiam
883 389 940 448 Dei
951 383 968 470 ¹)
990 403 1090 448 omnes
1111 402 1188 464 pau·

151 497 236 557 peres
264 480 509 554 supervenientes,
537 493 630 553 usque
657 477 695 537 ad
716 493 839 536 messem
861 477 1018 535 sustentati
1031 481 1107 534 sunt
1149 474 1189 534 Et

152 569 226 628 sicut
246 565 343 625 audivi
363 565 401 624 ab
424 581 473 624 ore
491 567 549 624 iam
571 564 638 624 dicti
658 563 784 624 Gevardi
792 560 812 644 ²)
835 561 967 637 Abbatis,
988 579 1054 622 cum
1074 561 1190 622 timeret

121 679 124 690 s
151 670 189 713 nc
209 653 281 712 torte
302 668 417 711 annona
436 669 596 728 pauperum
616 657 683 710 anta
704 657 817 726 tempus
840 648 980 725 deficeret,
1001 655 1031 710 et
1050 645 1190 725 pistorem

151 736 234 820 pro³)
257 755 291 798 eo
304 738 381 814 quod
394 755 484 815 panes
498 739 582 796 nimis
595 754 715 814 magnos
734 736 849 811 iaceret,
870 742 1017 813 argueret3
1038 734 1189 813 respondit

151 825 213 886 ille:
237 822 349 885 Credite
370 825 454 901 mihi,
483 824 611 900 dominc,
638 826 667 882 in
689 830 774 900 pasta
790 820 880 884 valde
900 825 983 898 parvi
1004 826 1086 896 sunt,
1108 823 1190 882 etin

110 971 112 976 ,
151 913 266 973 fornace
288 906 426 972 crescunt.
467 911 555 970 Parvi
585 913 788 986 immittuntur,
817 917 846 969 et
866 911 965 986 magni
993 908 1189 969 extrahuntur.

151 998 261 1060 Retulit
283 999 361 1066 ,mihi
382 998 458 1059 idem
479 1000 583 1074 pistor,
611 997 696 1057 irater
717 996 825 1058 scilicet
847 995 995 1055 Comedus
1016 995 1109 1070 rufus,
1137 997 1190 1071 qui

152 1085 248 1146 adhuc
269 1087 356 1162 vivit,
384 1087 452 1161 quia
479 1074 537 1144 no‘n
566 1082 659 1146 solum
687 1101 777 1161 panes
805 1085 835 1142 in
855 1083 986 1158 fornace,
1012 1085 1071 1143 imo
1101 1083 1190 1142 otiam

151 1172 391 1234 remanerent
420 1173 450 1230 in
477 1173 568 1232 saccis
596 1175 625 1230 et
652 1171 682 1228 in
709 1173 803 1246 vasis,
829 1172 870 1229 ita
890 1178 924 1229 ut
944 1172 1065 1246 pistores
1087 1185 1188 1230 omnes

73 1284 78 1299 κ
152 1263 337 1334 mirarentur,
371 1275 425 1318 nec
459 1275 517 1318 non
553 1263 582 1317 et
615 1274 771 1333 pauperes,
785 1257 790 1264 '
806 1259 855 1332 qui
887 1257 953 1317 inde
981 1257 1189 1316 nutriebantur.

151 1345 296 1406 Dicebant
311 1347 401 1404 enim:
423 1343 549 1404 Domine
560 1344 650 1419 Deus,
664 1344 832 1404 undevenit
846 1347 937 1403 omnis
951 1360 1065 1403 annona
1079 1337 1189 1424 istat)‘?

151 1431 263 1494 Eodem
305 1449 381 1491 armo
420 1431 501 1496 dives
532 1431 674 1491 Dominus
705 1433 853 1491 caritatem
886 1427 1034 1491 servorum
1070 1445 1190 1489 suorum

153 1523 238 1580 etiam
251 1520 281 1578 in
302 1517 358 1579 hac
378 1521 440 1578 vita
460 1535 512 1595 per
534 1511 698 1593 centuplum
719 1519 918 1577 remuneravit.
954 1517 1031 1584 Nam
1051 1519 1190 1594 magister

151 1605 284 1666 Andreas
317 1605 458 1682 Spirensis
492 1622 544 1681 per
584 1608 737 1680 pecunias,
777 1621 849 1680 quas
877 1606 907 1664 in
937 1607 1015 1664 curia
1042 1603 1191 1664 Frederiei

151 1693 349 1772 imperatoris,
377 1710 431 1752 neo
455 1709 514 1752 non
537 1700 566 1752 et
585 1693 615 1750 in
638 1691 760 1752 Graecia
788 1696 1024 1768 congregaverat,
1050 1707 1191 1768 magnum

152 1779 288 1841 allodium
301 1782 331 1840 in
344 1775 541 1860 Blitirsdorp⁶)
563 1781 639 1855 emit,
659 1780 800 1855 nobisque
820 1780 850 1838 iu
865 1777 1076 1856 eleemosynam
1097 1776 1188 1839 dedit.

151 1866 236 1928 Unde
257 1867 322 1928 talis
344 1866 486 1943 voluntas,
507 1868 561 1926 nisi
581 1885 600 1926 a
620 1865 708 1926 Deo‘?

487 2054 720 2118 CAPITULUM
743 2055 854 2117 LXVl.

165 2179 241 2240 ltcm
262 2179 299 2239 dc
319 2180 512 2252 humanitate,
535 2195 626 2254 quam
650 2178 755 2237 domae
775 2181 809 2236 in
829 2176 1046 2236 Hammenrode
1067 2176 1170 2237 eodem

210 2279 211 2284 ’
266 2273 395 2342 terpora
414 2268 447 2325 in
466 2283 611 2342 pauperes
631 2265 716 2341 fecit,
739 2272 767 2324 et
788 2265 984 2340 quodmodo
1001 2264 1072 2340 plus

551 2370 572 2410 a
592 2352 660 2411 Deo
680 2354 794 2427 necarit.

214 2490 325 2550 Eodem
352 2495 479 2566 tempore
508 2488 610 2550 domus
638 2491 667 2548 in
695 2486 924 2565 Hemmenrode,
954 2494 1047 2573 mater
1073 2494 1189 2565 nostra,

150 2594 209 2637 non
237 2579 375 2636 minorem
405 2579 568 2652 oarimtem,
593 2579 652 2636 imo
680 2582 760 2636 tanto
788 2579 941 2651 maiorem,
971 2581 1079 2658 quanto
1104 2573 1189 2640 ditor

149 2663 210 2748 tuit,
224 2665 398 2741 pauperibus
416 2663 552 2724 exhibuit.
572 2664 666 2724 Tanta
680 2666 755 2723 enim
768 2663 859 2723 tames
873 2679 1015 2740 pauperes
1029 2662 1189 2738 premebat,
1265 2719 1267 2726 .

150 2757 184 2811 ut
197 2749 329 2810 mulieres
339 2757 529 2828 praegnantes
540 2757 606 2812 ante
620 2756 732 2826 portam
743 2753 772 2808 in
785 2766 901 2810 nemore
914 2749 1043 2825 pariendi
1056 2756 1189 2825 tempora

150 2837 308 2914 implerent.
364 2837 494 2897 Christus
529 2855 597 2899 varo
617 2854 692 2896 non
723 2839 872 2897 immemor
902 2833 1004 2916 illius⁶)
1040 2838 1187 2913 promissi:

150 2925 246 2998 Date,
270 2932 298 2984 ct
319 2923 440 2984 dabitur
460 2921 590 3002 vedav,
613 2927 680 2999 quia
701 2922 772 2999 largi
794 2930 874 2984 erant
894 2926 923 2982 in
945 2922 1056 2998 dando,
1077 2923 1188 3008 largam

149 3011 205 3070 illis
234 3013 311 3070 misit
338 3011 569 3094 eleemosynam..
604 3009 749 3070 Gerardus
778 3011 854 3069 enim
882 3009 1067 3086 Praepositae
1095 3011 1189 3070 sanati
1225 3069 1230 3076 ,

151 3097 292 3158 Simeonis
321 3100 350 3160 in
372 3097 489 3158 Treveri
517 3099 641 3168 morione
675 3099 750 3158 eirca
771 3094 947 3178 sexcentas⁸)
969 3095 1056 3158 libras
1078 3098 1188 3173 argenti

148 3184 204 3244 illis
224 3184 346 3262 legavit,
374 3203 409 3244 ox
431 3186 535 3262 quibus
557 3191 674 3246 centum
694 3184 866 3260 adportam
885 3185 915 3244 in
936 3201 1006 3244 usus
1028 3200 1188 3260 pauperum

148 3273 348 3349 sequestravit.
394 3271 542 3332 Portarius
577 3289 647 3332 vero
677 3278 792 3332 centum
819 3271 907 3330 libras
935 3288 1003 3330 suas
1031 3271 1187 3347 recipiens,

141 3376 207 3419 non
229 3376 264 3419 ex
286 3360 327 3420 eis
348 3359 449 3418 vineas
462 3358 510 3419 vel
530 3376 623 3436 agros,
645 3358 696 3418 sed
710 3357 829 3418 totidem
846 3357 957 3417 maldra
970 3357 1087 3435 siliginis
1108 3356 1187 3434 apud
1207 3415 1214 3426 ,

167 3563 199 3632 ¹³
217 3562 258 3699 ἓξ
268 3558 1185 3699 ttacitns.titt?'ditetistttttttla

50 3741 57 3760 ,
183 3743 186 3748 .
217 3701 380 3755 Plittersdori
403 3701 463 3755 villa
485 3704 696 3772 prope—Bonnam
719 3703 751 3755 sd
769 3701 882 3754 Rhenum
900 3702 957 3754 sita.
976 3730 1008 3741 -
1032 3702 1064 3770 6)
1090 3699 1185 3752 illius

155 3803 161 3814 -
216 3770 264 3894 Edu
265 3771 363 3894 ι11338ἔὲ
369 3771 489 3895 Ζέῃῐὶιὶφε
497 3773 523 3839 6,
541 3774 584 3827 38.
594 3805 626 3816 -
637 3775 670 3844 8)
685 3773 704 3827 Ρ
723 3773 892 3827 ducentas.
909 3771 943 3825 Aa
953 3772 1043 3825 literae
1059 3769 1091 3824 do
1106 3770 1185 3842 signi·
