2622 4322
205 251 286 310 1941
504 246 916 327 ossumouroousms

201 373 377 432 universitas
398 373 571 445 iniquitatis.
614 371 737 447 Linpua
760 375 949 431 constituitur
969 373 1002 429 in
1021 369 1157 430 montom
1177 388 1229 431 no·

161 517 166 530 ,
202 461 278 530 stris,
302 475 379 532 quae
400 459 533 517 maculat
551 464 646 517 totum
668 476 774 532 empus
788 461 954 517 natiuitatis
967 465 1095 532 nostrae,
1116 458 1230 535 udatu-

201 552 286 604 rnata
308 562 328 601 a
349 545 482 618 pedenna
498 541 525 620 ¹).
568 541 771 604 NOVIGIUS:
794 545 840 603 Ita
858 562 904 604 me
926 550 977 603 tua
998 550 1085 604 terret
1106 546 1192 604 oratio
1203 541 1231 623 ²),

203 639 234 690 ut
254 647 412 707 proponam
425 633 540 690 omuino
561 647 621 690 non
642 634 727 690 irasci
746 632 879 690 fratribus
900 633 980 691 meis.
1002 629 1230 691 MONACHUS:

202 719 284 778 Tunc
305 719 407 776 beatus
430 720 492 778 sris.
538 718 596 794 Qui
617 725 725 792 autern,
747 724 780 776 ut
801 721 841 777 ait
862 718 937 777 idem
960 717 1129 794 Apostolus,
1145 724 1231 793 putat

201 823 231 864 se
251 807 420 880 uelipiosum
442 823 507 878 esse,
528 822 591 863 non
603 804 758 880 refrenans
772 806 907 879 linquant
921 823 1016 877 suam,
1038 804 1231 864 sedseduccns

202 909 253 950 cor
274 910 378 964 suum,
403 883 493 950 'huius
522 909 603 950 cana
626 899 667 950 est
685 888 843 965 vr·etipio³)‚
871 891 901 949 id
924 898 981 966 cst,
1002 891 1110 950 inutilis
1132 897 1161 950 et
1179 892 1231 948 im·

202 978 317 1038 munda.
360 978 483 1053 Linpua
503 969 668 1053 inquietum
689 979 804 1036 malurn
827 985 887 1050 est,
904 979 997 1052 plenu
1018 995 1132 1037 oensem
1154 995 1231 1036 mor-

202 1065 298 1140 tifero.
341 1065 380 1122 In
407 1068 473 1140 ipsa
502 1064 694 1123 benedicimus
715 1065 815 1124 Desint
837 1071 864 1122 ct
886 1066 1027 1139 Patrem,
1057 1071 1086 1124 ct
1114 1068 1146 1123 in
1172 1068 1232 1140 ipsa

201 1153 402 1211 maledicimus
423 1153 561 1224 homines,
584 1155 636 1226 qui
658 1151 700 1209 ad
719 1152 938 1210 similitudinem
952 1152 1011 1211 Dei
1030 1151 1108 1227 facti
1128 1147 1232 1228 sunit).

203 1237 287 1298 Unde
309 1239 377 1296 alibi
401 1240 538 1312 scriptum
568 1243 612 1296 est
641 1237 675 1296 de
705 1236 768 1296 illa:
800 1237 883 1296 Mors
913 1245 940 1296 et
961 1241 1025 1296 uita
1046 1241 1080 1296 in
1100 1237 1232 1296 mantuo

203 1327 323 1401 linquae
336 1323 366 1395 ⁵).
411 1322 614 1383 NOVICIUS:
648 1324 712 1399 Qua
736 1323 918 1382 similitudine
940 1324 1041 1383 dicitur
1062 1324 1161 1401 lingua
1181 1323 1230 1382 hs·

200 1413 269 1472 bere
291 1410 415 1474 manus?
458 1409 692 1470 MONACHUS:
717 1410 791 1486 Quia
808 1427 894 1486 saepe
917 1428 1005 1470 causa
1026 1414 1128 1471 mortis
1150 1411 1232 1470 effici-

201 1505 248 1558 tur
269 1499 380 1574 corpori
403 1504 431 1557 et
452 1499 579 1571 anmrac,
606 1497 733 1556 siluerit
756 1496 841 1572 dura;
863 1499 941 1557 vitae
962 1515 1032 1556 vero
1054 1500 1185 1573 utrique,
1211 1498 1232 1555 si

200 1585 284 1645 luerit
311 1583 405 1643 mollis
427 1590 456 1643 et
476 1587 608 1660 gratiosa.
652 1582 735 1643 Unde
757 1582 909 1642 Salomon:
953 1585 1117 1660 Remmtsio
1143 1583 1232 1644 mollis

200 1675 318 1747 mitipat
339 1674 431 1745 itanu·
452 1688 547 1729 sunto
570 1670 663 1728 durus
685 1673 808 1730 suscitat
827 1671 962 1746 furorem
975 1668 1007 1742 ⁶).
1046 1670 1114 1730 Hoc
1135 1670 1232 1746 imple·

200 1765 263 1817 tum
285 1759 370 1817 estin
381 1757 487 1817 David
519 1757 618 1816 Sermo
635 1755 721 1815 dums
735 1757 830 1816 Nabal
843 1760 872 1815 iu
893 1774 994 1816 necem
1008 1761 1153 1834 propriam
1173 1758 1233 1834 gla-

201 1845 281 1930 dium
303 1843 395 1904 sidem
416 1846 548 1920 porrexit,
571 1861 657 1920 quem
677 1860 772 1903 sermo
794 1850 925 1904 sensatus
945 1843 1063 1921 Abigail
1084 1841 1232 1922 retraxitt).

201 1931 239 1990 lu
261 1933 328 2007 quia
349 1934 378 1990 in
400 1933 531 1990 manibus
553 1930 667 2007 linguae
689 1947 765 1988 mors
788 1937 839 2005 est,
862 1931 980 1990 Creator
1001 1931 1232 2007 pmdentissimus
1277 1975 1278 1984 ,

202 2018 345 2094 duplicem
368 2019 394 2076 ei
414 2036 535 2092 murum,
558 2035 672 2077 osseum
693 2017 802 2077 scilicet
824 2024 852 2076 et
874 2035 1018 2093 carneum,
1039 2018 1070 2077 id
1093 2024 1144 2094 cst,
1167 2018 1232 2077 den·
1277 2041 1278 2046 ¹

200 2111 245 2165 tes
267 2111 296 2165 et
317 2105 402 2179 labia,
423 2107 600 2180 anteposuit;
621 2110 739 2180 propter
758 2106 927 2164 vitamvero
941 2113 1095 2182 utrumque
1109 2107 1232 2182 pervium

200 2192 276 2252 fecit
308 2192 402 2268 Loqui
425 2191 460 2250 de
482 2189 598 2270 bonis⁸)'
618 2191 705 2250 vitale
728 2197 779 2249 est.
811 2190 1017 2255 NOVIOIUS:
1038 2192 1141 2253 Placet
1161 2189 1232 2268 quod

203 2279 282 2339 dicis.
325 2275 561 2339 MONACHUS:
582 2277 666 2338 Haec
689 2277 724 2338 de
745 2279 788 2338 ira
810 2277 972 2338 dictasint.

534 2439 767 2530 assumam
798 2469 918 2528 xxm.

486 2593 535 2651 Dc
556 2592 668 2651 inuidia
690 2598 717 2651 ct
743 2591 861 2668 filiabus
883 2594 952 2650 eius.
1046 2641 1047 2646 ,

265 2733 330 2791 Irae
353 2730 480 2791 succedit
501 2730 624 2804 invidia,
651 2736 680 2789 et
702 2729 737 2789 dc
758 2732 822 2806 ipsa
843 2732 977 2789 nascitur.
1020 2730 1075 2790 Est
1096 2732 1172 2790 euim
1191 2730 1232 2788 in·

201 2818 278 2879 vidia
299 2821 342 2878 ira
362 2821 528 2892 inveterata,
552 2817 648 2876 odium
669 2814 834 2895 videlicet⁹)
856 2816 997 2876 felicitatis
1020 2817 1140 2877 alienae.
1171 2815 1232 2875 Hu-

200 2909 245 2965 ius
267 2905 341 2965 filiae
355 2911 431 2979 sunt,
444 2905 541 2964 odium
556 2903 594 2984 ¹⁰),
605 2906 780 2978 susurratio,
803 2902 948 2978 detractio,
970 2904 1121 2964 exsultatio
1143 2907 1172 2963 in
1184 2901 1233 2962 ad-

201 2995 291 3053 versis
312 2993 441 3068 proximi,
462 2992 576 3052 afflictio
597 2993 627 3050 in
648 2994 790 3067 prosperis
813 2990 949 3050 eiusdem.
992 2991 1058 3050 Hoc
1079 2993 1180 3051 vitium
1201 2989 1232 3048 de
1275 3007 1276 3012 ¹

201 3080 305 3156 angelo
335 3079 482 3138 diabolum
509 3079 583 3138 fecit.
636 3078 702 3136 Hoc
731 3080 832 3138 vitium
860 3077 1005 3174 homiuem
1038 3077 1074 3137 de
1105 3077 1231 3155 paradiso

202 3169 293 3227 eiecit.
314 3166 426 3226 Invidia
445 3168 520 3225 enim
535 3164 642 3230 diaboli
663 3182 739 3224 mors
754 3166 870 3224 intravit
881 3167 911 3223 in
931 3165 1031 3224 orbem
1045 3171 1183 3225 terrarum
1198 3159 1232 3240 ¹¹).

202 3254 297 3330 Quam
317 3271 406 3330 gravo
435 3259 464 3312 et
484 3251 676 3328 periculosum
703 3251 815 3311 sithoc
836 3253 953 3326 uitium,
981 3255 1011 3310 iu
1032 3251 1164 3328 Epistola
1184 3265 1232 3308 sua

201 3341 350 3402 Johanncs
378 3341 460 3400 brevi
481 3355 610 3400 sermone
640 3338 783 3398 concludit
805 3338 917 3420 diceusz
948 3339 1007 3416 Qui
1029 3339 1091 3398 odit
1108 3337 1231 3414 fratruo

220 3546 251 3615 1)
268 3545 320 3597 lac.
346 3546 376 3608 3,
398 3544 429 3606 6;
452 3541 518 3594 coni.
540 3541 630 3594 llomil.
652 3541 692 3594 lll.
715 3559 740 3609 p.
767 3541 814 3594 101
840 3557 878 3609 sq.
904 3551 935 3580 -“
954 3541 987 3611 2)
1011 3541 1031 3595 Β
1055 3550 1159 3594 terret
1181 3549 1231 3591 tue

271 3616 394 3677 oratio,
416 3613 437 3666 G
459 3619 564 3664 terret
589 3613 697 3664 oratio
721 3620 783 3663 tua.
803 3641 834 3651 -
854 3612 885 3679 3)
903 3610 956 3662 lac.
976 3611 1004 3675 1,
1023 3612 1065 3665 26.
1083 3642 1115 3651 -
1134 3610 1166 3680 l)
1182 3609 1230 3661 lec.

271 3686 301 3748 3,
323 3685 347 3735 8.
367 3684 391 3734 9.
411 3711 442 3721 -
462 3681 494 3750 5)
512 3680 631 3733 Proverb.
656 3681 703 3742 18,
726 3681 768 3732 21.
791 3711 821 3721 -
842 3681 874 3749 6)
893 3680 1013 3733 Proverb.
1033 3682 1080 3745 15,
1103 3680 1128 3732 1.
1147 3707 1177 3719 -
1201 3677 1230 3744 7)

271 3753 333 3820 lleg.
352 3752 371 3817 l,
389 3751 431 3804 25.
451 3780 482 3790 —
501 3751 533 3818 8)
551 3749 571 3803 G
588 3750 678 3818 loqui
700 3749 855 3802 debemus
873 3750 966 3819 quod.
985 3780 1017 3792 -
1037 3751 1068 3820 9)
1086 3750 1127 3806 BG
1145 3748 1231 3801 scili·

271 3830 319 3873 cet.
343 3851 372 3862 -
394 3821 443 3889 10)
460 3819 525 3874 llus
543 3819 624 3873 odia.
645 3850 676 3859 —
697 3820 745 3889 11)
763 3821 873 3888 Sapicni.
892 3821 918 3887 2,
935 3821 977 3873 24.
