2594 4302
452 281 506 341 DE
530 280 759 344 MIRACULIS.

373 437 611 498 carmunux
632 434 836 518 xxxmae)

178 542 226 601 De
248 541 383 602 crucibus
405 561 490 618 quac,
505 550 713 618 apparuerunt
734 546 766 601 ia
786 542 886 603 Fama
907 545 940 602 io
960 561 1028 602 uere
1133 545 1136 552 ’

355 635 483 704 tempore
496 635 497 640 ’
500 624 732 704 praedicationis
754 632 856 688 cirula

149 748 223 808 Cum
235 747 252 817 ¹)
285 747 416 810 Oliverus
445 749 640 810 Scholastious
670 746 892 828 Coloniensis²)‚
921 752 1002 809 cuius
1030 751 1124 810 verbis

80 836 129 896 hic
158 842 238 910 utor,
272 854 386 896 crucem
407 837 586 911 praedicaret
606 839 635 895 in
657 837 749 896 Frisia
770 840 799 894 in
820 837 953 896 Dioecesi
974 836 1124 896 Monaste·

81 925 176 997 riensi,
197 922 266 982 villa
286 923 398 984 Badian
408 921 444 1002 ³),
473 936 571 984 mense
592 922 683 1002 Mayo
705 931 786 983 sexta
806 923 876 983 seria
897 931 963 981 ante
980 923 1123 982 Penteco-

82 1015 155 1084 sten,
177 1012 251 1070 sicut
266 1010 335 1069 alibi
355 1028 401 1070 me
418 1011 521 1070 dixisse
529 1007 551 1089 ⁸)
573 1013 697 1084 memini,
719 1011 821 1085 triplex
842 1010 934 1068 forma
956 1011 1048 1070 crucis
1069 1027 1123 1084 ap-

79 1098 176 1174 paruit
202 1097 231 1154 in
260 1114 341 1171 aere,
370 1115 427 1156 una
456 1096 579 1158 candida
608 1115 708 1178 versus
730 1089 907 1173 aquilonem
938 1095 995 1155 alia
1023 1113 1123 1156 versus

81 1182 231 1242 meridiem
246 1184 374 1243 eiusdem
396 1184 497 1243 coloris
520 1191 548 1242 et
569 1186 715 1260 scematis3
738 1185 821 1243 tertia
842 1179 937 1242 medio
955 1182 1050 1242 colore
1072 1197 1124 1241 co·

79 1267 181 1344 lorata,
202 1269 313 1329 habens
329 1273 420 1330 crucis
433 1271 601 1346 patibulum,
623 1276 652 1328 et
673 1270 795 1346 figuram
815 1267 937 1329 hominis
958 1273 987 1328 in
1008 1286 1044 1328 aa
1058 1285 1124 1330 sua-

79 1373 216 1432 pensam‚
239 1356 358 1417 elevatis
380 1357 503 1418 brachiis
525 1364 554 1416 et
576 1359 715 1430 extensis,
738 1375 803 1416 cum
824 1355 958 1416 infixione
977 1355 1124 1416 clavorum

79 1445 108 1501 in
130 1444 264 1502 manibus
287 1443 473 1521 etpedibus,
497 1450 525 1503 et
548 1446 641 1518 capite
663 1444 807 1502 inclinato.
849 1441 933 1502 Haec
955 1442 1051 1502 media
1071 1441 1124 1500 suit

79 1531 154 1590 inter
174 1527 246 1590 alias
269 1529 363 1606 duaa„
380 1532 410 1589 in
432 1531 536 1607 quibus
557 1548 615 1591 non
638 1538 699 1590 erat
721 1529 829 1608 effigies
850 1529 967 1590 humani
988 1525 1124 1606 corporis.

385 1683 619 1746 cAPITULUM
640 1685 821 1746 XXXVIII.
993 1776 995 1780 .

101 1788 178 1850 lion
200 1789 237 1848 dc
258 1807 344 1849 oruoe
365 1808 443 1866 quac
462 1794 605 1866 apparuit
626 1794 658 1849 ia
672 1791 873 1850 Satharltuccn
894 1793 983 1849 iusto
1003 1789 1101 1849 solem.

147 1908 213 1971 Alia
233 1913 298 1972 vice
321 1917 349 1972 et
370 1911 427 1972 alio
448 1911 529 1987 loco,
550 1915 579 1969 in
600 1910 670 1971 villa
691 1911 799 1971 Frisiae
821 1910 1025 1984 Sutherhusen‚
1047 1917 1123 1970 tem·

78 2013 149 2073 pore
171 1997 335 2073 praedictae
350 1999 569 2074 praedicationis
592 2000 692 2074 crucis,
714 2001 847 2074 apparuit
867 2001 946 2058 iuxta
959 1996 1048 2056 solem
1065 2013 1123 2057 una

81 2099 152 2142 crux
174 2084 297 2145 caerulei
319 2084 431 2146 coloris.
815 2083 818 2092 '

399 2241 632 2302 CAPITULUM
651 2241 806 2302 XXXIX.

137 2346 212 2408 itam
235 2347 271 2406 dc
292 2348 354 2407 alia
375 2365 462 2407 cruce
482 2365 560 2423 quoa
581 2350 647 2406 uisa
668 2355 710 2406 cst
731 2351 764 2406 in
783 2348 857 2406 villu
877 2345 1062 2424 Dordcym⁵i

445 2437 605 2510 provincio
625 2433 750 2492 Frisios.

144 2553 242 2614 Tertia
262 2554 316 2613 luit
336 2557 477 2631 apparitio
499 2557 528 2613 in
549 2554 684 2614 Dioocesi
704 2555 896 2630 Traiectensi,
916 2555 946 2612 in
967 2552 1037 2613 villa
1057 2551 1121 2612 Do·
1166 2619 1168 2622 ,

79 2639 183 2719 choym
206 2642 257 2699 ubi
277 2648 393 2702 sanctus
414 2642 578 2702 Boniiacins
601 2649 753 2701 coronatus
775 2640 827 2700 fuit
848 2643 999 2717 martyri03
1021 2640 1071 2716 ubi
1092 2642 1121 2696 in

79 2726 125 2786 die
154 2728 286 2803 martyris
316 2727 458 2803 eiusdem,
492 2746 558 2788 oum
586 2728 677 2787 multa
699 2727 787 2787 millia
808 2730 996 2788 accessissent
1016 2727 1054 2786 ad
1075 2729 1122 2784 in·

80 2812 186 2872 dictam
209 2814 376 2888 stationem,
405 2816 537 2890 apparuit
559 2833 627 2874 crux
649 2814 717 2874 alba
739 2823 768 2873 et
789 2831 910 2890 magna,
939 2831 974 2873 ac
997 2814 1122 2872 eitraha

79 2916 116 2959 ex
136 2905 300 2958 transverso
328 2900 417 2960 trabis
439 2901 622 2960 artificialiter
650 2904 808 2976 composita
836 2903 944 2960 luisset.
986 2899 1051 2960 Hoc
1081 2902 1122 2958 si-

77 3005 168 3064 gnum
187 2985 311 3045 vidimus
333 3003 445 3046 omnes:
467 2989 558 3046 verba
579 2994 645 3046 sunt
657 2988 795 3063 praedicti
810 2985 929 3064 Oliveri;
951 2987 1122 3046 movebatur

78 3081 177 3134 autem
205 3071 344 3148 paulatim
373 3075 411 3132 ab
434 3073 568 3148 aquilone
590 3073 628 3132 ad
649 3073 804 3134 meridiem.
847 3073 923 3134 Huic
945 3075 1047 3132 visioni
1075 3075 1121 3131 in-

76 3161 236 3220 terfuerunt
258 3159 389 3219 dominus
410 3159 553 3218 chricus
571 3160 674 3220 Abbas
695 3169 800 3236 noster,
823 3169 852 3220 et
872 3159 1034 3221 Winandus
1056 3177 1121 3221 mo-

76 3247 188 3308 nachus
210 3249 280 3321 eius,
302 3249 351 3322 qui
373 3253 402 3307 et
421 3249 475 3322 ipsi
497 3245 629 3306 viderunt
637 3245 670 3328 ῆι

94 3365 128 3434 a)
146 3363 236 3416 llornil.
255 3363 296 3414 lll.
319 3379 343 3430 p.
364 3364 422 3416 171.
440 3363 536 3416 Oliveri
553 3363 700 3414 relationem
720 3362 748 3416 C.
766 3362 798 3416 Ρ.
815 3362 887 3415 Bock
906 3364 944 3416 vir
962 3361 1120 3414 doctissimus

147 3433 285 3501 publicavit
303 3434 328 3484 in
346 3432 422 3484 libro:
442 3433 691 3485 Niederrheinisohes
709 3431 836 3484 lnhrbuoh
854 3432 894 3484 liin
905 3431 1053 3485 Gesohichlc
1072 3439 1121 3484 etc.

147 3503 166 3556 l.
186 3519 210 3570 p.
229 3503 271 3554 98.
292 3533 322 3542 -
343 3503 374 3571 1)
392 3502 434 3554 BE
453 3502 532 3554 durn.
552 3533 582 3542 -
602 3503 634 3569 2)
653 3501 865 3554 coloniensis
883 3501 933 3553 add
950 3501 981 3554 Β.
1000 3499 1120 3554 llonriliat

147 3572 335 3644 „scholasticus
362 3571 536 3635 Colonianais,
562 3587 629 3623 nuno
655 3581 738 3626 autern
763 3573 904 3639 Episcopus
931 3579 957 3622 et
981 3570 1121 3624 cardinalia

147 3641 395 3695 sanctaasabinac.“
410 3643 484 3709 -3)
504 3643 522 3692 B
541 3640 663 3694 Bedim.
679 3671 709 3682 -
723 3641 756 3708 4)
775 3641 794 3692 Β
814 3641 938 3692 dixisse
957 3641 1033 3703 libi,
1049 3639 1120 3693 Ace

147 3713 209 3766 tibi
226 3712 359 3763 dixisse.
378 3742 410 3750 —
429 3712 461 3778 5)
480 3710 601 3764 lloclrum.
621 3709 687 3762 ABE
706 3709 848 3773 lloclrna3
867 3708 964 3762 moxC
987 3711 1121 3776 provin-

147 3784 232 3846 ciae,
249 3780 335 3834 FPin
353 3783 533 3849 provincia.
547 3811 577 3820 -
589 3779 621 3850 6)
634 3779 656 3834 B
669 3781 725 3852 qui
741 3789 773 3832 ct
789 3779 867 3832 milri
882 3781 1122 3833 recitaverunt.

147 3850 221 3904 Conl.
238 3851 282 3915 lll,
299 3851 341 3903 48.
361 3866 386 3919 p.
404 3852 464 3904 204.
