2580 4316
409 235 469 296 DE
492 233 765 298 CONTRITIONE.
1069 241 1107 298 tr

99 355 152 430 ipsa
168 357 243 416 edam
262 355 409 417 confessio
432 362 549 434 propter
569 359 794 420 erubescentiam
825 359 952 418 maxima
979 374 1046 433 pars
1066 366 1111 420 est

98 441 275 502 mantionis
316 443 400 504 Nam
421 446 454 502 in
475 447 565 520 primo
586 447 761 506 contritionis
782 452 890 521 puncto
913 445 1030 504 dimisse
1045 444 1110 506 fuo-

96 532 166 588 ratei
190 529 285 606 eulpa,
319 529 429 590 deinde
459 534 624 592 contritione
650 531 846 592 inardescente
875 539 905 592 et
932 531 1110 593 confusione

95 616 221 676 caedente
242 617 338 677 delete
363 625 411 678 est
431 635 535 694 poena.
576 617 780 680 NOVICIUS:
810 619 877 679 Non
898 621 992 678 minus
1023 621 1110 678 miror

94 705 262 764 notationem
282 704 373 764 huius
396 705 538 781 hominis,
568 723 657 782 quam
676 705 801 782 Mariae,
824 708 870 766 cui
891 711 1003 764 tantum
1023 704 1109 766 lacri-

91 791 161 848 manti
178 796 206 850 et
224 790 264 850 nil
285 791 397 852 dicenti
420 808 494 852 voce
514 791 671 852 Salvatoris
693 791 801 854 dictrm
815 798 873 852 cst:
895 793 1111 854 Dimiaeaaunt

91 879 111 933 α’
120 883 231 952 peccatu
250 879 364 953 muita,
388 881 532 955 numnam
554 881 656 940 dinen
668 881 798 940 multum
813 877 843 958 ¹).
874 877 1110 941 MONACHUS:

89 961 123 1020 dx
139 981 189 1038 quo
208 967 391 1026 mentionem
412 965 504 1024 fecisti
523 965 634 1026 Mariae
655 965 862 1042 longilaterae,
885 965 979 1026 dicam
1000 966 1052 1024 tibi
1074 965 1111 1026 de

88 1050 143 1108 mira
160 1053 327 1112 contritione
352 1051 506 1114 cuiusdam
526 1053 652 1114 mulieris
673 1051 854 1127 luxuriosae,
875 1054 905 1110 in
927 1069 986 1127 qua
1006 1054 1111 1112 nosrta

88 1139 239 1212 tenporibus
261 1138 399 1200 Christus
421 1156 481 1222 non
500 1142 611 1202 minora
633 1139 758 1200 ostendit
788 1141 900 1217 petiae
932 1155 1002 1200 arrae
1023 1140 1110 1200 mira·

87 1223 342 1300 adaquandum
363 1229 396 1286 in
416 1225 519 1286 Maria
622 1233 625 1240 '

440 1414 671 1476 CAPITULUM
691 1415 749 1475 XI.

84 1533 121 1592 Dr
137 1537 262 1612 muliere,
285 1555 369 1615 qnae
391 1535 430 1596 de
448 1537 509 1614 filio
529 1539 668 1614 corwepit,
691 1555 784 1614 qnam
804 1535 995 1596 Innocentius
1016 1537 1108 1614 Popn

133 1621 166 1680 ob
181 1625 353 1702 perfectam
377 1627 645 1770 00111νίιίιέηέἔῖῑῶ
645 1626 764 1769 &ocati
778 1641 882 1700 poena
903 1623 1045 1684 indicavit

132 1827 164 1890 In
183 1830 307 1894 diversis
328 1831 403 1894 locis
432 1849 451 1892 a
478 1831 597 1892 diversis
625 1832 755 1907 personis
786 1829 842 1892 hoc
872 1830 949 1906 quod
981 1832 1108 1892 dictruus

84 1929 134 1974 sum
151 1918 255 1980 andivi
300 1919 383 1980 Ante
404 1917 462 1978 hoc
484 1919 708 1995 quadriennium,
731 1917 842 1993 eodem,
863 1920 887 1978 si
908 1919 982 1978 bene
1003 1921 1108 1978 memi-

85 2001 208 2080 ntanno,
230 2023 290 2083 quo
315 2006 478 2066 defunctus
491 2005 829 2080 estInrrocentiusPepe,
849 2005 951 2064 mulier
965 2003 1107 2080 quaedam

86 2177 145 2250 oepit
163 2185 191 2238 ct
209 2182 325 2257 peperit
344 2179 437 2238 filium
453 2179 587 2252 piternm.
630 2179 751 2238 Terrore
779 2185 839 2238 tam
873 2177 998 2238 cesenae
1025 2195 1106 2238 com·

86 2263 207 2326 mixtionis
219 2263 395 2347 perculsa2),
417 2266 545 2341 quolibet
558 2271 705 2326 momento
719 2268 822 2324 timens
835 2282 868 2324 se
888 2264 963 2324 uadi
972 2265 1106 2340 Satanae,

85 2349 122 2408 rel
138 2360 224 2413 morte
244 2355 403 2414 subitanea
422 2355 550 2428 interire,
577 2352 644 2413 Deo
670 2355 822 2412 miserante
849 2352 885 2412 de
912 2352 1121 2412 satisfactione·

86 2437 176 2498 uriari
195 2444 302 2518 eoepit
345 2439 520 2501 Praehabito
541 2443 620 2516 prius
642 2439 937 2500 consilio'sacardotis
968 2441 1025 2514 sui,
1057 2441 1125 2524 in·¹

86 2519 205 2586 murum
225 2545 330 2589 secum
351 2526 470 2603 tollens,
499 2529 541 2586 ita
569 2529 650 2586 enim·
673 2525 743 2585 mihi
771 2525 879 2585 dictum
898 2526 986 2586 fuisse
1017 2533 1104 2602 puto,

86 2605 189 2672 Romam
210 2617 307 2690 venit,
336 2620 367 2672 et
388 2630 454 2672 cum
475 2613 566 2672 multa
585 2615 798 2688 importunitate
820 2611 927 2672 domini
946 2613 1106 2672 Irmocentii

86 2691 167 2773 Papae
186 2700 279 2762 oculis
300 2717 334 2762 se
354 2702 488 2778 ingessit,
520 2717 586 2760 cum
614 2701 701 2758 tantis
728 2699 852 2758 lacrimis
882 2706 911 2758 et
931 2699 1104 2760 clamoribus

88 2788 177 2846 emens
197 2787 383 2848 audientibus
403 2787 510 2846 faciens
532 2787 746 2860 confessionem,
766 2792 800 2844 ut
821 2803 919 2846 omnes
939 2792 1064 2846 verteret
1074 2787 1103 2844 in
1152 2819 1158 2824 ·

88 2860 221 2947 stuporem.
268 2873 403 2934 Gestavit
422 2875 452 2931 in
472 2873 597 2933 brachiis
617 2873 769 2948 infantem,
798 2875 941 2932 commissi
971 2873 1104 2932 facinoris

89 2960 179 3020 testem
220 2960 334 3021 Videns
357 2960 488 3020 dominus
508 2961 590 3036 Papa
617 2962 647 3018 in
674 2959 791 3019 medere
818 2965 929 3020 tentam
955 2961 1103 3019 conuitio-

89 3057 153 3122 ncnr,
172 3055 199 3110 et
223 3049 292 3124 qrria
312 3064 382 3107 vere
403 3053 478 3108 esset
497 3049 661 3122 poenitens,
689 3046 881 3107 misericordia
902 3054 996 3107 moure
1018 3063 1103 3121 super

90 3143 153 3208 tam,
175 3139 250 3198 sicut
277 3134 405 3212 prudens
436 3133 578 3208 medicus,
608 3133 707 3194 volens
728 3133 870 3194 infirmam
890 3133 974 3210 plene
997 3139 1026 3192 et
1047 3135 1103 3192 cito

90 3231 179 3296 smne,
199 3211 374 3282 medicinam
396 3223 482 3280 etiam
503 3222 677 3280 contritionis
698 3221 834 3296 probare,
855 3221 1001 3298 praecepit
1017 3226 1054 3279 ‹ut
1074 3221 1104 3278 iu

92 3303 222 3370 trireme
243 3309 285 3370 ibi
305 3314 465 3386 appareret,
485 3309 515 3366 in
536 3307 614 3384 quali
634 3305 811 3367 venerated
832 3307 930 3383 filium,
952 3325 1018 3367 cum
1032 3322 1104 3381 pec·

92 3401 159 3453 erret
198 3396 253 3456 Illa
275 3395 470 3456 confusionem
491 3401 638 3454 eetemam
658 3393 807 3470 temporali
827 3401 1012 3470 anteponens,
1037 3411 1106 3463 mex

93 3479 176 3558 cnut,
196 3489 294 3544 vestes
309 3480 463 3558 deposuit,
483 3483 513 3540 in
535 3483 653 3542 camisia
674 3481 775 3555 rediit,
798 3486 826 3539 et
848 3499 934 3558 quam
955 3477 1104 3556 paratissi-

92 3578 128 3624 ma
144 3569 211 3640 foret
230 3571 271 3630 ad
293 3585 410 3629 omnem
436 3569 674 3642 satisfactionem,
700 3571 731 3627 in
761 3567 812 3626 tali
843 3567 1007 3628 obedientie
1037 3568 1105 3627 satis

93 3656 192 3716 otendit
208 3655 240 3738 ³).
292 3654 481 3715 considerans
514 3657 559 3716 vir
596 3654 812 3730 literatissimus,
840 3655 891 3715 tali
913 3653 1120 3728 obedientiae„

107 3801 130 3870 1)
143 3805 193 3860 irre
209 3809 235 3874 7,
252 3808 299 3861 17.
319 3834 352 3846 -
372 3805 403 3876 2)
420 3805 457 3860 GP
474 3821 637 3876 percussa.
656 3805 739 3917 -.3)
756 3804 842 3858 tuor
860 3804 1044 3857 ostendens.
