2642 4330
481 237 536 298 DE
557 236 1170 300 prenominatae

131 364 178 420 est
205 360 413 420 monasterium
440 361 710 436 sanctimonialium,
737 361 861 420 vidimus
889 361 930 420 ibi
956 359 1083 435 puellam
1104 367 1171 420 ante

129 445 290 506 adventum
305 452 436 506 nostrum
457 447 611 522 obsessam,
634 446 685 506 sad
703 454 770 507 tunc
792 425 863 506 tam
874 447 1013 507 beneficio
1035 447 1170 523 reliquia·

129 551 194 592 rum
229 550 319 609 quam
352 550 480 594 sororum
513 536 688 594 orationibus
716 534 874 594 liberatam.
927 533 974 594 De
1002 552 1059 610 qua
1087 531 1170 595 nobis

128 620 226 680 rendit
248 619 377 679 eiusdem
400 621 530 680 coenobii
550 624 701 697 magistra,
726 621 831 680 femina
852 612 997 700 religiosa,
1025 620 1103 696 quod
1125 619 1170 679 die

128 706 272 783 quadam,
300 703 396 787 dum·)
419 707 568 766 cmdeliter
595 708 632 768 ab
654 708 800 767 immundo
824 711 924 783 spiritu
947 708 1168 783 discerperetur,

126 794 230 854 volens
268 792 385 868 quidam
421 794 538 854 clericus
567 793 705 854 honestus
736 793 816 853 illum
844 795 981 869 probare,
1015 793 1169 854 saccellum

126 882 276 956 spinarum
304 879 473 940 Dominicae
507 897 628 940 coronae
657 881 692 939 de
717 881 816 940 tabula
837 898 933 955 aurea,
956 898 990 940 ea
1012 882 1169 955 nesciente,

125 966 241 1042 tollens,
265 973 293 1026 et
308 967 403 1026 “manu
425 966 523 1027 clausa
552 984 638 1043 super
670 973 756 1042 caput
788 969 923 1026 obsessae
945 973 1053 1041 tenens,
1075 967 1168 1024 maxi-

125 1070 190 1113 mos
221 1056 248 1112 ei
278 1053 416 1113 clamores
439 1056 582 1113 excitavit.
634 1053 686 1112 Cui
710 1071 775 1114 cum
797 1053 923 1113 dicerent
944 1056 1168 1128 circumstantes,

125 1158 248 1200 cansam
275 1140 376 1200 fluoris
406 1143 466 1201 eius
493 1142 672 1218 ignorantes,
702 1139 770 1214 quid
791 1140 911 1215 clamas,
943 1139 1072 1214 diabole,
1100 1138 1168 1215 quid

124 1225 241 1286 babes?
271 1226 432 1304 respondit:
461 1227 526 1287 Hoc
556 1228 634 1304 quod
661 1227 714 1284 fuit
741 1229 770 1284 in
796 1229 888 1302 capite
910 1225 1061 1301 Altissimi,
1083 1223 1166 1306 hoc²)

124 1319 215 1390 caput
237 1331 335 1372 meum
354 1312 486 1390 deprimit
512 1319 541 1372 et
561 1316 670 1390 pungit,
692 1319 720 1372 et
742 1313 833 1373 dicitis
855 1312 924 1372 mihi
946 1312 1014 1388 quid
1037 1311 1166 1372 clamas?

123 1401 164 1460 Et
176 1399 322 1460 aedificati
336 1406 403 1460 sunt
419 1401 504 1461 valde
524 1403 748 1474 circumstantes,
765 1403 887 1460 maxime
903 1417 1023 1475 sorores,
1046 1398 1166 1474 duplicis
1276 1444 1280 1451 .

122 1489 166 1546 rei
176 1487 319 1563 habentes
333 1504 433 1547 verum
448 1489 681 1562 experimentum,
701 1486 835 1546 videlicet
851 1486 928 1561 quod
951 1489 1050 1561 spinae
1072 1491 1167 1545 essent

124 1591 229 1649 veras,
259 1579 289 1632 et
317 1573 396 1648 quod
416 1573 520 1633 femina
544 1575 685 1633 veraciter
705 1574 824 1632 obsessa
847 1567 991 1652 esset³)a
1019 1572 1166 1632 daemone.

125 1660 212 1737 Quod
240 1663 265 1718 si
294 1662 388 1718 minus
417 1660 489 1720 haec
520 1661 576 1720 duo
605 1662 658 1719 tibi
679 1660 821 1720 sufiiciunt
843 1659 989 1735 exempla,
1016 1657 1165 1718 recordare

123 1749 211 1806 trium
232 1746 347 1805 illorum
359 1746 573 1806 daemoniorum
593 1749 623 1806 in
645 1746 769 1822 capitulo
791 1748 883 1822 primo
895 1753 924 1806 et
937 1745 1063 1806 secundo
1079 1750 1165 1820 atque

122 1836 207 1894 tertio
230 1833 419 1894 distinctionis
445 1837 552 1894 tertiae.

373 2055 379 2068 “
484 2023 717 2121 oneruunuur
740 2061 810 2119 xv.

312 2200 469 2278 Quomodo
495 2201 652 2260 &enonas
673 2205 732 2261 sint
752 2205 784 2285 irs
805 2198 979 2260 bominibus.

188 2356 395 2418 NOVICIUS:
421 2356 493 2416 Cum
515 2356 551 2416 de
574 2357 620 2416 bis
640 2357 711 2416 mihi
731 2358 909 2418 satisfactum
930 2359 982 2432 sit,
1003 2361 1048 2416 est
1068 2353 1163 2415 adhuc

124 2445 202 2521 quod
230 2461 277 2505 me
306 2449 412 2503 movet.
456 2443 580 2520 Quidam
608 2451 752 2520 asserunt,
782 2444 935 2504 daemones
963 2460 1021 2503 non
1050 2459 1113 2502 esse
1133 2443 1163 2500 in

121 2531 296 2605 bominibus,
318 2530 370 2591 sed
391 2536 479 2605 euna,
501 2547 535 2592 eo
558 2531 636 2606 quod
659 2537 799 2606 castrum,
824 2548 882 2589 non
902 2534 987 2606 intus,
1009 2527 1061 2589 sed
1083 2535 1163 2587 extra

122 2618 244 2678 dicatur
263 2616 398 2676 obsideri.
439 2616 498 2674 Alii
525 2621 696 2677 sonnatium
722 2621 859 2693 sentiunt,
886 2619 1038 2678 innitentes
1069 2615 1162 2674 verbis
1207 2616 1214 2621 '

121 2704 282 2765 Salvatoris
300 2701 431 2763 dicentis:
452 2703 513 2763 Exi
531 2705 569 2762 ab
592 2721 634 2777 eo,
656 2709 775 2781 spiritus
797 2698 985 2783 brimunde‘ss.
1028 2700 1161 2762 MONA-

122 2791 241 2852 CHUS:
267 2790 424 2866 Improprie
447 2790 548 2850 dicitur
570 2783 660 2866 exire,
674 2792 729 2850 nisi
750 2791 827 2866 qnod
847 2794 923 2850 intus
946 2796 998 2849 est.
1020 2789 1161 2864 ‘Utrique

119 2885 219 2938 tamen
231 2894 333 2936 verum
347 2876 453 2953 dicum,
474 2877 632 2937 secundum
645 2877 761 2953 aliquid,
776 2879 883 2939 scilicet
905 2876 982 2952 quod
1001 2879 1032 2935 in
1044 2876 1161 2934 bomine

119 2967 214 3044 possit
235 2981 308 3039 esse,
330 2969 359 3022 et
379 2980 438 3023 non
460 2981 532 3024 esse.
575 2964 641 3024 Non
661 2971 757 3040 potest
779 2982 841 3024 esse
863 2962 993 3041 diabolus
1014 2966 1044 3022 in
1065 2964 1162 3021 anima

118 3051 258 3136 bumana,
272 3049 519 3127 secundumquod
533 3047 721 3131 Ginnadius⁵)
743 3054 772 3110 iu
792 3045 999 3131 distinctione&
1023 3049 1160 3110 ecclesia-

119 3140 258 3198 sticorum
281 3137 446 3197 docmatum
468 3137 583 3212 diffinit,
608 3139 720 3197 dicens:
741 3139 921 3198 Daemonem
942 3154 994 3214 per
1014 3137 1161 3212 inergiam,

119 3223 151 3283 id
166 3231 218 3298 est,
240 3226 444 3299 operationem,
465 3224 678 3284 concredimus
696 3225 919 3284 substantialiter
939 3223 1018 3284 illabi
1039 3226 1160 3296 animae,

119 3309 174 3370 sed
196 3311 387 3387 applicatione
409 3315 438 3370 et
459 3314 642 3388 oppressione
663 3313 744 3371 uniri.
786 3312 871 3372 Illabi
885 3317 982 3371 autem
1004 3311 1100 3386 menti,
1120 3305 1160 3368 illi

119 3396 175 3458 soli
195 3397 331 3473 possibile
353 3404 397 3458 est
418 3401 468 3473 qui
488 3400 609 3473 creavit,
642 3401 691 3475 qui
721 3406 826 3460 natura
846 3400 1004 3458 subsistens
1024 3401 1159 3474 incorpo-

140 3597 173 3666 i)
190 3597 248 3652 BG?
266 3615 342 3652 cum.
363 3627 393 3640 -
412 3599 445 3668 2)
462 3599 521 3653 hoc
538 3599 589 3652 add
606 3599 655 3654 Bc.
674 3631 706 3640 —-
725 3602 757 3670 3)
775 3601 795 3654 B
813 3603 980 3655 veraciter
997 3611 1088 3655 esset
1105 3602 1159 3655 ob-

192 3683 295 3733 sessa,
322 3668 344 3720 b
368 3678 459 3721 esset
485 3672 653 3722 veraciter
683 3671 833 3736 obssesa,
859 3670 879 3723 0
908 3669 1074 3724 veraciter
1103 3671 1158 3723 ob·
1190 3679 1191 3690 ¹

192 3752 285 3790 sessu
314 3737 411 3790 foret.
430 3769 460 3780 -
486 3740 518 3806 i]
542 3740 615 3791 liare.
634 3743 666 3803 5,
683 3742 708 3794 8.
728 3770 758 3780 -
784 3741 815 3808 6)
834 3740 977 3792 Gennadius
1001 3740 1034 3793 de
1058 3740 1157 3794 Eccles.

191 3805 278 3877 Dogm.
297 3823 353 3876 cup.
371 3808 413 3862 82.
433 3837 464 3851 -
484 3809 516 3880 6)
534 3808 575 3864 BG
593 3808 881 3866 distinctionibus.
