2642 4330
384 307 389 320 .
452 260 521 332 ,nn
541 259 812 324 DAEMONIBUS.
1093 263 1155 324 283

114 386 263 460 incapite
292 399 365 444 vero
383 377 399 462 ¹)
425 383 556 445 velamen
577 387 706 460 nigrum,
723 377 818 462 'nigro
846 382 1035 446 circumdatus
1060 384 1156 461 pullio.

114 471 157 530 Et
178 473 253 531 sicut
273 469 343 530 mihi
365 469 473 545 retulit,
501 471 660 530 monachus
681 471 743 546 ille,
776 472 825 546 qui
853 473 966 530 tertium
988 470 1156 532 daemonem

115 560 201 618 iuxta
221 575 253 618 se
270 559 391 631 iuverat,
412 559 480 616 satis
502 563 563 618 erat
583 560 787 618 murmuriosus
799 553 819 637 ²)
842 563 871 618 et
891 575 1062 633 nonvparum
1076 560 1156 618 acci-

114 634 240 719 diosus,
260 646 290 704 in
311 643 401 704 choro
421 643 541 704 libenter
563 644 721 719 dormiens,
743 651 772 704 et
792 647 897 705 invitus
918 644 1059 720 psallens,
1079 643 1156 705 hila·

114 734 175 790 rior
203 730 243 790 ed
269 730 441 807 potandum,
470 749 557 806 quam
578 730 617 790 ad
638 729 820 792 cantandum.
862 731 1012 790 Breviores
1041 731 1156 809 vigiliae

41 806 84 854 “
114 817 290 877 videbantur
318 820 345 876 ei
371 834 482 894 semper
503 817 695 893 longissimae.
736 816 803 879 Alio
831 817 930 877 itidem
957 823 1098 894 tempore,
1126 820 1156 878 in

24 919 27 922 .
113 904 225 981 vigim,
245 911 278 963 ut
298 909 378 979 puto,
401 906 491 963 sancti
514 903 699 978 colmnbani,
721 909 844 963 iunceo
867 906 1021 963 exsistente
1042 904 1156 981 Priore,
1183 905 1185 930 '

112 1009 186 1052 cum
206 989 311 1050 chorus
333 989 458 1049 Abbatis
479 991 616 1066 inciperet
635 993 759 1067 primum
779 993 984 1050 matutinarum
999 990 1156 1066 Psalmum,

111 1077 241 1137 scilicet:
263 1078 411 1148 Dauniae,
434 1077 506 1152 qnid
526 1079 713 1152 multiplicati
732 1084 804 1138 sunt
824 1080 876 1152 qui
894 1075 1039 1137 tribulant
1059 1075 1156 1157 ane³)?

111 1164 274 1224 daemones
294 1165 325 1221 in
347 1163 435 1222 choro
457 1163 530 1222 adeo
545 1163 724 1239 multiplicati
745 1169 820 1239 sunt,
840 1169 873 1222 ut
894 1163 1062 1224 exitiorum
1084 1181 1155 1223 con-

112 1267 204 1312 cursu
226 1257 255 1309 et
277 1249 407 1309 discursu
427 1267 495 1308 mox
515 1252 545 1308 in
567 1250 669 1311 eodem
689 1250 806 1310 Psalmo
827 1249 928 1310 iratres
948 1250 1114 1310 fallerentur
1123 1248 1155 1331 ⁴).

112 1337 198 1414 Quos
225 1354 292 1396 cum
319 1335 433 1396 'chorus
462 1338 610 1412 oppositus
637 1343 787 1397 conaretur
815 1339 970 1414 corrigere,
1002 1336 1156 1398 daemones

111 1423 366 1484 uansvolaverunt
388 1429 417 1482 et
438 1439 469 1482 se
490 1423 544 1482 illis
566 1425 718 1483 miscentes
738 1425 778 1482 ita
799 1440 849 1484 eos
862 1419 882 1502 ⁵)
904 1425 1099 1500 turbaverunt,
1123 1432 1155 1484 ut

109 1527 233 1589 prorsus
261 1512 404 1570 nescirent
432 1509 500 1585 qnid
531 1508 694 1585 psallerent.
747 1509 888 1570 Clamavit
919 1510 1024 1570 chorus
1056 1517 1156 1571 contra

110 1597 245 1658 chorum.
287 1596 431 1655 Dominus
451 1595 554 1664 Abbas
574 1597 761 1672 Eustachius,
794 1603 824 1657 et
851 1597 933 1672 Prior
958 1597 1154 1672 Hermennus,

111 1686 167 1760 qui
186 1683 260 1744 haec
282 1683 363 1758 vidit,
385 1701 403 1742 a
424 1682 513 1742 stallis
535 1685 594 1742 suis
616 1669 727 1758 slmoti,
751 1699 818 1743 cum
838 1686 907 1744 satis
927 1683 966 1742 ad
986 1685 1042 1744 hoc
1064 1702 1154 1744 cone-

110 1776 222 1844 rentur,
241 1787 301 1828 non
321 1776 455 1845 poterant
474 1769 539 1828 illos
560 1769 598 1830 ed
617 1773 696 1829 viam
708 1769 884 1846 psalmodiae
896 1769 1041 1846 reducere,
1060 1787 1155 1847 neque

110 1874 222 1918 vocum
250 1856 440 1916 dissonantias
468 1858 558 1916 unire.
600 1856 731 1916 Tandem
758 1856 875 1916 Psalmo
906 1856 956 1916 illo
983 1857 1096 1918 modico
1126 1865 1155 1918 et

110 1942 201 2018 valde
222 1945 344 2017 usitato,
377 1959 442 2002 cum
462 1942 561 2002 labore
581 1946 688 2018 pariter
707 1950 795 2019 atque
817 1943 981 2004 confusione
1003 1944 1154 2020 qualicun-

111 2047 172 2108 que
193 2030 280 2090 modo
295 2029 417 2106 expleto,
439 2027 578 2104 diabolus
600 2033 687 2090 totius
704 2030 876 2090 confusionis
898 2036 993 2107 capnt,
1016 2045 1081 2090 oum
1094 2031 1154 2092 suis
1254 2053 1255 2058 ¹

112 2116 286 2178 satellitibus
319 2117 462 2191 abcessit,
502 2122 530 2174 et
561 2134 619 2192 pax
652 2116 767 2178 turbata
798 2116 985 2193 psallentibus
1023 2119 1153 2178 accessit.

113 2203 209 2280 Quem
230 2202 333 2264 eadem
354 2203 426 2261 hora
446 2202 608 2278 praedictus
626 2203 708 2262 Prior
728 2206 757 2262 in
778 2204 870 2262 forme
890 2203 1030 2279 draconis,
1050 2204 1152 2278 hastae

111 2289 270 2351 habentem
291 2289 505 2366 longitudinem,
527 2289 641 2349 evolare
662 2290 752 2364 vidit,
771 2296 802 2350 et
821 2290 878 2350 hoo
891 2293 972 2350 iuxta
987 2290 1152 2368 lampadem

112 2379 144 2436 in
166 2377 254 2438 choro
276 2375 437 2450 ardentem,
465 2392 503 2435 ne
532 2378 592 2436 eius
621 2377 758 2436 abcessus
786 2376 875 2436 latere
902 2384 1001 2453 posset
1021 2385 1151 2438 oontem-

112 2463 251 2540 pluutem.
293 2462 409 2537 Reliqui
430 2462 584 2522 daemones
598 2464 735 2522 umbrosa
747 2463 895 2523 habebant
909 2481 1036 2540 corpora,
1056 2466 1151 2524 inian-

110 2552 190 2610 tibus
210 2552 330 2623 maiora,
352 2567 473 2624 qnomm
486 2550 573 2612 iacies
586 2549 660 2609 ferro
679 2550 716 2610 de
729 2551 796 2627 igne
809 2557 935 2611 extracto
948 2550 1029 2611 erant
1040 2552 1150 2612 similli-

112 2653 187 2698 mae.
230 2635 435 2696 NOVICIUS:
463 2636 508 2695 Ex
537 2653 593 2712 quo
615 2643 659 2696 tot
680 2637 833 2697 daemones
855 2641 1020 2713 congregati
1038 2639 1151 2699 inerant

111 2725 142 2782 in
161 2723 227 2783 loco
250 2739 309 2782 uno
330 2723 369 2782 ad
381 2722 613 2798 impedimentum
630 2725 858 2801 congregationis
871 2723 992 2804 unius⁶),
1012 2742 1072 2785 non
1093 2724 1149 2784 du-

112 2811 173 2870 bito
195 2812 265 2886 quin
278 2810 498 2868 innumerabiles
519 2812 624 2869 sintin
647 2811 717 2869 orbe
737 2817 883 2870 terrarum.
913 2809 1148 2872 MONAGHUS:

111 2896 199 2958 Teste
220 2896 396 2972 Evangelio,
426 2895 502 2972 legio
530 2899 685 2956 intraverat
711 2896 857 2956 hominem
884 2915 973 2958 unum
986 2895 1016 2978 τ).
1065 2897 1149 2958 Unde

112 2986 180 3058 qtuia
200 2982 284 3041 multi
307 2989 374 3041 sunt
394 2989 424 3042 et
444 2983 521 3057 meli,
542 2987 572 3041 ct
592 2983 630 3042 ad
650 2983 884 3059 impedimentum
906 2984 1005 3044 salutis
1025 2991 1148 3060 nostrae,

111 3077 144 3130 ut
163 3068 344 3146 praedictum
366 3075 424 3144 est,
453 3067 509 3129 heu
530 3071 614 3128 nimis
635 3072 740 3154 parati,
762 3070 888 3145 consulo,
909 3077 942 3129 ut
963 3068 1064 3151 dumi)
1085 3078 1148 3132 sia-

111 3173 176 3216 mus
197 3155 236 3215 ed
256 3154 454 3231 psallendum,
486 3158 682 3231 circumspecti
703 3158 791 3217 simus
813 3163 842 3216 et
862 3159 977 3232 intenti,
1005 3159 1147 3219 ferventes

112 3251 141 3303 et
154 3242 287 3316 humiles,
307 3260 344 3302 ne
365 3244 497 3301 meritum
518 3245 610 3301 suncti
621 3243 739 3304 fervoris
753 3246 915 3320 exstinguat
931 3246 1031 3303 vitium
1045 3263 1146 3321 super-

110 3330 169 3390 bae
188 3329 407 3388 vociferationis.
448 3328 483 3387 In
498 3335 636 3404 quantum
658 3332 733 3388 enim
754 3331 871 3406 maligni
891 3333 1005 3405 spiritns
1025 3333 1145 3392 turban-

111 3422 158 3476 tur
177 3417 208 3474 in
229 3414 322 3474 cordis
342 3416 431 3474 nostri
452 3414 618 3490 devotione,
646 3417 675 3474 in
701 3422 814 3476 tannim
834 3416 1022 3477 laetificantur
1042 3417 1072 3477 ih
1093 3435 1145 3478 su-

110 3502 203 3579 perba
221 3518 327 3562 vocum
344 3501 524 3562 exaltatione.
567 3498 673 3582 Cum⁹)
695 3509 779 3563 nocte
801 3502 926 3580 quadum
946 3503 1145 3565 bebdomada-

130 3685 291 3756 1]0cius.
310 3717 339 3726 —
371 3687 402 3752 2]
426 3687 467 3740 BG
490 3704 717 3744 murmurosus.
738 3695 768 3728 -ὲ
797 3689 829 3757 3)
847 3688 911 3748 Pssl.
930 3691 955 3742 3.
978 3720 1009 3730 -
1037 3692 1070 3759 t)
1086 3689 1143 3743 libri

183 3755 351 3808 tollerent.
371 3785 402 3800 ψ·
428 3758 459 3825 5)
477 3773 532 3808 eos
549 3757 598 3809 add
616 3758 665 3811 BC.
685 3789 717 3797 -
736 3758 768 3826 6)
786 3757 825 3812 GP
842 3759 938 3810 unius
966 3774 1142 3828 congrega·

177 3827 343 3896 tionis.—
363 3825 395 3893 7)
411 3826 486 3879 llere.
505 3831 531 3892 5,
548 3827 573 3880 9.
593 3857 623 3866 -
642 3829 675 3895 8)
692 3827 733 3882 BC
750 3843 826 3880 oum.
847 3857 876 3865 -
895 3826 927 3896 9)
944 3828 989 3881 AD
1007 3827 1086 3882 duan.
