2580 4316
173 281 212 339 64
275 267 278 276 ’
472 271 699 336 DISTINGTIO
720 271 905 335 SECUNDA

170 402 245 478 libus
261 396 280 480 ¹)
299 415 434 472 manens,
455 414 514 456 non
537 397 629 456 solum
649 413 708 456 nou
729 397 906 456 manducans
928 392 1133 476 manducata),
1156 395 1211 455 sed

171 491 258 548 etiam
279 486 407 546 scelestis
436 485 567 543 manibus
590 484 703 544 conficit
730 491 759 544 et
781 483 905 545 tractat?
948 483 1027 542 Audi
1048 483 1117 559 quid
1137 483 1211 540 mihi

171 575 272 634 dixerit
297 590 409 632 nonnus
432 571 582 632 Caesarius
610 571 768 631 monachus
794 577 905 646 noster,
938 569 1083 646 quondam
1104 569 1213 630 Abbas

171 663 313 721 Prumiae.

520 813 753 874 CAPlTULUM
774 811 864 894 iva)

176 943 220 999 De
241 939 391 999 sacerdote
413 941 465 1014 qai
487 937 577 996 droit:
606 937 639 996 St
655 944 781 1012 peccata
802 943 872 995 sant
888 943 1028 1012 peccata,
1050 897 1212 1012 annonam

496 1023 667 1086 salvabitur
689 1028 793 1082 anima
814 1041 888 1094 mea.

236 1165 387 1240 Loquente
408 1180 470 1238 mo,
493 1165 545 1235 ait,
574 1168 703 1236 tempore
726 1161 852 1236 quodem
875 1180 941 1220 aum
963 1161 1088 1237 quodam
1109 1177 1212 1238 saeer-

172 1253 238 1312 dote
261 1250 296 1312 de
318 1252 460 1326 peccatis,
488 1248 535 1307 ille
555 1265 614 1308 non
636 1248 811 1324 confitendo,
840 1248 891 1308 sed
912 1255 1033 1325 peecata
1053 1250 1213 1324 parvipen-

172 1339 275 1413 dendo,
297 1336 456 1411 respondit:
479 1335 510 1395 Si
531 1343 659 1410 peecata,
680 1338 754 1404 ¹sieut
771 1336 901 1396 homines
923 1337 1028 1409 dieunt,
1050 1341 1117 1394 sunt
1137 1352 1213 1410 peo-

172 1433 251 1500 oam,
285 1432 314 1484 et
335 1431 394 1483 tam
416 1425 531 1498 gravia,
563 1423 712 1497 nunquam‘
741 1423 846 1481 salvari
874 1425 980 1498 poterit
1007 1425 1104 1480 anima
1134 1439 1213 1480 mea.

172 1510 289 1589 Quare?
311 1507 444 1588 inquit³).
478 1509 552 1585 Quia
572 1512 602 1567 in
623 1509 679 1568 hac
696 1516 780 1568 nocte
794 1507 915 1568 dormivi
937 1527 1003 1569 eam
1015 1510 1143 1586 legitima
1156 1526 1214 1568 au-

170 1600 301 1673 iusdam„
315 1604 343 1657 et
365 1597 451 1656 hodie
474 1595 616 1656 celebravi
637 1604 695 1655 tres
716 1598 827 1655 missas.
858 1597 929 1655 Erat
946 1603 1043 1656 autem
1064 1599 1093 1654 in
1107 1595 1214 1656 eadem

171 1693 256 1746 noete
278 1685 384 1760 duplex
405 1684 553 1756 festivitas,
574 1683 681 1742 scilieet
697 1683 866 1742 Dominieae
889 1684 944 1743 diei
966 1691 995 1742 et
1016 1686 1108 1742 sanati
1128 1683 1214 1742 Lau·

153 1776 254 1856 'rendi
275 1773 420 1848 Martyris.
463 1769 664 1830 NOVIOIUS:
686 1769 836 1845 Stupenda
850 1777 917 1828 suut
938 1788 1012 1846 quae
1034 1770 1134 1845 audi03
1159 1772 1215 1832 sad

171 1857 289 1938 miror⁴)
317 1858 419 1931 valde,
449 1856 527 1932 quod
553 1858 634 1916 Deus
663 1863 776 1916 tantum
803 1859 833 1915 in
861 1873 893 1916 se
922 1864 1087 1916 contentum
1114 1865 1215 1932 potest

172 1951 320 2008 sustinere.
361 1943 598 2004 MONAOHUS:
620 1943 651 2004 Si
664 1944 746 2003 Deus
767 1947 797 2000 in
810 1947 937 2018 peccatis
950 1947 1048 2003 statim
1069 1944 1218 2005 occideret

163 2041 348 2111 promotores,
369 2049 427 2090 non
448 2031 534 2090 hodie
556 2038 615 2089 tam
629 2030 794 2092 innumeros
807 2031 927 2090 haberet
940 2031 1124 2105 professores.
1158 2033 1216 2093 Vis

172 2140 241 2199 ergo
263 2120 362 2180 audire
375 2136 445 2178 ‘rem
466 2117 638 2178 horrendam
661 2117 697 2176 de
720 2117 867 2178 sacerdota
888 2118 1067 2193 huiusmodi,
1095 2121 1124 2176 in
1154 2136 1215 2195 quo

173 2218 202 2268 ot
233 2209 328 2266 mirari
355 2208 463 2281 poteris
491 2204 663 2264 ineffabilem
686 2197 857 2279 'patientiam
885 2204 975 2264 Deil
1005 2204 1216 2266 NOVICIUS:

172 2295 248 2355 Volo
271 2301 300 2353 et
332 2291 469 2366 disidero,
502 2294 569 2368 quia
597 2291 693 2352 divina
720 2294 858 2367 patientia
888 2294 1063 2367 permaxime
1095 2293 1180 2353 nobis
1193 2292 1216 2373 ⁶)

173 2390 217 2442 est
238 2381 409 2440 necessaria

516 2552 749 2613 sarmatum
773 2549 871 2633 vti)
951 2486 961 2510 ’

177 2679 221 2735 lie
242 2677 397 2735 leonnato
418 2673 577 2747 sacerdote,
600 2679 648 2733 cat
669 2675 806 2733 columba
827 2679 860 2734 tn
881 2675 926 2734 dte
948 2675 1067 2734 Natalis
1088 2675 1218 2736 Darnini

278 2761 372 2822 tribus
393 2761 504 2821 vatins
525 2769 745 2821 sacramentnm
768 2763 874 2822 altaris
896 2763 971 2835 tulit,
995 2769 1109 2838 etpost

513 2853 717 2908 contritionem
738 2853 873 2908 restitnit.

206 3003 475 3072 ·,MONAOHUSz
508 3005 650 3064 Dominus
680 3005 842 3079 conradus,
876 3004 1023 3079 quondam
1051 3004 1215 3081 Episcopus

172 3093 438 3166 Halberstadensis‚
467 3109 542 3151 anno
571 3095 723 3168 praeterito
752 3090 848 3150 retulit
868 3091 951 3158 nobis
972 3091 1120 3151 historiam
1142 3095 1215 3152 satis

173 3179 339 3255 mirabilem,
361 3197 447 3253 quam
463 3182 614 3256 contigisse
630 3179 744 3239 dicebat
761 3185 827 3237 ante
842 3195 951 3253 paucos
967 3195 1058 3238 annos
1079 3182 1109 3237 in
1122 3196 1214 3256 regno

173 3269 320 3326 Franciao.
363 3259 435 3324 Erat
455 3268 493 3325 ibi
515 3267 649 3326 sacerdos
671 3266 802 3341 quidam,
832 3268 881 3344 qui
908 3269 938 3324 iu
959 3269 1022 3342 ipsa
1042 3272 1128 3326 noete
1149 3267 1215 3326 Na-

173 3355 240 3414 talis
260 3354 377 3413 Domini
409 3355 527 3412 transire
550 3353 674 3412 debebat
702 3369 753 3428 per
780 3353 898 3412 brevem
926 3370 1061 3428 eampum
1089 3353 1125 3412 de
1153 3370 1214 3413 una

173 3441 243 3501 villa
263 3440 303 3501 ad
324 3441 417 3516 alam,
439 3447 471 3499 ut
492 3440 599 3498 ibidem
621 3440 778 3499 seeundum
801 3439 1037 3500 consuetudinem
1057 3441 1213 3500 matutinas

192 3577 223 3644 i)
241 3574 261 3628 G
278 3574 477 3628 mortalibus
501 3582 533 3626 et
557 3573 712 3626 assiduis.
731 3603 764 3613 -
790 3574 821 3640 2)
840 3577 876 3625 sio
894 3572 1034 3626 emendavi.
1058 3573 1124 3626 ABD
1148 3589 1212 3625 non

243 3645 343 3696 solum
358 3643 711 3706 normanduoat‚0norr
730 3641 929 3695 solummodo
944 3643 1132 3707 manducat,
1150 3643 1212 3696 Plill

242 3731 306 3766 non
324 3712 425 3764 solum
444 3712 626 3765 manducat.
644 3713 716 3766 Cani.
735 3713 777 3774 lx,
796 3714 906 3780 1.-*)
925 3713 1014 3766 llomil.
1033 3713 1062 3764 ll.
1080 3729 1106 3780 p.
1125 3715 1210 3766 72.-

103 3817 107 3824 .
185 3847 189 3852 Ι
243 3785 275 3852 3)
285 3783 388 3846 scilieet,
409 3781 494 3833 Abbas
512 3783 634 3834 Promiae.
649 3813 679 3824 -
700 3784 732 3850 4)
750 3783 815 3836 Alto
832 3785 952 3836 mirum.
965 3783 1038 3852 -5)
1055 3781 1097 3836 Bc
1113 3782 1210 3835 nobis

240 3853 446 3924 permaxime.
469 3881 498 3890 -
518 3853 568 3921 ἥ)
585 3853 675 3905 llomil.
694 3854 723 3905 ll.
742 3869 767 3920 p.
786 3854 819 3905 sl
838 3869 876 3921 sq.
