2642 4330
475 257 529 322 nn
555 225 826 324 ommonmos.
1108 264 1168 324 301

126 377 268 462 quicquid
289 379 419 444 beneficii
442 386 560 444 mortuis
582 403 601 444 a
621 385 695 444 vivis
715 383 888 461 impenditur
907 381 1038 462 irrident3
1070 384 1111 446 ire
1132 383 1172 446 ud

125 470 276 546 ecclesias,
295 470 344 530 vel
364 473 392 528 in
416 473 456 530 eis
478 488 575 546 orare,
596 471 666 531 nihil
687 471 786 531 dicunt
806 471 951 547 prodesse.
992 471 1028 530 In
1048 469 1093 530 lris
1116 471 1170 532 de-

125 559 248 619 teriores
270 557 466 618 suntJudaeis
480 561 648 635 etpegenis,
670 555 759 638 quia¹)
781 558 967 630 illocredunt
988 558 1169 635 Baptismum

126 647 312 720 abiecerunt3
367 652 577 704 sacramentum
636 647 761 720 corporis
806 651 835 704 et
870 647 1015 722 sanguinis
1065 644 1170 704 Christi

125 732 340 808 blasphemant
383 729 586 792 NOVICIUS:
611 730 651 791 Ut
672 731 740 806 quid
761 737 857 790 tantus
877 749 896 792 o
917 731 1049 792 fidelibus
1069 747 1171 807 perse-

126 821 260 880 cutiones
281 820 435 892 sustinent,
468 821 493 876 si
513 818 583 876 nihil
604 835 640 876 ex
661 818 767 878 hocin
789 818 883 877 futuro
904 819 1095 878 retributionis
1117 836 1170 878 ex-

125 903 283 982 spectant?
326 902 559 964 MONAOHUS:
588 904 717 964 Gloriam
745 907 859 980 spiritus
889 904 986 964 dicunt
1012 923 1043 965 se
1066 921 1170 981 exspe-

127 999 216 1052 ctare.
262 990 386 1067 Quidam
406 991 636 1066 supradictorum
664 991 814 1050 Abbatum
845 991 1019 1065 monachus,
1052 1009 1170 1052 cernens

126 1079 275 1155 quendam
297 1079 414 1136 militem
442 1079 471 1135 in
501 1095 576 1153 equo
605 1078 751 1138 sedentem
779 1076 858 1154 loqui
880 1096 946 1138 cum
966 1085 1079 1138 aratore
1100 1095 1172 1154 suo,

125 1165 306 1226 haereticum
326 1165 407 1223 illum
428 1167 597 1239 aestimans,
618 1167 693 1224 sicut
712 1165 779 1239 fuit,
808 1167 924 1241 propius
945 1164 1085 1224 accedens
1115 1167 1171 1224 sits

125 1252 224 1312 Dicite
246 1251 325 1326 mihi,
345 1251 436 1327 probe
458 1253 509 1325 vir,
532 1254 613 1311 cuius
635 1258 679 1311 est
690 1267 759 1328 eger
779 1250 856 1311 iste?
888 1251 1091 1326 Respondente
1111 1251 1170 1326 illo,

127 1356 213 1398 meus
241 1346 300 1413 est3
329 1339 465 1396 subiecit:
493 1337 531 1396 Et
559 1337 628 1413 quid
655 1338 691 1397 de
720 1337 813 1398 fructu
840 1338 915 1398 illius
935 1337 1050 1398 facitis?
1091 1338 1170 1415 Ego,

126 1428 237 1502 inquit,
271 1431 300 1485 et
327 1425 435 1484 familia
462 1441 527 1484 mea
555 1424 604 1486 de.
622 1441 656 1484 eo
678 1426 816 1504 vivimus,
847 1425 955 1504 aliquid
977 1427 1063 1485 etiem
1084 1441 1172 1502 erogo

126 1513 313 1590 pauperibus.
334 1511 456 1570 Dicente
470 1511 621 1587 monacho,
639 1510 789 1586 quidboni
804 1515 924 1587 speratis
938 1512 974 1571 de
989 1512 1172 1588 eleemosyna

125 1583 200 1660 ilai
229 1596 376 1674 respondit
404 1597 486 1656 miles
507 1597 562 1658 hoc
584 1600 720 1658 verbum:
749 1597 790 1657 Ut
811 1600 924 1675 spiritus
945 1616 1027 1658 meus
1048 1599 1172 1675 gloriose

126 1692 231 1763 perget
258 1691 326 1761 post
354 1690 484 1743 mortem.
534 1685 616 1745 Tunc
644 1683 818 1770 monachus:
851 1685 915 1762 Quo
946 1684 1068 1762 perget?
1118 1684 1171 1744 Ait

127 1773 227 1832 miles:
249 1771 415 1832 Secundum
436 1773 567 1829 meritum
589 1789 682 1830 suum.
726 1771 757 1830 Si
778 1773 852 1831 bene
864 1775 943 1846 vixit,
965 1777 994 1830 et
1014 1772 1070 1832 hoc
1091 1771 1170 1848 apud

128 1858 227 1920 Deum
248 1860 353 1918 meruit
364 1854 401 1937 ²),
431 1860 527 1917 exiens
549 1857 584 1916 de
607 1874 724 1932 corpore
746 1875 825 1932 mec,
852 1859 969 1918 intrabit
990 1875 1092 1934 corpus
1114 1859 1169 1918 ali-

129 1950 211 2007 euius
231 1946 320 2004 iuturi
340 1945 494 2019 Principis,
516 1947 577 2003 sivo
598 1945 702 2020 Regis,
723 1943 771 2003 vel
793 1944 908 2004 alterius
930 1945 1081 2004 cuiuslibet
1100 1963 1170 2022 per-

128 2049 217 2094 sonae
238 2032 354 2091 illustris
366 2027 397 2110 ³),
418 2033 447 2104 in
469 2047 526 2105 quo
549 2030 710 2107 delicietur3
732 2033 756 2090 si
774 2037 871 2091 autem
892 2031 975 2107 male,
997 2048 1101 2106 corpus
1122 2035 1170 2092 in·

128 2122 216 2183 trabit
236 2121 333 2178 miseri
353 2120 553 2193 prosperisque,
575 2120 603 2176 in
625 2135 682 2193 quo
707 2117 867 2177 tribuletur.
910 2118 1036 2177 Credidit
1056 2118 1170 2194 stultus,

127 2211 202 2268 sicut
231 2212 261 2265 et
283 2207 376 2265 ceteri
404 2203 572 2278 Albienses,
612 2204 691 2280 quod
719 2207 814 2263 anima
840 2206 998 2264 secundum
1037 2209 1169 2266 meritum

127 2299 256 2355 transeat
283 2308 336 2367 per
365 2291 478 2350 diversa
499 2287 665 2370 corpora‘),
698 2293 784 2350 etiam
812 2292 977 2350 animalium
998 2298 1085 2366 atque
1106 2309 1169 2354 ser·

127 2375 290 2458 pentum⁵).
341 2375 544 2450 NOVIOIUSz
572 2378 672 2437 Foede
693 2378 828 2438 haeresis.
870 2377 1105 2439 MONACHUS:
1133 2379 1169 2438 In

127 2476 240 2529 tuntum
263 2467 339 2525 enim
351 2464 532 2524 Albiensium
544 2481 620 2524 error
636 2465 765 2539 invaluit,
785 2471 818 2522 ut
838 2465 920 2524 brevi
932 2465 1081 2525 intervallo
1093 2472 1168 2526 tom·

28 2573 30 2580 ·
126 2558 205 2632 poris
225 2553 355 2613 iniecerit
375 2567 467 2626 usque
489 2551 617 2611 admille
632 2554 770 2626 civitatee,
792 2558 821 2610 et
841 2554 866 2610 si
886 2569 944 2612 non
957 2553 1056 2612 fuisset
1066 2553 1169 2629 gladiis
1272 2597 1279 2608 .

125 2642 255 2702 fidelium
283 2655 430 2714 repressus
442 2634 477 2716 ⁶),
506 2645 576 2712 puto
605 2639 682 2714 quod
704 2644 794 2698 totam
815 2638 962 2714 Europam
990 2643 1169 2716 corrupisset
1290 2691 1296 2702 .

124 2729 213 2789 Anno
241 2726 360 2785 Domini
379 2725 537 2784 'millesimo
567 2724 761 2784 ducentesimo
791 2724 902 2784 decimo
930 2726 1095 2802 praedicata
1124 2733 1169 2786 est

124 2822 228 2878 contra
239 2813 392 2872 Albienses
413 2815 443 2870 in
464 2818 526 2870 tota
538 2810 710 2870 Alemannis
731 2817 760 2872 et
772 2811 894 2872 Francia
916 2831 993 2887 crux,
1016 2819 1044 2873 et
1065 2831 1169 2872 escen·

124 2904 230 2963 derunt
267 2905 368 2960 contra
403 2915 453 2958 eos
481 2910 557 2958 anno
586 2901 715 2973 sequenti
748 2898 784 2958 de
817 2898 989 2959 Alemannis
1019 2899 1168 2976 Lupoldus

123 2991 195 3050 Dux
217 2986 369 3059 Austriae,
396 2985 580 3062 Engllbertus
608 2991 676 3044 tunc
697 2985 898 3060 Praepositus,
922 2991 1024 3062 postea
1044 2986 1168 3047 Archio-

123 3079 262 3154 piscopus
277 3072 463 3146 coloniensis,
485 3079 514 3130 et
535 3073 621 3130 irater
641 3073 702 3130 eius
716 3070 869 3147 Adolphus
885 3072 988 3132 Comes
1010 3073 1045 3132 de
1059 3071 1168 3149 Monte,

125 3162 301 3223 Wilhelmus
325 3158 428 3218 Comes
449 3157 631 3232 «iciacensis,
655 3165 683 3216 et
704 3157 752 3216 alii
772 3159 855 3217 multi
876 3160 1004 3220 diversae
1027 3160 1168 3221 conditio·

124 3252 171 3309 nis
192 3255 278 3324 atque
301 3246 455 3320 dignitatis.
498 3244 594 3304 Simile
616 3251 713 3307 ectum
735 3251 779 3303 cst
800 3247 828 3302 in
842 3245 972 3321 Francia,
993 3247 1169 3307 Ncrmannia

124 3343 213 3411 atque
234 3335 367 3394 Pictavia
380 3328 409 3411 ¹).
452 3331 564 3390 Horum
593 3333 719 3390 omnium
747 3331 927 3407 praedicator
948 3339 978 3392 et
999 3340 1086 3409 ceput
1107 3341 1169 3394 erat

125 3421 271 3482 Amoldus
304 3419 408 3478 Abbas
441 3417 655 3493 cisterciensis,
686 3425 787 3494 posteo
818 3417 1060 3496 Archiepiscopus
1091 3421 1167 3482 Nar·

146 3624 175 3693 ⁰
192 3619 584 3746 fecrduur¹'cdiu2213›evr¹¹i‘ierru¹
588 3621 1106 3758 sstfisffi'rffissffssj³23⁸A⁰Jp⁸ssssss
1120 3622 1168 3742 ἷξ-

192 3779 292 3818 verso
312 3768 463 3812 transcat
486 3773 631 3826 corporo.
646 3789 677 3799 -
692 3760 723 3825 5)
742 3760 805 3812 ADP
828 3759 1128 3826 serpentium-6)
1146 3760 1168 3812 B

191 3833 309 3904 gladio
327 3844 504 3896 repressus
521 3826 679 3881 fidelium.
699 3858 730 3868 -
750 3830 781 3899 7)
799 3829 897 3881 Poitou.
