2538 4314
20 259 25 278 .
140 181 182 238 84
442 173 669 238 DISTINOTIO
690 172 874 236 SECUNDA

141 306 220 376 sunt,
250 299 319 358 mihi
346 298 482 375 prodesse
508 301 610 375 potuit.
654 297 739 374 Quod
755 293 772 376 ¹)
795 303 838 356 est
858 294 951 356 illud‘l
972 298 1072 372 inquit.
1115 294 1175 354 Re·
1212 357 1214 362 ,

141 385 257 463 spondit
277 393 421 446 mortuus:
443 386 522 446 Vera
544 386 691 445 contritios
717 385 799 443 Licet
821 385 896 444 enim
916 383 982 444 Deo
999 383 1177 459 promiserim

143 474 259 534 consilio
281 473 451 532 contessoris
472 475 529 532 mei
550 473 767 546 continentiam,
796 474 857 530 sive
886 470 943 530 alia
971 488 1045 546 quae
1078 469 1177 530 salutis

142 567 216 635 sunt,
238 566 335 619 tamen
357 560 472 620 dicebat
491 559 562 618 mihi
583 561 763 632 conscientia,
786 561 853 633 quia
873 560 897 616 si
912 557 1099 631 convalueris,
1121 557 1177 614 ob·

143 664 258 708 servare
279 664 337 707 non
357 649 472 723 poteris.
514 646 552 705 Et
574 649 642 722 quia
664 649 713 704 cor
733 647 825 721 magis
848 643 1010 704 declinabat
1032 644 1070 703 ad
1083 650 1177 702 trans-

143 737 326 812 gressionem,
348 751 435 810 quam
456 733 495 794 ad
515 740 576 793 votr
590 734 826 806 observationem,
847 732 953 792 nullius
967 733 1078 808 peccati
1089 730 1179 789 merui

50 881 54 887 ,
142 824 347 881 remissionem.
400 821 481 880 Deus
494 818 514 901 ²)
543 821 660 894 requirit
686 818 776 878 fixum
801 821 980 895 propositum
1008 817 1178 895 poenitendi.

144 909 220 968 Ecce
242 909 364 967 hominis
386 908 470 967 buius
491 908 666 982 poenitentia
687 923 751 964 sera
771 906 825 964 tuit
846 911 875 964 et
895 905 976 981 ficta3
1009 922 1063 964 nec
1084 910 1179 964 tamen

144 996 244 1054 fuisset
265 1013 337 1069 sera,
359 997 383 1053 si
404 995 504 1053 fuisset
525 1011 603 1054 vera.
633 991 837 1052 NOVICIUS:
858 993 1063 1056 Nonmirabor
1077 991 1179 1051 amodo

144 1085 347 1160 poenitentiam
369 1099 463 1140 seram
491 1083 539 1140 vix
572 1097 635 1140 esse
662 1096 770 1139 veram.
812 1077 1049 1139 MONACHUS:
1081 1079 1180 1138 Plures

146 1172 262 1228 suntin
284 1167 408 1242 saeculo,
431 1184 503 1243 quos
525 1184 579 1244 ego
601 1168 674 1226 bene
696 1169 772 1240 novi,
796 1169 844 1240 qui
866 1173 993 1242 tempore
1003 1165 1180 1238 infirmitatis,

147 1275 213 1315 cum
233 1258 365 1314 timerent
385 1257 472 1328 mori,
501 1271 532 1312 se
561 1256 633 1313 inter
654 1271 755 1311 manus
776 1251 901 1312 Abbatis
923 1252 1121 1328 reddiderunt,
1154 1256 1181 1310 et

75 1335 77 1343 ’
148 1360 213 1402 cum
235 1341 453 1416 convaluissent
475 1346 698 1416 transgressores
719 1342 779 1399 voti
800 1340 867 1398 lacti
889 1351 963 1399 sunt.
994 1339 1082 1399 Armo
1096 1355 1180 1415 prae-

147 1432 229 1489 terito
252 1429 330 1505 apud
350 1429 483 1486 Bonnam
503 1430 599 1487 vicum
621 1427 769 1486 Dioecesis
792 1425 981 1503 coloniensis,
1002 1443 1096 1503 vagus
1118 1427 1180 1502 qui-

148 1515 215 1575 dam
236 1514 355 1576 clericus
367 1512 397 1594 ³),
419 1514 556 1574 Nicolaus
576 1516 706 1588 nomine,
738 1530 825 1590 quem
847 1520 953 1573 vocant
974 1514 1181 1590 archipoetam‚

147 1605 176 1661 in
198 1604 288 1660 acutis
309 1604 434 1678 graviter
453 1601 604 1676 laboravit,
626 1608 742 1660 etcum
763 1601 835 1660 mori
855 1602 975 1676 timeret,
998 1607 1060 1660 tam
1080 1617 1132 1677 per
1151 1615 1182 1658 se

148 1694 241 1765 ipsum
263 1706 350 1764 quam
371 1706 423 1765 per
445 1690 597 1747 canonicos
619 1687 745 1747 eiusdem
767 1687 920 1762 ecclesiae,
951 1693 985 1746 ut
1004 1689 1035 1745 in
1057 1687 1182 1747 ordinem

149 1778 354 1851 susciperetur,
381 1773 459 1852 apud
479 1773 627 1834 Abbatem
655 1781 784 1834 nostrum
811 1775 940 1834 obtinuit
984 1773 1062 1850 Quid
1082 1770 1181 1850 plural

150 1862 223 1921 Cum
244 1863 350 1938 multa,
382 1870 415 1920 01
435 1863 518 1920 nobis
539 1861 705 1936 videbatur,
734 1863 900 1920 contritione
932 1863 1059 1920 tunicam
1079 1860 1182 1932 induit,

151 1967 237 2025 quam
259 1950 335 2008 iacta
357 1951 421 2008 crisi
443 1949 563 2008 celerius
584 1951 670 2023 exuit,
694 1953 809 2008 etcum
831 1947 956 2023 quadam
976 1950 1105 2008 irrisione
1116 1962 1182 2023 pro-

148 2039 255 2110 iiciens,
277 2036 395 2112 aufugit.
438 2034 641 2096 NOVIGIUS:
663 2034 748 2094 Multi
769 2042 837 2094 sunt
856 2025 1033 2111 peccatores,
1055 2038 1182 2112 quicon·
1260 2073 1261 2106 ,

129 2126 294 2183 ,1011190901
314 2123 420 2182 habere
441 2139 500 2182 uon
521 2129 655 2198 possunt,
685 2127 714 2180 et
742 2121 778 2180 (19
799 2122 855 2181 hoc
876 2123 938 2197 ipso
962 2121 1067 2182 dolent.
1111 2117 1182 2196 Quid
1260 2159 1261 2194 4

152 2227 219 2286 ergo
248 2209 427 2269 sentiendum
457 2216 501 2269 est
533 2209 570 2268 (19
602 2208 654 2267 tali
683 2206 801 2268 dolore?
844 2206 1079 2269 MONACHUS:
1108 2205 1182 2266 Talis

152 2297 234 2356 dolor
254 2299 413 2356 meritorius
435 2313 493 2354 non
515 2301 566 2370 est,
588 2297 656 2370 quia
676 2298 737 2355 sine
760 2298 889 2370 caritate3
916 2302 1070 2372 praeparat
1090 2299 1182 2354 tamen
1260 2335 1261 2342 .

152 2383 305 2458 aliquando
326 2385 404 2442 viam
427 2385 545 2442 caritati.
589 2381 699 2442 Caritas
721 2388 749 2442 et
770 2383 909 2457 peccandi
937 2383 1072 2442 voluntas
1103 2377 1182 2440 simul
1260 2425 1261 2458 ,

152 2473 244 2530 inesse
265 2488 323 2530 non
344 2475 473 2545 possunt.
516 2469 593 2545 Quid
614 2469 650 2528 (10
672 2469 723 2528 tali
755 2468 852 2528 dolore
878 2476 994 2530 sanctus
1022 2466 1181 2530 Bernardus
1260 2533 1261 2536 Ἴ

153 2559 279 2632 senserit,
299 2557 395 2618 verbis
418 2563 447 2616 et
468 2556 598 2632 exemplo
609 2550 632 2636 ⁴)
654 2555 727 2616 illius
750 2555 906 2616 doceberis.
1260 2557 1261 2560 ’

496 2745 728 2808 CAPITULUM
758 2747 844 2807 XVI.

205 2871 253 2930 Dc
274 2871 365 2929 milite
386 2869 532 2942 Rcmeccei,
554 2873 606 2944 qui
625 2872 658 2928 in
673 2873 846 2944 praeseutia
868 2873 962 2928 0011011
982 2859 1132 2930 Bernordi

400 2959 629 3030 communicares,
651 2960 795 3016 contritus
816 2957 940 3016 decessit.

217 3095 327 3155 Retulit
346 3095 415 3154 mihi
435 3095 522 3155 frater
544 3093 715 3154 Godefridus
737 3096 894 3154 monachus
915 3101 1021 3171 noster,
1042 3091 1180 3171 quondam
1260 3131 1261 3138 .

153 3183 346 3244 Scholasticus
375 3183 467 3242 sancti
494 3181 629 3242 Andreae
654 3184 684 3240 in
714 3181 848 3258 Colonia,
884 3185 964 3242 curius
992 3185 1022 3241 in
1050 3176 1179 3257 superiori
1260 3201 1261 3210 ¹

155 3269 333 3330 distinctione
356 3270 478 3345 capitulo
502 3271 583 3329 tertio
611 3271 785 3330 mentionem
813 3270 882 3345 feci,
910 3269 968 3329 tale
997 3268 1065 3346 quid
1093 3265 1179 3327 conti-
1260 3259 1261 3266 '

152 3357 228 3434 gissc
249 3359 278 3415 irr
300 3359 416 3416 civitate
437 3357 580 3416 Remerrsi.
622 3357 682 3430 Eo,
710 3358 813 3432 inquit,
846 3362 974 3432 tempore
1003 3373 1060 3431 quo
1087 3349 1179 3412 Remis
1260 3399 1261 3432 ,

152 3445 192 3504 101
213 3445 242 3502 10
264 3443 358 3503 studio
382 3461 447 3503 cum
470 3444 584 3503 domino
606 3443 754 3518 Philippo,
776 3450 877 3520 postea
900 3443 1060 3503 Coloniensi
1079 3437 1179 3500 Archi·
1260 3443 1261 3508 ζ

154 3534 297 3608 episcopo,
320 3533 400 3608 cuius
421 3532 556 3608 magister
579 3536 608 3590 et
627 3530 812 3608 paedagogus
836 3548 922 3606 eram,
945 3533 1060 3608 contigit
1079 3525 1179 3587 ibidem

171 3684 203 3750 d]
221 3683 239 3734 l’
257 3682 342 3752 quid.
363 3712 393 3722 -
420 3680 557 3750 eposio
575 3683 666 3734 enim.
687 3713 717 3722 -
745 3682 1025 3751 3)Α1)Ρο1901009
1050 3675 1177 3752 quidam.
1260 3647 1261 3680 ἶ

225 3782 254 3797 u-
274 3751 365 3823 4)(11)
383 3751 548 3825 exemplis.
1260 3767 1261 3798 ς
