2594 4302
182 251 246 311 188
306 275 312 282 ·
396 301 399 310 .
527 251 755 316 uleruncrro
776 253 888 316 NONA

1274 341 1277 370 l

182 387 266 450 altari
292 405 395 466 pacem
421 391 538 467 requirit
558 398 588 452 ct
608 391 770 452 silentium?
813 391 897 454 Unde
918 398 949 452 et
968 390 1072 453 beatus
1091 389 1223 452 Ambro-

182 477 243 538 sius
270 483 339 552 post
357 475 547 555 Evangelium
567 495 683 539 monere
705 478 817 540 solebat
837 478 993 556 populum,
1024 485 1057 538 ut
1078 497 1097 539 a
1119 481 1195 540 tusci
1205 474 1224 559 ¹)

183 567 214 623 et
240 565 317 623 omnl
336 563 537 638 inquietudine*
560 583 592 626 sc
612 573 803 641 temperarent
823 571 952 642 tempora
975 566 1101 626 canonis.
1137 565 1225 642 Quod

182 663 252 710 vero
281 648 396 710 devotio
424 651 510 728 ig'nea
536 653 588 727 sit,
615 658 645 713 et
664 670 777 713 rursum
797 655 905 714 nitatur
922 659 957 713 ut
976 652 1123 730 praelatus
1144 670 1231 729 sum,

182 749 307 814 sequens
327 737 401 798 visio
422 735 637 821 demonstran).

516 909 749 973 CAPITULUM
769 909 890 973 XXXI.

433 1034 482 1094 Dc
507 1033 608 1094 Utrico
635 1035 780 1094 monacho
807 1035 972 1094 Vilaoicasi.

248 1151 283 1214 In
304 1152 413 1215 Vllrrlo
434 1153 609 1215 Brabantiaa
630 1161 696 1216 anta
717 1155 774 1216 hoc
803 1155 948 1216 biennium
976 1155 1136 1216 monachus
1157 1156 1225 1231 qui-

184 1240 253 1300 dam
280 1238 431 1302 defunctus
452 1247 496 1302 est
515 1243 630 1302 nomine
650 1241 779 1318 Uiritus,
811 1244 923 1302 iuvenis
950 1241 1163 1318 disciplinatus,
1196 1249 1227 1302 ct

183 1326 269 1389 valde
294 1328 450 1406 gratiosus,
477 1333 537 1388 tam
566 1345 685 1405 corpore
714 1346 801 1405 quarn
822 1334 918 1389 mente
939 1331 1030 1406 virgo.
1072 1328 1129 1389 Hic
1158 1345 1225 1388 curn

184 1415 214 1476 in
235 1411 396 1495 Namuco')
424 1414 470 1474 dio
498 1417 598 1490 quinto
628 1415 739 1476 decimo
771 1422 839 1476 ante
859 1421 980 1476 mortem
1001 1433 1085 1475 suam
1105 1416 1226 1475 missam

184 1499 350 1575 celebraret,
370 1503 446 1562 sicut
465 1501 535 1560 mihi
555 1501 653 1562 retulit
673 1502 812 1579 praedicti
832 1498 918 1583 loci‘)
940 1503 1030 1578 Prior,
1052 1501 1226 1562 venerabilis

183 1586 295 1648 inclusa
321 1584 414 1668 Uda⁸)
440 1590 570 1665 nomine,
601 1591 648 1649 cui
675 1589 757 1650 Deus
784 1588 876 1651 multa
901 1588 1029 1649 revelare
1058 1589 1226 1664 consuerit,

182 1671 305 1752 globum
331 1675 448 1752 lgneum
469 1691 555 1752 super
576 1682 664 1752 caput
685 1678 746 1735 eins
768 1677 924 1752 conspexit
966 1676 1037 1734 Erat
1059 1676 1135 1735 anim
1156 1682 1226 1734 tunc

184 1761 321 1838 temporis
350 1763 537 1839 grangiarius.
580 1761 638 1839 Qui
659 1779 725 1822 cum
745 1763 977 1844 infirmatus„in
997 1764 1131 1822 extremis
1152 1779 1226 1839 age·

184 1852 243 1922 ret,
274 1853 304 1930 et
324 1843 427 1908 Abbas
454 1847 579 1924 deesset,
606 1847 677 1910 dixit
709 1851 736 1908 ei
763 1849 880 1926 quidam
902 1866 938 1908 ex
959 1849 1226 1910 circumstantibusz

184 1933 305 1995 Vellctis
333 1933 480 1996 dominum
501 1934 648 1996 Abbatem
677 1933 796 2017 modo‘)
824 1935 944 1997 videre?
987 1936 1096 2011 Etiam,
1116 1937 1227 2012 inquit,

185 2019 271 2082 valde
297 2021 378 2082 illum
404 2021 501 2082 ridere
530 2021 675 2098 desidero,
706 2029 740 2083 ut
766 2039 903 2100 praesens
925 2021 1105 2101 congaudere
1126 2029 1228 2098 posset

185 2107 255 2170 mihi
276 2109 355 2171 eunti
375 2107 413 2168 ad
433 2110 558 2185 nuptias.
598 2109 637 2168 Et
657 2109 772 2170 adiecit:
796 2109 867 2170 Cras
885 2109 1028 2170 habebitis
1039 2115 1158 2187 propter
1179 2126 1227 2169 me

138 2263 147 2272 ,
185 2193 298 2272 laetum,
318 2193 426 2257 scilicet
440 2195 512 2256 duas
527 2197 639 2258 missas
672 2195 757 2272 Quod
779 2199 820 2256 ita
832 2197 940 2257 tactim
962 2203 1015 2256 est
1045 2191 1121 2256 Nam
1135 2195 1228 2256 altera

186 2279 233 2344 die
248 2279 325 2344 dicta
337 2284 426 2342 misse
438 2284 468 2341 in
480 2289 633 2359 conventu,
653 2290 720 2361 post
734 2286 863 2360 primam,
884 2285 1033 2344 eratenim
1046 2279 1227 2363 Kalendasb

187 2367 330 2446 Octobris,
349 2370 475 2430 animam
491 2371 649 2446 virgineam
671 2370 786 2444 efflavit,
807 2387 883 2447 quae
904 2388 923 2430 a
945 2369 1116 2431 coelestibus
1137 2387 1227 2447 para·

185 2455 310 2532 nimphis
330 2461 478 2533 suscepta,
509 2458 538 2516 in
566 2456 733 2530 aethereum
761 2457 927 2518 thalamum·
940 2456 979 2516 ad
1000 2457 1115 2533 nuptias
1143 2459 1213 2533 agni

186 2548 217 2603 ct
237 2540 277 2602 ad
297 2541 447 2619 amplexus
468 2545 565 2620 spousi
587 2542 711 2604 deducta
732 2551 784 2604 cst.
825 2543 899 2604 Post
918 2546 1032 2605 tertiam
1053 2560 1121 2604 vero
1148 2543 1227 2604 cele-

185 2629 270 2690 brata
289 2645 341 2710 pro
364 2632 509 2690 comissa
534 2629 707 2691 sollemniter
725 2634 756 2689 in
780 2636 939 2706 conventu,
966 2629 1124 2692 secundum
1146 2629 1227 2706 quod

184 2717 249 2793 ipsa
283 2717 477 2794 praedixerat,
509 2723 600 2777 terrac
636 2715 853 2788 commendatus
880 2723 932 2778 est
979 2717 1018 2777 Et
1045 2719 1122 2778 sicut
1155 2717 1226 2776 milri

186 2802 257 2864 dixit
277 2794 600 2866 doninuslwilhclmus
621 2822 698 2865 nunc
718 2804 822 2865 Abbas
842 2803 1025 2879 Vilarieusis,
1052 2809 1121 2864 tunc
1143 2803 1227 2864 Prior

185 2887 333 2971 ibidcm⁸),
359 2908 396 2952 ne
427 2908 516 2951 unum
542 2891 658 2967 quidem
683 2897 835 2968 peccatum
862 2889 982 2952 mortale
1011 2889 1226 2967 deprehendere

184 2979 279 3054 potuit
298 2979 328 3040 in
351 2980 410 3038 eius
433 2984 560 3038 extrema
581 2984 611 3038 at
630 2978 757 3056 generali
776 2977 960 3040 confessione.
1003 2978 1111 3060 Fuerat
1132 2979 1226 3054 siqui·

186 3063 253 3126 dem
273 3081 396 3142 magnac
417 3066 480 3141 spei
500 3057 620 3141 iuvenis,
642 3065 753 3125 marm
774 3064 885 3126 habens
905 3063 1076 3142 angelicum,
1096 3065 1226 3124 moribus

185 3151 268 3212 bonis
290 3151 590 3227 conmemoratione
613 3151 799 3212 Coloniensis.
841 3145 1012 3231 Praedicti⁹)
1033 3167 1103 3212 vero
1125 3168 1226 3212 sacer·

186 3236 261 3300 dotis
288 3254 441 3315 personam
461 3238 531 3298 mihi
551 3236 672 3314 prodere
693 3255 752 3298 non
772 3238 848 3298 licet
889 3236 943 3297 Est
964 3240 1041 3296 enim
1060 3240 1105 3298 vir
1126 3244 1226 3299 tantae

184 3323 373 3402 perfectionis,
387 3330 419 3384 ut
430 3329 511 3384 mnia
523 3326 616 3409 gratia
630 3325 732 3402 dignus
745 3327 790 3400 sit,
805 3331 834 3386 ct
846 3325 943 3386 verbis
956 3325 1017 3384 aius
1026 3342 1085 3385 non
1100 3324 1237 3400 credere,

185 3414 211 3471 ri
231 3412 284 3474 tibi
304 3411 509 3489 propalaretur,
530 3411 711 3489 sacrilegium
731 3411 879 3472 iudicares.
921 3408 1123 3472 NOVIOIUS:
1146 3411 1227 3472 Uiri·

186 3514 253 3562 cum
280 3504 419 3575 quantum
446 3498 485 3560 ad
504 3498 682 3576 praedictam
702 3501 842 3561 visionem
862 3497 984 3558 similem
1005 3497 1100 3558 iudico
1122 3505 1226 3560 sancto

205 3615 237 3691 ¹>
254 3615 597 3753 referram-ri
613 3612 1010 3756 retroredire
1028 3613 1225 3752 eccere

254 3754 292 3808 ric
307 3764 335 3806 ct
352 3769 406 3824 cap.
425 3756 467 3809 35.
486 3785 518 3796 -
537 3755 569 3822 d)
591 3753 680 3806 modo
701 3769 743 3806 om
759 3753 813 3807 Al).
832 3783 864 3796 -
883 3754 916 3823 7)
932 3751 977 3806 ΒΟ
994 3763 1087 3807 erant
1111 3785 1145 3797 -
1167 3755 1225 3810 lia-

254 3823 379 3879 lcndac.
396 3853 428 3866 -
447 3824 480 3898 Β)
496 3822 542 3894 BC
558 3822 677 3880 ibidem
694 3823 795 3881 Prior.
809 3853 841 3868 -
859 3823 893 3896 9)
910 3838 966 3897 asp.
983 3823 1026 3880 ³0.
