2622 4322
356 244 361 256 '
435 266 489 328 nu
511 265 776 330 mnrauronn.
1059 268 1121 330 ase

100 389 179 449 ratire
199 385 364 448 luxuriam?
405 389 452 450 De
473 389 523 460 illa
544 389 627 450 dicit:
655 391 757 450 Videte
777 407 815 450 ne
835 389 1122 466 cordavestrapru·

100 483 194 536 untur
214 479 247 535 in
268 476 396 551 crapula
417 483 445 536 et
467 476 605 538 ebrietate
620 474 649 548 ¹).
691 477 738 538 De
759 479 815 536 ista
834 495 920 536 vero:
943 477 1010 538 Sicut
1031 476 1123 536 lumbi

99 567 176 622 ocem
203 566 369 639 praecincti
379 560 411 641 ²).
453 562 688 624 MONAGHUS:
720 564 850 624 Noverat
882 563 1001 624 Creator
1034 566 1123 624 totius

98 655 218 725 naturae,
246 650 283 709 de
315 649 384 726 gule
411 649 553 710 luxuriam
582 653 662 725 oriri,
692 650 824 725 illiusque
852 650 984 710 fomentis
1015 652 1123 710 nutriri.

99 735 229 796 Genitalis
240 733 262 816 ³)
291 738 385 796 ventri
420 740 639 814 coniunguntur.
692 736 739 796 Ac
767 740 791 796 si
826 737 932 797 diceret
965 738 1122 796 Dominus:

96 822 135 882 Ne
153 823 203 883 lias
223 823 402 898 luxuriosus,
430 823 516 899 gulae
545 824 665 900 indulge
686 821 836 903 porciensi).
879 823 947 884 Sine
970 823 1073 885 Cerere
1094 831 1124 884 et

96 909 184 970 Bacho
204 910 288 996 friget
309 906 447 991 Venus⁵).
491 911 559 970 Tria
581 918 648 972 suut
669 927 743 987 quae
771 911 900 970 fomitem
926 910 1057 974 luxuriae
1076 912 1123 970 in·

96 995 246 1072 flammant,
274 994 369 1058 uicem
396 996 617 1072 Immoderatus,
648 1000 770 1058 vestitus
796 1000 954 1073 pretiosus,
984 998 1122 1058 otiositas.

95 1081 168 1143 Haec
188 1086 241 1144 tria
260 1083 408 1159 Propheta
428 1084 516 1143 fuisse
539 1085 607 1144 dicit
626 1086 806 1160 iniquitatem
816 1084 969 1160 Sodomae,
990 1084 1124 1144 videlicet

94 1173 272 1242 sancitatem
288 1174 393 1246 pann,
420 1169 531 1246 idest,
560 1171 673 1248 gulam3
702 1171 872 1246 superbiam
893 1175 987 1243 vitae,
1016 1170 1124 1230 scilieet

94 1257 311 1332 superfluitatem
325 1259 462 1316 vestium:
483 1251 535 1332 per
547 1275 621 1333 quae
630 1253 651 1337 ⁶)
672 1258 761 1318 libido
775 1263 963 1334 provocatum
987 1265 1015 1316 et
1028 1261 1123 1318 otiam

93 1345 177 1418 psius
198 1351 224 1403 et
241 1345 374 1421 filiorum
397 1351 425 1402 et
443 1344 577 1420 filiarum
599 1348 660 1404 eins
673 1342 704 1422 ⁷).
746 1343 842 1404 Multa
869 1345 960 1419 mula,
989 1351 1022 1402 ui
1054 1345 1123 1404 dicit
1158 1343 1160 1349 ⁴

93 1428 230 1506 Salomon,
250 1431 349 1490 docuit
369 1432 508 1490 otiositas.
550 1430 648 1490 David
668 1437 784 1507 propter
806 1435 895 1492 otium
908 1434 1041 1508 peccavit
1056 1449 1122 1492 cum

92 1515 228 1578 Bersabee
237 1514 269 1596 ⁸).
313 1516 397 1576 Unde
420 1516 537 1592 quidam
558 1519 612 1576 ait:

239 1605 357 1664 Otiosi
379 1605 481 1684 tollae,
490 1604 607 1680 pectere
630 1603 782 1680 Cupidinis
804 1602 924 1685 arcem).

93 1689 166 1750 Mala
185 1691 276 1752 bestia
299 1697 343 1750 est
363 1691 485 1765 luxuria,
506 1693 643 1750 castitatis
664 1694 824 1767 impatiens,
844 1692 915 1750 nulli
929 1694 1009 1752 sexui
1023 1695 1122 1768 parcit,

93 1778 135 1835 vix
154 1777 278 1854 aliquem
307 1779 454 1853 quiescere
480 1779 555 1836 sinii.
597 1778 712 1837 Excitat
734 1778 921 1854 dormientes,
953 1782 1078 1838 concitat
1092 1777 1121 1859 ¹⁰)

93 1863 248 1942 vigilantes,
269 1881 347 1924 nuuc
369 1871 536 1939 permotus
557 1865 718 1939 patrueles,
744 1883 821 1925 nuno
842 1883 894 1940 per
916 1867 1122 1942 cogitationes,

92 1966 160 2011 nunc
179 1969 231 2028 per
251 1953 358 2011 formas
380 1950 469 2010 oeulis
491 1952 644 2034 subiectae.
687 1952 794 2011 Tentat
820 1937 1003 2028 incipientes,
1031 1958 1123 2012 tentat

91 2037 269 2114 proficientes,
291 2044 385 2098 tentat
403 2037 554 2112 periectos.
596 2037 801 2099 NOVICIUS:
823 2039 900 2098 Satis
921 2039 1019 2098 audivi
1034 2038 1122 2097 luxu-

92 2126 143 2184 riae
162 2127 303 2202 pericula,
331 2125 428 2183 audivi
443 2121 471 2204 ¹¹)
507 2131 536 2184 et
563 2132 663 2185 contra
690 2125 768 2184 illam
790 2126 1017 2201 medicamenta3
1046 2143 1123 2186 nunc

92 2226 183 2284 precor
210 2219 244 2272 ut
269 2214 428 2287 subiungas
457 2211 596 2287 exempla.
639 2211 876 2272 MONAOHUS:
908 2213 974 2272 Non
1003 2212 1039 2272 de
1067 2212 1122 2273 illis

94 2296 177 2360 dicere
198 2301 275 2375 volo,
299 2301 348 2374 qui
370 2299 497 2356 luxuriae
520 2301 728 2358 consentientes
751 2299 922 2375 ceciderunt,
944 2298 995 2359 sed
1017 2302 1066 2376 qui
1084 2301 1121 2360 ab

95 2390 243 2447 ostentati
265 2393 303 2456 et¹
319 2388 509 2460 conquassati,
529 2385 588 2445 Dei
608 2389 701 2463 gratia
721 2389 883 2446 conservati
904 2393 979 2446 suut.
1005 2418 1012 2434 κ

420 2558 655 2620 CAPITULUM
675 2560 787 2620 XCIH.

127 2681 173 2740 Dc
192 2683 284 2741 milite
305 2667 453 2753 cenverso,
476 2698 563 2757 quom
583 2685 664 2741 uxor
686 2689 816 2757 temporo
833 2681 1022 2758 probationis
1037 2679 1068 2758 ¹²)

533 2771 675 2844 repetiuit.

74 2905 77 2914 ’
147 2885 230 2949 Miles
252 2887 370 2964 quidam
392 2887 472 2947 dives
503 2895 532 2948 ei
559 2887 714 2964 honestus,
746 2906 825 2948 more
859 2887 1052 2948 ecclesiastico
1081 2888 1118 2947 ab

92 2987 171 3033 uxore
190 2993 244 3034 sua
266 2980 424 3050 separatus,
445 2974 483 3034 ad
506 2975 651 3050 quendam
673 2977 790 3035 domum
813 2975 919 3034 ordinis
929 2976 1018 3034 nostri
1028 2976 1121 3052 gratia

92 3064 274 3122 conversionis
303 3064 390 3122 veuit
425 3061 487 3120 ¹(lui
513 3065 610 3121 omnia
637 3079 690 3121 sua
718 3063 853 3137 eontulit,
882 3063 933 3121 tali
958 3068 1058 3137 pacto,
1087 3068 1120 3120 ut

92 3142 184 3207 domus
205 3148 307 3208 eadem
328 3150 417 3222 uxori,
439 3148 536 3224 quoad
557 3151 675 3224 viveret,
698 3155 805 3209 certam
827 3152 987 3226 assignaret
1001 3151 1119 3224 pensio-

91 3247 166 3309 uem,
188 3253 262 3310 quae
283 3237 313 3294 in
334 3235 398 3294 loco
420 3236 553 3312 religioso
576 3237 667 3296 vitam
688 3238 867 3312 promiserat
879 3235 983 3296 ducere
998 3232 1028 3315 ¹⁸)
1050 3235 1118 3294 reli-

105 3348 134 3416 1)
150 3349 206 3409 aas.
217 3352 260 3416 21,
273 3351 316 3404 er.
330 3352 402 3419 -2)
420 3333 478 3403 rui.
498 3353 540 3415 12,
558 3353 600 3405 ss.
616 3381 646 3391 -
658 3353 720 3420 s)o
737 3353 900 3422 gentiana
918 3355 1011 3404 enim.
1029 3351 1117 3404 isidor.

151 3420 261 3474 sentent.
281 3421 313 3472 de
331 3421 432 3472 Summo
450 3421 512 3473 lion.
531 3421 561 3486 11,
578 3423 621 3484 42,
639 3423 669 3474 4:
694 3424 735 3488 „in
752 3422 846 3474 ordine
864 3437 971 3490 namque
988 3421 1117 3474 membro-

150 3505 205 3610 frupr
221 3491 345 3626 genitalg3
364 3493 454 3612 rTrentrit
468 3493 687 3614 ἰιὲηςιιιιιέιικῖγ-5
706 3491 740 3611 46)
757 3493 902 3629 llierggyip.
925 3495 950 3543 iu
968 3507 1024 3560 cap.
1042 3489 1061 3542 l.
1083 3491 1118 3629 ἓξ

169 3577 288 3612 iurn-
383 3575 462 3611 eren.
503 3577 593 3613 unuc.
734 3592 790 3610 .-
926 3577 1002 3612 uam.
1028 3589 1059 3600 -·

150 3628 239 3681 Erech.
260 3631 301 3693 16,
319 3629 361 3681 49.
380 3657 412 3670 --
435 3631 467 3698 8)
484 3631 547 3698 Reg.
565 3630 595 3694 11,
614 3599 655 3681 11'.
674 3599 707 3669 L
725 3631 757 3698 9)
776 3630 816 3684 GP
833 3577 936 3683 arcuqs.
966 3630 1059 3681 Versus
1077 3639 1117 3682 est

151 3697 231 3751 Ovidii
248 3698 352 3751 Remed.
370 3699 456 3751 Amor.
475 3700 577 3752 tea-
595 3699 672 3767 10)ss
690 3701 839 3752 concitat
857 3709 895 3751 et.
907 3729 939 3739 -
959 3699 1008 3767 11)
1026 3699 1116 3752 audi·

150 3769 182 3820 ri
199 3784 239 3820 orn
257 3768 460 3838 e.-12)noe
477 3769 788 3838 tentationis-13)
805 3769 847 3823 Bc
864 3769 984 3822 ducere
1003 3770 1116 3839 prorni-

151 3845 244 3892 serat.
