2594 4302
153 314 154 318 ,
188 254 252 316 238
503 253 730 318 Disrmc‘sso
755 252 912 317 DECIMA

512 446 746 532 CAPITULUM
769 395 917 508 XXVIll
1029 480 1031 488 ·

414 567 463 632 Dc
483 569 599 628 tltectro
620 573 652 629 ia
673 569 808 630 Santonica
830 569 1002 646 fedoaiacto.
1029 560 1031 571 '

253 687 394 750 Sacerdos
408 688 526 764 quidam
544 689 580 751 de
601 689 728 753 Saxonia
743 706 834 767 nuper
855 687 925 748 mibi
946 685 1042 758 retulit
1062 685 1228 748 miraculum

189 775 370 852 stupendum.
412 775 494 852 Hoc,
521 778 627 852 inquit,
656 793 732 837 anno
744 774 762 857 ¹)
785 778 816 836 iu
836 783 913 850 terra
933 781 1033 835 nostra
1053 776 1084 833 in
1106 774 1230 850 quodam

188 861 300 922 theatro
315 862 453 923 fulminati
470 870 537 922 sunt
549 866 650 940 viginti
663 863 802 938 homines,
823 863 886 922 solo
908 861 1059 922 sacerdote
1082 860 1231 920 evadente.

188 949 276 1026 Fugit
290 952 365 1010 enim
379 966 445 1009 cum
466 950 538 1010 alios
559 951 659 1010 ardere
680 951 791 1010 videret
798 947 829 1030 ²).
861 949 994 1009 Docebat
1008 949 1085 1008 enim
1106 953 1141 1006 ut
1161 950 1232 1025 ignia

190 1053 247 1112 quo
261 1035 331 1095 nihil
351 1037 443 1096 levius
465 1044 517 1111 est,
543 1036 668 1119 levitatis
677 1034 697 1116 ³)
719 1043 862 1098 amatores
873 1037 996 1113 puniret
1026 1033 1232 1098 NOVIGIUS:

188 1121 279 1182 Miror
305 1123 384 1198 quod
411 1123 545 1184 sacerdos
566 1140 625 1182 non
647 1130 691 1182 est
711 1126 844 1198 punitus,
874 1140 940 1182 oum
960 1125 1023 1198 ipse
1043 1119 1111 1197 plus
1135 1125 1233 1182 ceteris

190 1207 350 1290 credatur⁴)
372 1227 516 1287 peccasse.
559 1208 794 1285 MONAOHUS:
816 1208 911 1286 Saepe
931 1209 1014 1268 Deus
1033 1207 1235 1269 sacerdotibus

189 1298 289 1372 parcit,
310 1303 427 1373 propter
447 1296 589 1372 ordinem,
613 1298 687 1356 sicut
707 1293 840 1375 legitur⁶)
866 1295 902 1356 de
923 1294 1039 1370 Aaron,
1067 1312 1159 1370 quem
1180 1313 1236 1355 non

189 1385 330 1458 percussit
349 1383 437 1458 lepra,
459 1383 511 1443 sed
526 1400 662 1459 sororem,
684 1401 750 1443 cum
771 1390 868 1443 tamen
890 1399 948 1442 non
970 1376 1114 1461 legatur⁶)
1138 1399 1236 1443 sorore

189 1470 283 1529 murus
297 1485 442 1546 peccasse.
484 1470 541 1530 Vel
557 1470 629 1530 sorte
650 1473 680 1528 in
702 1487 736 1530 eo
759 1469 867 1546 aliquid
888 1471 958 1529 boni
978 1469 1061 1528 Deus
1083 1470 1237 1545 praevidit,

189 1556 404 1632 propterquod
432 1556 472 1614 illi
493 1559 629 1633 pepercit
673 1555 759 1633 Quod
775 1573 850 1616 'vero
879 1554 1034 1631 aliquando
1051 1555 1103 1630 ob
1135 1555 1237 1615 buius-

190 1642 268 1702 modi
291 1642 422 1703 levitates
442 1643 525 1703 Deus
546 1643 711 1704 sacerdotes
731 1646 841 1721 puniat,
861 1647 977 1720 praesto
998 1648 1041 1702 est
1063 1644 1238 1720 exemplum.

525 1832 759 1894 CAPITULUM
779 1833 900 1894 XXIX.

397 1957 446 2016 Dc
465 1956 617 2016 sacerdote
637 1959 669 2015 ta
691 1955 833 2034 Elpzooa‘a
854 1955 1026 2032 fulminato.

144 2119 146 2124 -
256 2077 310 2138 Est
339 2077 408 2138 villa
433 2079 463 2136 in
483 2077 661 2154 Episcopatu
682 2077 865 2153 Treverensi,
893 2077 1034 2155 Elynacia-
1057 2085 1187 2158 vocata,
1214 2085 1239 2140 in

193 2181 251 2241 qua
278 2181 354 2225 anno
379 2168 531 2240 praeterito
554 2171 657 2241 quarta
677 2164 747 2224 teria
768 2171 835 2224 ante
856 2164 1042 2225 Nativitatem
1064 2170 1164 2226 sancti
1187 2169 1239 2228 Jo-

192 2250 296 2311 hannis
318 2255 443 2328 contigit,
464 2253 520 2312 boc
541 2252 650 2328 grande
671 2269 706 2311 ac
727 2251 851 2311 terribile
871 2251 1050 2312 miraculum.
1094 2251 1240 2314 Sacerdos

193 2337 249 2398 loci
270 2338 412 2398 Henricus
440 2341 555 2398 nomine
583 2339 651 2397 dum
673 2338 786 2398 sederet
805 2341 834 2397 in
856 2340 992 2415 taberna,
1018 2339 1098 2398 facta
1121 2348 1170 2400 ast
1199 2345 1240 2400 in-

193 2427 344 2501 temperies
380 2427 453 2484 aeris
488 2428 621 2484 maxima.
678 2423 743 2501 Quo
776 2425 927 2485 festinante
957 2443 1022 2485 cum
1052 2432 1240 2504 campanario
1270 2423 1271 2505 l

194 2528 247 2571 suo
269 2515 299 2571 in
321 2512 488 2587 ecclesiam,
511 2530 577 2572 oum
599 2530 755 2587 campanas
776 2512 938 2588 pulsarent,
961 2515 1050 2572 crevit
1070 2519 1240 2592 tempestas,
1270 2569 1271 2584 ἶ

195 2605 224 2658 et
240 2599 355 2674 nebule,
377 2607 406 2658 et
421 2599 616 2659 inenarrabilis
633 2602 768 2675 strepitus
784 2602 857 2659 aeris
878 2602 908 2658 in
930 2600 1060 2659 ecclesia
1092 2602 1240 2663 Veniens-

195 2679 270 2762 que'
286 2692 404 2761 repente
439 2688 513 2749 ictus
545 2687 680 2762 turbinis,
713 2689 868 2762 prostravit
901 2693 1069 2762 utrumque,
1104 2690 1241 2751 clericum
1270 2679 1271 2740 l

194 2771 304 2854 scilicet
333 2782 362 2832 et
390 2775 619 2848 campanarium,
647 2777 688 2833 ita
716 2772 795 2849 quod
822 2775 1022 2850 campanarius
1050 2776 1105 2835 sub
1137 2777 1240 2837 clerico

194 2860 317 2920 iacebat.
361 2859 567 2935 campanarius
584 2876 653 2919 vero
675 2863 705 2918 in
726 2860 804 2919 nullo
825 2859 922 2920 laesus
944 2866 996 2934 est,
1018 2860 1123 2922 clerico
1148 2867 1241 2924 extin-
1270 2873 1271 2912 l

195 2953 253 3006 cto.
305 2933 392 3005 Ouics
428 2947 564 3022 genitalia
591 2954 693 3008 exusta
722 2953 803 3021 sunt,
836 2947 945 3024 reliquo
975 2964 1095 3023 corpore
1122 2952 1243 3011 intacto.
1270 2913 1271 3008 l

196 3032 280 3109 Quae
300 3032 376 3091 filius
398 3036 459 3092 eius
480 3047 647 3108 accurrens,
673 3033 810 3094 calcando
833 3037 965 3108 extinxit,
987 3041 1016 3094 et
1037 3035 1156 3096 avulsit.
1203 3038 1242 3096 Er

197 3137 254 3196 quo
284 3126 364 3195 patet
391 3120 592 3180 fornicatorem
619 3121 700 3180 illum
727 3121 822 3180 tuisse.
871 3121 1052 3182 Vestimenta
1079 3140 1154 3184 vero
1187 3127 1244 3184 eius

196 3208 238 3266 ita
259 3212 326 3265 sunt
347 3205 487 3281 lacerata,
515 3213 548 3265 ut
572 3207 651 3266 nulla
670 3207 811 3283 particula
833 3207 999 3268 cohaereret
1020 3207 1130 3269 solidae
1155 3213 1244 3286 parti,

196 3309 251 3353 nec
277 3292 370 3353 solida
397 3299 507 3368 essent,
536 3300 657 3370 excepta
684 3294 733 3354 illa
761 3295 901 3370 particula
929 3297 958 3354 in
992 3312 1051 3370 qua
1079 3295 1245 3373 dependere

197 3380 310 3440 solebat
331 3380 493 3455 manipulus
526 3383 555 3440 in
584 3383 695 3440 sinistro
725 3381 852 3441 brachio.
902 3381 960 3442 Sed
989 3389 1018 3442 et
1045 3383 1165 3443 stivalia
1194 3401 1245 3444 sur

197 3483 274 3542 quae
296 3483 374 3548 nova
391 3473 479 3542 erant,
499 3469 540 3527 ita
561 3474 628 3527 sunt
650 3468 812 3543 dilacerata,
834 3486 868 3529 ac
890 3471 915 3528 si
935 3469 1082 3530 tuscmnlis
1104 3471 1246 3548 dissipata

106 3584 108 3589 ·
199 3559 303 3613 essent.
346 3552 450 3614 Soleae
471 3571 540 3614 vero
564 3557 604 3615 sic
627 3562 694 3614 sunt
715 3556 808 3615 factae
821 3553 858 3635 ⁷),
880 3571 916 3615 ac
938 3557 963 3615 si
982 3558 1012 3614 iu
1032 3574 1112 3632 aqua
1131 3557 1246 3618 fervida

218 3685 249 3755 1)
267 3685 362 3738 scilicet
382 3686 457 3739 1222.
475 3685 539 3737 Vide
551 3688 616 3739 inira
629 3703 684 3755 cap.
703 3689 745 3740 48.
759 3689 800 3740 50.
812 3719 841 3728 -
854 3688 886 3757 2)
904 3687 948 3740 CP
966 3689 1099 3742 videret
1116 3691 1244 3744 erdere.

271 3755 379 3822 -3)B
397 3755 514 3808 leviter
531 3756 767 3824 levitatis-l)
785 3756 807 3809 B
826 3758 1061 3827 creditum-5)
1078 3759 1186 3812 Numer.
1206 3761 1244 3811 12.

272 3853 303 3863 ·-
322 3825 354 3892 6)
372 3825 393 3878 Ε
411 3825 543 3894 legitur.
568 3855 598 3866 -
618 3827 650 3896 7)
668 3826 689 3879 Ε
707 3826 841 3878 fractae.
