2594 4302
366 261 421 323 nu
442 237 629 324 bourona
651 263 820 329 onnmrr.
1065 267 1152 330 rra.

84 386 146 446 eius
177 383 261 461 lapsa
290 385 393 446 cecidit
420 403 507 463 super
534 388 731 462 pavimentum
757 384 894 446 lateribus
916 389 1045 446 stratum.
1088 385 1129 448 Ut

82 478 180 532 autem
202 471 345 532 Dominus
366 490 398 533 se
420 471 583 533 ostenderet
593 471 751 532 Dominum
772 479 865 532 terrae
887 475 961 532 sicut
983 478 1012 532 et
1033 476 1128 548 maris,

82 576 151 618 mox
171 565 205 619 ut
226 559 321 618 hostia
343 566 482 636 quantum
504 559 542 619 ad
564 562 690 636 speciem
712 559 816 618 modici
837 559 980 634 ponderis,
1001 559 1127 636 lapidem

82 648 191 724 tetigit,
220 645 317 707 lateris
338 645 378 705 illi
400 647 503 706 duritia
526 649 626 722 cessit,
656 649 697 706 ita
718 653 751 706 ut
773 645 894 706 circulus
917 652 946 706 et
966 646 1077 708 litterae
1098 650 1128 706 in

80 733 130 792 illo
162 740 348 809 apparerent,
381 731 625 810 quemadmodum
655 733 717 793 fieri
748 733 822 792 solet
855 749 921 792 cum
942 733 1022 794 molli
1045 735 1153 794 cerae

82 819 207 897 sigillum
228 822 407 896 imprimitur.
450 820 592 882 Sacerdos
613 823 745 894 territus,
771 837 840 878 mox
859 820 983 879 hostiam
1004 821 1126 896 levavit,

82 914 112 968 et
132 906 252 968 laterem
275 907 355 968 eruit.
397 907 432 966 In
455 923 512 982 quo
535 925 601 967 cum
622 914 683 966 tam
703 909 766 984 ipso
788 923 874 982 quarn
890 905 973 966 multi
993 907 1042 970 elii
1060 914 1127 967 tan-

81 1002 144 1054 tum
167 995 336 1054 miraculum
357 994 509 1070 vidissent,
539 1000 568 1054 et
589 997 785 1070 expavissent,
813 993 923 1053 consilii
943 990 1055 1074 inops1)
1076 1012 1127 1055 sa·

81 1082 191 1157 cerdos,
212 1081 309 1141 locum
330 1089 389 1140 tam
411 1082 577 1141 mirabiliter
598 1080 693 1141 hostia
712 1083 855 1158 signatum
877 1083 955 1156 rasit,
975 1081 1126 1157 pulverem

79 1185 191 1246 ponens
222 1171 296 1227 inter
325 1169 469 1244 reliquiae.
518 1167 595 1227 Huic
623 1168 761 1228 miraculo
790 1167 937 1228 Amoldus
966 1168 1125 1229 monachus

79 1263 178 1316 noster
210 1255 278 1315 dicit
305 1272 338 1315 se
364 1255 534 1316 interfuisse.
576 1253 617 1315 Ut
638 1257 724 1315 etiam
744 1253 888 1314 Dominus
911 1255 1075 1316 ostenderet
1095 1259 1124 1313 in

81 1361 148 1404 aere
168 1344 329 1420 potentiam
350 1360 443 1418 suam,
463 1341 521 1402 tale
544 1341 613 1418 quid
634 1341 695 1402 lieri
716 1344 856 1418 permisit.

438 1549 672 1626 CAPITULUM
700 1551 776 1611 XV.l

136 1731 137 1734 ,
173 1677 221 1736 Dc
241 1676 345 1736 hoedis
362 1677 395 1734 io
415 1674 538 1733 Aocode
563 1674 736 1732 decumum
756 1675 876 1732 beonia
898 1677 1033 1734 excussis.

145 1814 181 1874 In
208 1813 279 1874 villa
307 1815 354 1874 cui
374 1809 523 1893 Anrode²)
552 1812 727 1874 vocabulum
756 1818 815 1888 est,
844 1812 979 1872 sacerdos
1008 1812 1125 1889 quidam

81 1909 125 1964 cst
146 1904 261 1963 nominc
279 1899 476 1962 Everhardus.
515 1900 572 1959 Hic
594 1907 661 1963 ante
683 1917 773 1959 annos
795 1916 905 1974 paucos
926 1899 964 1959 ad
988 1900 1125 1960 ecclesiae

65 1989 209 2052 ‘eiusdem
230 1989 414 2048 festivitatem
435 1989 550 2048 vicinos
567 1985 731 2048 sacerdotes
748 1988 927 2046 convocavit.
970 1985 1125 2048 Sollemni-

79 2077 213 2138 santibus
240 2076 342 2136 eisin
370 2076 497 2150 vesperis
527 2076 602 2134 circa
630 2074 721 2136 altare
751 2079 780 2133 et
800 2073 1021 2149 insanientibus,
1049 2091 1125 2134 unus

81 2181 118 2224 ex
146 2164 187 2222 eis
214 2161 341 2240 pixidem
369 2177 444 2238 quae
466 2178 552 2236 super
573 2162 662 2222 altare
685 2177 751 2220 cum
774 2176 892 2236 corpore
914 2157 1031 2220 Domini
1051 2177 1126 2238 pen·

83 2250 180 2326 debat,
201 2267 270 2312 casu
293 2251 402 2324 evertit,
424 2254 453 2309 et
474 2250 600 2324 quinque
623 2265 658 2308 ex
681 2265 716 2308 ec
737 2247 846 2308 hostias
868 2249 1001 2307 excussit.
1039 2247 1125 2324 Quod

82 2339 132 2398 ubi
155 2344 355 2414 compererunt
365 2337 467 2411 ceteri,-
486 2351 555 2396 mox
569 2352 677 2412 organa
699 2352 752 2394 sua
765 2333 982 2410 suspenderunt.
1025 2333 1125 2410 Quae·

81 2426 210 2486 rentibus
240 2427 281 2485 eis
309 2423 418 2484 hostias
448 2429 477 2483 et
503 2440 562 2482 non
589 2423 815 2497 invenientibus,
846 2421 954 2498 populo
983 2422 1074 2482 eiecto
1097 2428 1126 2482 et

80 2513 189 2572 toribus
218 2513 373 2586 obseratis,
406 2510 475 2570 dum
504 2527 604 2570 omnes
632 2509 753 2586 angulos
782 2515 1043 2585 perscrutarentur,
1070 2526 1127 2570 neo

81 2604 290 2676 comparerent,
311 2615 386 2657 unus
409 2613 508 2657 eorum
530 2597 627 2657 divim
649 2603 722 2658 nutu
736 2597 877 2656 ambitum
899 2598 949 2671 qui
970 2603 1033 2656 eret
1049 2598 1126 2657 circa
1228 2625 1236 2640 ·

80 2705 195 2746 murum
225 2685 368 2759 ascendit,
400 2685 451 2744 ubi
478 2684 595 2746 easdem
623 2685 735 2744 hostias
756 2687 785 2743 in
806 2683 924 2742 modum
947 2685 1040 2743 crucis
1064 2683 1125 2743 dis·

79 2776 189 2852 positas
201 2769 222 2852 ³)
254 2772 386 2831 attendit.
433 2771 505 2830 Erat
537 2774 612 2832 enim
640 2765 717 2831 idem
746 2773 881 2831 circuitus
909 2770 1005 2846 pixide
1033 2770 1126 2830 multo

79 2856 203 2938 altior⁴).
249 2857 420 2934 Obsequens
441 2875 491 2920 aer
511 2876 565 2918 suo
587 2859 729 2933 Domino,
757 2874 862 2934 corpus
888 2859 949 2916 eius
972 2857 1008 2916 de
1028 2857 1125 2934 pixide

78 2947 194 3024 lapsum
217 2947 336 3020 excepit
364 2961 400 3004 ne
429 2962 514 3020 super
541 2952 647 3004 terram
674 2945 836 3020 labaretur,
868 2944 919 3003 ubi
947 2944 985 3004 ab
1014 2943 1125 3020 angelis

80 3039 265 3109 susceptum,
294 3033 324 3088 in
352 3030 448 3092 locum
469 3031 549 3092 illum
570 3031 721 3091 sublimem
744 3032 924 3109 deportatum
946 3038 998 3091 est
1041 3031 1126 3092 Haec

79 3120 150 3182 mihi
172 3137 190 3180 a
212 3116 352 3179 Methilde
373 3109 568 3194 magistra⁸de
583 3118 740 3182 Fusinnich
762 3119 853 3180 relata
873 3124 948 3178 sunt
981 3117 1126 3196 Cognovit

80 3214 111 3272 ct
132 3209 208 3286 ignis
227 3207 398 3290 sacramenti
419 3204 504 3264 huius
525 3207 670 3266 virtutem.

399 3475 815 3538 *wazu—b,

100 3784 130 3854 t]
148 3783 169 3838 C
187 3797 250 3835 non
266 3782 377 3849 inops.
398 3765 482 3847 12)
502 3777 567 3833 ADP
589 3776 767 3848 llaynrode.
786 3807 816 3818 -
837 3776 869 3844 3)
887 3776 909 3830 Β
934 3775 1125 3844 dissipates.

151 3883 181 3898 -
201 3853 234 3921 l)
251 3849 270 3904 P
288 3850 391 3922 pixidi
408 3848 508 3906 multo
526 3847 642 3918 clrior,
660 3848 705 3902 Al)
722 3847 820 3901 multo
838 3843 1073 3914 altiorpixidi.

807 3917 862 3995 8*
