2538 4314
408 223 761 324 uucourmmouu.
1048 265 1106 324 1or

67 379 159 454 reliquo
181 379 399 459 eleemosynas
421 383 495 442 fecit.
537 385 603 445 Hoc
623 387 652 443 iu
673 388 730 446 isto
743 385 851 446 iactum
866 403 925 445 non
940 393 992 446 est.
1022 387 1107 463 Quod

67 473 145 526 mtem
166 467 221 528 hoc
243 469 349 544 liceat,
376 488 415 530 ex
436 471 491 531 boc
512 473 590 548 quod
611 475 739 548 sequitur
752 473 891 578 ¹exemplo
914 472 1071 534 docebitur.

377 695 610 758 carrubium
630 693 817 777 xxxmr)

172 836 222 893 De
245 839 437 894 contritione
460 835 620 894 dbeobaldi
640 839 775 896 usurarii
796 837 980 895 Porlsiencic.

116 1008 315 1085 Temporibus
326 1008 456 1084 Philippi
461 1008 549 1086 Regis
555 1009 740 1084 Francorum,
751 1008 981 1085 praedecessoris
991 1007 1075 1068 huius
1088 1007 1104 1089 ¹)

65 1096 104 1170 qui
121 1096 206 1155 hodie
228 1103 351 1174 regnet,
377 1103 439 1154 erat
457 1098 488 1154 in
510 1099 624 1158 civitate
644 1097 800 1156 Parisiensi
821 1098 967 1155 usuarius
989 1095 1105 1171 quidam

65 1182 214 1259 ditissimus,
237 1182 438 1243 Theobaldus
458 1185 580 1243 nomine.
623 1183 679 1243 Hic
702 1202 768 1242 cum
778 1183 900 1243 haberet
909 1185 1105 1258 possessiones

64 1268 195 1345 plurimas,
216 1271 414 1344 infinitasque
435 1272 570 1345 pecunias
593 1287 627 1329 ex
643 1274 736 1330 usums
750 1275 946 1347 congregatas,
970 1269 1105 1329 divinitus

64 1365 256 1432 compunctae,
287 1357 329 1416 ad
359 1359 527 1432 magistrum
548 1357 714 1416 Mamilium
737 1357 866 1416 eiusdem
888 1359 1010 1416 civitatis
1031 1357 1104 1432 Epi-

63 1445 169 1518 scopum
190 1448 298 1523 venit,
322 1445 444 1518 eiusque
465 1459 497 1502 se
520 1445 635 1504 consilio
658 1441 829 1524 submisit²).
871 1444 924 1504 Ille
946 1461 1014 1504 vero
1037 1461 1103 1503 cum

63 1531 308 1592 inaedificatione
332 1531 472 1590 ecclcsiae
488 1527 508 1610 ³)
530 1532 633 1592 beatae
654 1532 711 1590 Dei
732 1532 875 1607 genitricis
904 1533 986 1590 nimis
1007 1532 1103 1590 lerve-

64 1625 110 1692 ret,
131 1619 280 1678 consuluit
303 1621 346 1692 ei,
382 1624 522 1692 quatenus
553 1621 691 1693 pecunias
712 1636 780 1677 suas
802 1617 840 1676 ad
861 1623 1034 1678 structuram
1056 1621 1102 1676 in-

64 1703 146 1764 clroeti
168 1709 268 1781 operis
292 1703 485 1765 contraderet.
528 1705 584 1782 Qui
604 1705 766 1764 huiusmodi
788 1705 904 1764 consilio
937 1706 1102 1782 aliquantu-

63 1790 112 1850 lum
132 1793 185 1852 eibi
209 1798 366 1869 suspecto,
396 1791 466 1850 adiit
486 1795 654 1870 magistrum
674 1793 793 1850 Petrum
815 1791 984 1867 Centorem,
1013 1793 1104 1851 verba

64 1877 187 1955 Episcopi
210 1882 241 1939 ei
262 1882 423 1938 insinuans,
467 1879 520 1938 Cui
540 1879 587 1938 ille
608 1879 769 1955 respondit:
792 1879 858 1938 Non
880 1878 958 1937 dedit
979 1881 1031 1938 tibi
1046 1880 1101 1938 bo-

64 1983 122 2024 uum
142 1967 301 2026 consilium
323 1965 381 2024 hac
402 1967 480 2042 vicc3
502 1965 553 2024 sed
574 1967 650 2026 vade
672 1967 767 2025 etiae
790 1966 906 2026 clamari
926 1983 978 2042 per
997 1967 1100 2024 civita-

65 2059 113 2110 tem
132 2055 187 2113 sub
210 2070 289 2112 voce
311 2054 479 2128 praeconis,
501 2056 568 2129 quia
588 2059 706 2134 paratus
729 2055 767 2112 sie
788 2055 937 2128 restituero
958 2053 1103 2130 omnibus,
1141 2086 1143 2094 ›

65 2141 198 2215 aquibus
223 2139 336 2214 aliquid
358 2155 445 2214 supra
467 2147 572 2200 sortem
593 2143 737 2215 accepisti.
779 2140 960 2214 Factumque
990 2144 1033 2198 est
1053 2141 1101 2196 ita.

65 2225 167 2286 Deinde
188 2227 306 2290 rediens
327 2226 367 2285 ad
388 2228 557 2302 magistrum
578 2230 632 2288 ait:
663 2225 804 2286 Omnibus
832 2227 870 2285 ad
892 2244 938 2286 me
960 2227 1100 2284 venienti-

67 2313 119 2388 bus,
139 2321 215 2374 toste
239 2315 423 2387 conscientia,
445 2317 541 2373 omnia
562 2316 673 2376 restitui
694 2314 806 2388 ablata,
829 2320 858 2372 et
878 2313 984 2374 adhue.
997 2331 1100 2390 supcr-

65 2408 124 2458 sunt
142 2401 277 2478 plmima.
322 2400 406 2460 Tunc
426 2400 488 2458 ille:
510 2400 608 2476 Modo,
630 2403 734 2476 inquit,
754 2403 861 2476 poteris
883 2400 951 2460 dere
974 2401 1100 2460 eleemo-

66 2486 192 2568 symamll
228 2504 339 2547 secure.
394 2487 502 2548 Retulit
523 2488 593 2546 mihi
621 2489 752 2548 dominus
773 2488 878 2548 Daniel
899 2487 1003 2548 Abbas
1024 2488 1099 2548 Sco-

66 2577 176 2650 mu'ae,
199 2573 278 2650 quod
300 2573 340 2632 ad
362 2574 518 2634 consilium¹
533 2575 661 2636 eiusdem
684 2575 830 2649 Conteris,
852 2592 904 2654 per
924 2575 1035 2650 plateas
1058 2578 1100 2634 ci—

67 2661 155 2720 vitatis
177 2661 272 2720 nudus
294 2663 324 2718 in
346 2662 406 2720 suis
427 2661 609 2720 femoralibus
631 2665 791 2735 incesserit,
819 2678 902 2720 servo
933 2680 999 2720 oum
1020 2665 1102 2738 virga

67 2763 94 2805 sc
113 2749 289 2824 impellente,
312 2765 347 2806 ac
370 2747 496 2806 dicente:
525 2749 602 2807 Ecce
623 2751 677 2807 iste
700 2755 744 2807 est
764 2747 826 2822 ille,
860 2766 945 2826 quem
967 2766 1018 2824 pro
1042 2751 1099 2806 suis

67 2837 187 2910 pecuniis
213 2835 396 2910 Principatus
431 2834 603 2910 honorabat,
638 2838 687 2910 qui
715 2835 788 2894 filios
816 2835 955 2894 nobilium
984 2835 1099 2894 obsides

69 2922 186 2980 tenebat.
227 2920 433 2981 NOVICIUS:
455 2921 500 2982 Ex
520 2922 564 3004 liis
580 2922 692 2982 duobus
705 2924 840 2981 usurariis
851 2923 961 2997 plenius
973 2939 1098 2998 agnosco

72 3009 195 3066 virtutem
216 3011 409 3082 contritionis,
435 3011 503 3084 quia
524 3015 557 3066 ut
579 3009 745 3083 considero,
768 3009 804 3068 de
827 3012 907 3068 cuius
929 3010 1015 3088 corde
1036 3009 1099 3068 fons

73 3095 127 3152 eius
147 3097 269 3170 scaturit,
291 3096 387 3153 nullus
409 3094 498 3170 labor,
520 3095 615 3154 nullus
635 3096 743 3170 horror,
764 3095 858 3154 nullus
880 3097 987 3172 pudor,
1009 3114 1099 3156 venas

73 3178 139 3238 illius
166 3183 311 3242 obstruere
340 3181 457 3244 valebit.
507 3181 745 3242 MONAGHUS:
778 3184 888 3241 Verum
917 3183 1003 3257 dicis,
1033 3187 1099 3258 quia

76 3270 193 3326 contritio
215 3287 288 3344 quae
310 3271 412 3326 timore
433 3285 540 3350 parvae
569 3272 761 3344 poenitentiae
789 3272 960 3344 exsiccatur,
991 3271 1098 3330 iontem

77 3369 126 3410 uon
146 3353 228 3414 habet
248 3355 326 3414 rindc
347 3355 426 3418 fluat.
468 3354 671 3420 NOVICIUS:
694 3355 816 3415 Videtur
837 3357 907 3414 mihi
919 3375 1007 3416 usura
1021 3359 1098 3416 urul-

78 3445 131 3498 tum
151 3457 208 3504 esse
229 3443 388 3508 defectivae
409 3448 535 3518 neutrae,
558 3445 625 3518 quia
646 3461 710 3502 raro
733 3443 772 3503 ad
793 3446 915 3519 tertiam,
937 3447 997 3503 sire
1010 3463 1098 3518 quar-

95 3623 123 3690 l)
139 3625 218 3678 domii.
236 3629 254 3680 l.
273 3645 300 3695 p.
321 3627 379 3678 141.
400 3657 429 3666 —-
450 3629 479 3695 1)
497 3629 575 3682 verba
593 3627 871 3698 praedecessoris
898 3629 1009 3693 huius,
1035 3647 1100 3699 quoe
1123 3674 1129 3686 ,

141 3695 223 3748 obsunt
240 3697 272 3748 ab
291 3697 408 3748 omnibus
425 3697 508 3762 libris,
526 3716 601 3752 sensu
618 3699 748 3768 flagitante
766 3699 851 3750 addidi
869 3715 901 3750 ex
918 3699 980 3751 locis
998 3699 1040 3763 IV,
1058 3701 1099 3753 36.

140 3764 167 3822 v,
183 3768 221 3820 21.
239 3767 295 3829 Vll,
313 3767 399 3819 39.-
417 3767 447 3835 2)
464 3769 531 3821 ADP.
546 3769 684 3822 consilio
703 3787 736 3820 se
755 3771 965 3822 commisit*-
984 3770 1098 3838 SJHom.

139 3835 541 3902 monasterii300ni.lX,.60.
561 3839 986 3907 -4)A1)Pelee1n0synrm
1013 3839 1102 3892 dare.
