2642 4330
183 273 247 334 354
504 269 733 332 DISTINOI'IO
761 269 896 333 SEXTA

182 411 242 454 non
254 398 352 470 potest
364 409 481 470 surgere
494 395 581 454 arhor
596 395 681 454 bona
708 394 837 454 Noverat
850 395 926 454 enim
936 407 1046 468 paucos
1058 405 1122 450 esse
1136 387 1221 450 cleri·

182 498 295 556 comm,
316 481 366 556 qui
387 481 523 540 canomce
541 484 702 556 intrassent,
723 484 763 540 ita
783 488 895 540 utnon
917 486 1013 540 essent
1033 479 1221 554 sanguinitae,

181 568 212 628 id
225 574 276 643 est,
298 585 317 626 a
328 571 457 644 cognatis
469 568 630 643 introducti,
642 569 690 628 vel
702 568 827 628 choritae
838 565 864 647 ¹),
884 566 914 625 id
927 572 978 641 est,
999 566 1222 642 perpotentiam

181 671 351 732 magnonem
373 656 488 730 intrusi,
520 657 582 714 sive
599 657 771 732 symoniaci,
792 656 914 731 pecunia
936 653 1044 713 scilicet
1063 652 1112 712 vel
1133 651 1221 711 obse-

181 737 255 818 quiis
280 743 441 800 intromissi.
496 739 700 802 NOVIOIUS:
732 742 798 801 Hoc
840 743 942 801 vidum
970 739 1014 799 his
1042 738 1221 814 temporibus

182 828 268 889 valde
294 835 396 905 regnat
425 830 456 887 in
478 827 571 888 Clero.
612 827 848 889 MONAOHUS:
874 827 985 887 Verum
1006 833 1064 903 est,
1095 827 1221 897 maxime

79 927 81 934 ’
180 916 213 976 in
239 915 294 975 illis
326 914 468 989 eeclesiis,
495 917 525 974 in
553 916 657 991 quibus
684 916 804 992 praelati
830 917 891 974 sine
920 913 1058 973 electione
1079 909 1223 988 stipendia

179 1004 337 1079 porrigunt.
378 1002 549 1078 liudolphus
578 1005 653 1061 enim
682 1003 842 1079 Episcopus
862 1001 1029 1060 Leocbensis
1056 1002 1098 1058 ita
1118 1001 1148 1058 in
1170 1015 1222 1074 sy·

179 1091 276 1148 monia
296 1087 485 1166 gloriabatur,
514 1095 547 1148 ut
568 1095 697 1164 tempore
719 1089 859 1166 quodam,
885 1087 1052 1164 praebenda
1072 1084 1222 1146 euirusdem
1294 1117 1295 1122 κ

179 1176 318 1236 eeclesiae
340 1173 437 1256 suae²)
459 1194 479 1236 a
499 1194 530 1236 se
551 1175 678 1251 vendita,
698 1179 851 1252 pecuniam
870 1177 964 1250 ipsam
984 1177 1013 1232 in
1035 1175 1146 1250 gremio
1167 1187 1220 1231 suo
1294 1161 1295 1196 ³

178 1259 304 1337 teneret,
337 1268 366 1321 et
397 1263 493 1322 multis
522 1261 649 1343 coram³)
670 1266 771 1338 positis
800 1263 918 1322 diceret:
953 1261 1017 1337 Ego
1044 1259 1133 1319 valde
1161 1257 1221 1318 Ec·
1294 1275 1295 1320 l

179 1349 296 1410 clesiatn
308 1348 498 1410 Leodiensem
517 1349 614 1424 ditavi,
635 1365 689 1426 ego
708 1349 835 1410 redditus
855 1348 1086 1424 illiusampliavi.
1129 1346 1221 1405 Prae-
1294 1353 1295 1374 l

178 1436 303 1496 bendum
319 1438 394 1494 enim
407 1453 493 1512 quarn
506 1443 703 1496 antecessores
716 1439 772 1496 mei
785 1453 837 1513 pro
852 1435 952 1495 decem
963 1435 1066 1494 marcis
1081 1431 1222 1493 vendide-
1294 1429 1295 1446 ²

177 1528 252 1598 runt,
270 1539 323 1599 ego
345 1523 383 1582 ad
402 1523 592 1600 quodraginta
605 1541 715 1583 marcas
729 1523 857 1599 perduxi.
899 1523 938 1581 Et
957 1524 1025 1596 quia
1043 1522 1087 1580 vir
1105 1525 1222 1580 sanctae

177 1627 286 1686 paucos
299 1609 490 1670 consideravit
503 1612 654 1669 canonicas
668 1628 735 1669 suas
747 1609 911 1686 simpliciter
923 1611 1036 1682 intrare,
1052 1624 1163 1683 paucos
1175 1607 1222 1663 iu·

178 1696 285 1756 dicavh
297 1698 325 1754 in
340 1699 380 1756 cis
394 1693 585 1776 simpliciter⁴)
600 1699 706 1756 vivere.
726 1696 865 1757 Habebat
877 1697 964 1755 etiam
979 1713 1044 1754 cum
1059 1694 1125 1753 nelo
1140 1693 1222 1752 iusti-

177 1785 234 1842 tiae
257 1800 385 1843 amorem
399 1789 429 1843 et
440 1783 566 1842 studium
578 1783 715 1860 regularis
729 1783 903 1860 disciplinae.
923 1782 1000 1842 Nam
1013 1786 1079 1858 post
1093 1797 1160 1840 eum
1171 1796 1221 1838 us-

178 1887 234 1946 que
255 1868 294 1928 ad
314 1870 387 1932 haec
408 1877 610 1947 temporanea
627 1871 895 1930 surrexitDecauus
908 1871 938 1926 in
952 1869 1002 1928 illa
1016 1867 1146 1941 ecclesia,
1168 1865 1221 1924 sub
1294 1877 1295 1884 ¹

141 1965 143 1981 ¹
177 1973 235 2034 quo
249 1963 361 2016 tautum
373 1959 482 2034 vigeret
494 1956 652 2032 disciplina
671 1957 768 2032 Etiam
782 1974 848 2016 cum
860 1961 936 2016 esset
948 1953 1222 2025 inaetateoecidue,

177 2061 269 2120 usque
291 2043 329 2102 ad
351 2043 427 2103 diem
439 2046 537 2103 mortis
558 2061 636 2118 suae,
657 2061 716 2103 non
729 2046 893 2119 patiebatur
914 2058 945 2101 se
968 2042 1094 2117 aliquam
1110 2039 1221 2101 hebdo-

178 2130 295 2190 madem
309 2130 396 2190 divini
411 2132 518 2190 servitii
530 2133 691 2206 praeterire.
726 2130 820 2206 Saepe
834 2131 952 2188 missam
968 2131 997 2186 in
1015 2134 1160 2188 conventu
1174 2142 1222 2186 ceo
1294 2137 1295 2192 l

178 2218 301 2292 lebrans,
320 2216 419 2277 alienis
433 2217 559 2277 brachiis
577 2234 614 2276 ne
627 2218 742 2277 caderet
763 2217 985 2276 sustentabatur.
1005 2214 1132 2275 Alleluia
1142 2213 1222 2273 festi·
1294 2193 1295 2250 l

164 2307 223 2388 ¹vis
237 2304 348 2379 diebus,
369 2306 443 2365 sieut
461 2307 555 2380 ceteri,
575 2305 613 2364 ad
633 2304 753 2381 gradum
764 2306 827 2379 ipse
841 2305 976 2362 cantavit
1004 2301 1077 2360 Aliis
1094 2300 1223 2362 exeunti-
1294 2365 1295 2370 ἵ

178 2392 234 2451 bus
249 2390 284 2450 de
307 2393 439 2465 oratorio,
459 2393 521 2466 ipse
546 2408 619 2466 raro,
642 2393 696 2450 nisi
713 2391 750 2450 ad
771 2389 977 2466 prandendum,
996 2391 1098 2464 exivit3
1113 2394 1143 2448 et
1158 2391 1223 2446 ante

179 2477 269 2538 altare
297 2483 414 2538 sanctae
444 2482 535 2537 eureis
556 2478 701 2553 residens,
724 2477 781 2537 illie
809 2477 910 2538 horam
931 2476 1019 2535 horae
1041 2474 1223 2535 continuavit

179 2563 299 2624 Publice
323 2566 533 2640 poenitentibus
555 2566 596 2624 ita
618 2571 680 2624 erat
700 2571 826 2640 paratus,
847 2570 880 2623 ut
899 2563 1062 2638 frequenter
1083 2579 1151 2623 cum
1171 2558 1224 2618 illis
1294 2587 1295 2640 ἦ

180 2653 209 2711 iu
229 2653 341 2728 porticu
362 2651 480 2728 sedens,
498 2651 642 2712 chartulas
663 2650 779 2728 legeret,
801 2650 1025 2712 consolationem
1040 2647 1224 2724 impenderet,
1294 2701 1295 2708 ,

180 2741 341 2798 orationum
354 2739 490 2814 suffragia
504 2740 642 2798 conscribi
651 2733 671 2817 ⁵)
693 2739 808 2799 faceret
836 2737 947 2796 Tantae
969 2741 1030 2796 crat
1049 2733 1224 2805 humilitatis,
1294 2759 1295 2764 κ

180 2833 213 2885 ut
241 2843 307 2886 cum
329 2828 455 2884 omnium
484 2832 560 2884 esset
588 2842 737 2901 supremus
766 2831 827 2884 tam
847 2829 941 2883 aetate
964 2840 1052 2900 quam
1073 2822 1223 2898 dignitate,
1294 2877 1295 2880 ,

181 2915 308 2988 exeeptis
327 2914 487 2988 praecipuis
515 2911 768 2986 sollemnitatibus,
800 2927 914 2986 semper
934 2927 1008 2986 pene
1028 2910 1124 2968 locum
1146 2904 1223 2966 chori
1294 2941 1295 2948 κ

180 3002 366 3060 novissimum
395 3005 512 3058 teneret
553 2999 734 3058 Vestimenta
762 2987 823 3058 eim
847 3000 916 3056 satis
939 3003 1020 3056 erent
1041 2996 1175 3071 despecta
1195 2995 1222 3049 et

180 3086 354 3160 humillima,
375 3103 433 3145 non
454 3088 557 3162 grisea,
577 3097 636 3144 non
657 3087 751 3160 varia,
772 3083 824 3144 sed
845 3086 944 3159 edna,
966 3083 1094 3144 eiusdem
1114 3078 1222 3158 generis
1294 3083 1295 3088 ’

159 3185 160 3188 ’
180 3173 266 3251 pilleo
273 3168 295 3253 ⁶)
317 3179 408 3232 utens.
450 3170 652 3232 NOVICIUS:
675 3171 751 3248 Quid
773 3170 909 3246 estquod
930 3169 966 3232 de
984 3172 1136 3229 tentoviro
1157 3164 1221 3224 nrrl·

103 3251 107 3260 ’
180 3261 242 3321 lum
269 3260 356 3320 refers
384 3258 574 3320 miraculum?
606 3257 841 3318 MONACHUS:
871 3258 942 3334 Quis
971 3259 1062 3316 maior
1090 3254 1220 3316 Johanne

181 3346 337 3424 Baptista?
355 3346 472 3406 Nullum
493 3349 606 3423 signum
627 3345 728 3406 secisse
739 3345 842 3423 legitur
851 3340 881 3425 ⁷),
903 3343 980 3420 quod
1002 3343 1038 3404 de
1051 3341 1130 3403 duda
1150 3342 1238 3416 pros

201 3501 232 3570 1)
250 3499 332 3552 elerici
350 3500 392 3554 isti
403 3498 461 3550 iden
479 3498 631 3551 chorites
649 3497 815 3566 appellantur,
833 3498 892 3566 quia
909 3504 984 3548 autea
1000 3497 1072 3564 quasi
1089 3493 1217 3546 histriones
1294 3493 1295 3548 l

251 3569 360 3624 luerunt.
395 3569 458 3622 llam
486 3568 634 3620 vocabulum
663 3569 818 3620 choritee
848 3564 1034 3633 proculdubio
1058 3560 1217 3616 descendite

252 3638 354 3691 choree.
389 3639 469 3692 Erant
487 3647 570 3690 autern
589 3646 649 3689 tunc
666 3638 787 3705 temporis
805 3635 941 3690 histriones
958 3644 1009 3687 tem
1021 3634 1130 3703 Regibus
1146 3643 1216 3699 quam

252 3709 408 3777 Principibus
426 3706 528 3760 multum
548 3709 652 3776 accepti.
665 3708 739 3775 -2)
755 3705 820 3760 ADP
838 3705 1003 3758 ecclesiae
1022 3719 1099 3756 suae
1116 3701 1216 3754 cuius·
1294 3759 1295 3762 Ἴ

252 3778 329 3830 dem.
349 3808 380 3818 -
399 3778 431 3844 ³)
455 3773 608 3831 Daddeo.
628 3807 658 3818 -
678 3778 710 3845 4)
728 3775 748 3830 0
766 3778 975 3829 canonice.-
994 3776 1025 3843 5)
1042 3772 1126 3827 acb?
1143 3768 1218 3823 seri·

253 3847 293 3902 bi.
313 3878 344 3888 -
362 3848 396 3916 li)
413 3847 439 3900 id
458 3856 506 3921 est,
522 3846 597 3915 pileo.
615 3846 679 3901 BCP'
693 3846 805 3916 pallio.
823 3875 862 3888 -ω
874 3845 907 3917 7)
924 3845 1015 3899 lehun.
1035 3845 1076 3912 to,
1093 3843 1135 3896 ll.
1294 3849 1295 3858 ¹
