2642 4330
479 271 532 334 DE
555 263 852 334 DAEMONIBUS(
919 281 923 296 '
1000 269 1001 278 ’
1104 271 1166 332 295

131 399 288 474 conscribi,
316 398 467 472 coepitque
494 397 537 455 in'
551 397 620 456 vitio
646 397 825 472 proprietatis
850 392 993 454 delectari.
1037 390 1168 468 Cumque

128 483 293 545 hrriusmodi
305 481 322 564 ¹)
352 484 476 543 studium
504 483 596 543 eidem
623 499 761 543 converso
782 481 821 542 ad
841 483 897 542 hoc
918 482 1002 540 nimis
1029 495 1167 540 converso

127 571 344 648 prohiberetur,
382 586 479 630 amore
508 569 635 629 discendi
666 571 841 645 apostasiam
862 567 992 628 incurrit.
1018 565 1168 626 Modicum
1234 587 1239 598 2

127 665 227 718 tamen
262 663 379 734 propter
414 662 537 716 aetatem
566 657 695 734 proiecit.
744 654 856 728 Deinde
892 654 929 714 ad
964 653 1168 712 monasterium

126 747 306 821 poenitentia
329 744 431 804 ductus
451 743 571 818 rediens,
596 750 625 802 et
645 743 700 802 hoc
722 759 813 818 usque
834 743 917 800 tertio
939 743 1069 813 actibus,
1091 753 1167 822 nnnc

127 831 167 891 ad
192 831 309 891 scholas
330 829 492 890 saeculares
515 830 653 905 exeundo,
674 847 750 888 nunc
771 826 956 901 revertendo,
978 819 1092 885 diabolo
1115 841 1167 884 co·
1191 883 1195 894 ,
1302 811 1304 820 ⁴

78 923 82 932 '
126 919 240 994 piosam
269 920 300 976 in
328 935 360 977 se
384 918 515 994 praebuit
535 919 684 976 materiam
705 891 871 991 decipiendi.
914 912 1070 973 visibiliter
1092 913 1167 970 enim

125 1003 325 1081 illiapparens
345 1005 374 1060 in
396 1005 491 1078 specie
513 1003 614 1080 angeli,
636 1005 689 1062 ait:
714 1002 802 1070 Disce
822 1002 939 1074 fortiter,
961 1001 1029 1075 quia
1040 997 1166 1058 futurum

126 1098 186 1166 est,
216 1098 247 1152 et
268 1090 373 1149 a-Deo
398 1089 562 1165 diffinitum,
593 1096 626 1148 nt
646 1088 898 1148 Halherstadensis
923 1086 976 1145 fias
997 1085 1166 1160 Episcopus.

125 1177 241 1238 Stultus
262 1177 310 1236 ille
333 1176 438 1236 diaboli
459 1175 540 1236 dolos
561 1192 619 1235 non
641 1179 809 1250 observans,
831 1174 966 1249 sperabat
986 1175 1014 1230 in
1036 1188 1069 1232 se
1090 1170 1166 1229 auti-

125 1282 184 1340 qua
217 1262 386 1324 renovanda
417 1263 477 1322 iore
511 1261 658 1321 miracula
699 1261 784 1340 ¹Quid
818 1259 920 1342 plura?
955 1258 1012 1318 Die
1041 1256 1166 1333 quadam

123 1350 262 1410 seductor
291 1366 429 1410 converso
458 1366 489 1408 se
517 1351 664 1424 ingerens,
692 1348 769 1407 clara
796 1365 868 1408 voce
898 1353 927 1406 et
955 1345 1037 1406 hilari
1064 1339 1164 1423 facie2)

123 1437 257 1497 dicebat:
279 1435 374 1495 Hodie
385 1436 546 1512 Episcopus
562 1434 811 1494 Halherstadensis
827 1434 974 1494 defunctus
991 1438 1042 1506 est,
1063 1431 1168 1490 festina

122 1527 224 1584 venire
261 1523 300 1584 ad
335 1525 495 1598 civitatem,
524 1524 570 1582 cui
598 1539 616 1581 a
650 1521 715 1582 Deo
751 1522 879 1580 Antistes
906 1521 1062 1579 destinabas
1071 1513 1092 1597 ³)
1125 1533 1165 1577 es.

122 1611 219 1686 Ipsius
250 1613 327 1670 enim
355 1609 502 1668 consilium
530 1610 635 1667 mntmi
660 1617 728 1668 non·
746 1613 850 1685 potest.
893 1606 996 1668 Statim
1022 1607 1108 1663 miser
1129 1601 1165 1662 de

122 1698 298 1756 monasterio
328 1696 443 1755 silenter
471 1698 582 1770 aniene,
609 1701 693 1755 nocte
722 1695 823 1756 eadem
851 1697 880 1752 in
909 1689 1165 1752 domo'cuiusdam

122 1783 254 1843 honesti.
277 1782 434 1842 sacerdotis
469 1784 549 1840 iuxta
581 1781 698 1856 opidum
733 1783 885 1842 Xantense
918 1780 1081 1854 hospitatus
1112 1783 1164 1836 est.

121 1869 163 1930 Ut
191 1876 291 1932 summ
320 1869 442 1946 gloriose
463 1868 501 1927 ad
525 1867 623 1927 sedem
652 1886 735 1928 suam
755 1871 879 1943 renuet,
907 1872 993 1926 nocte
1021 1871 1089 1924 ante
1116 1862 1164 1922 lu-

122 1973 188 2016 cem
217 1973 356 2032 surgens,
385 1971 491 2030 equum
518 1955 638 2030 hospitis
666 1956 751 2016 valde
775 1957 884 2014 bonum
905 1954 1020 2027 stravit,
1042 1967 1164 2027 cappam

122 2043 253 2104 eiusdem
264 2042 365 2116 induit,
386 2042 555 2102 ascenditct
571 2043 650 2101 abiit.
691 2041 779 2114 Mane
799 2041 906 2100 familia
927 2040 1037 2113 domus,
1059 2035 1163 2096 damno

123 2132 255 2207 cognito,
279 2134 441 2205 apostatam
461 2131 614 2202 insequens
635 2127 830 2204 apprehendit,
851 2145 869 2186 a
891 2145 949 2204 qua
970 2124 1008 2184 ad
1027 2123 1164 2184 iudicium

122 2217 273 2277 saeculam
292 2233 359 2276 curn
378 2215 453 2274 furto
475 2221 592 2289 tractus,
613 2221 642 2274 et
662 2233 713 2291 per
734 2217 903 2276 sententiam
920 2214 1083 2298 damnatus,
1105 2228 1163 2270 non

122 2303 293 2364 cathedram
317 2307 350 2360 ut
380 2300 558 2378 Episcopus,
587 2302 638 2360 sed
666 2305 740 2362 sicut
765 2303 810 2360 fur
838 2294 1007 2378 patibulum
1027 2297 1164 2359 ascendit.

121 2388 214 2450 Vides
243 2389 284 2450 ad
313 2404 400 2464 quem
419 2388 506 2448 finem
520 2390 670 2464 promissio
696 2389 802 2449 diaboli
822 2386 942 2448 tendat?
971 2385 1069 2444 Alium
1085 2387 1162 2446 ,coir-
1234 2428 1237 2438 .

121 2494 255 2552 versum,
279 2478 333 2536 etsi
355 2491 414 2534 non
429 2480 489 2534 tam
509 2476 673 2552 manifeste,
694 2493 752 2536 uon
772 2477 867 2537 minus
887 2481 984 2534 tamen
1005 2470 1162 2549 periculose

122 2563 245 2640 decepit

369 2753 372 2764 a
467 2715 701 2778 carmenum
720 2717 821 2778 xvn.
923 2673 929 2678 ⁵

158 2837 236 2898 Item
258 2837 295 2896 de
317 2852 465 2913 seuuemo,
487 2843 540 2915 qul
559 2856 630 2898 voce
651 2841 747 2927 cuculi
768 2840 902 2915 deceptm
923 2842 955 2898 ab
976 2842 1126 2915 apostasia

513 2933 676 2984 ‘mortuus
698 2932 747 2985 cst.

184 3044 322 3105 Narravit
342 3045 425 3104 nohis
443 3063 518 3106 anno
540 3017 691 3122 praeterito
712 3015 817 3108 beatae
838 3049 991 3107 memoriae
1013 3045 1160 3107 Theobal-

119 3131 176 3190 dus
196 3130 532 3209 AbbasEherbaeensis,
554 3133 632 3208 quod
654 3135 769 3210 quidam
791 3151 955 3210 conversus,
977 3151 1042 3194 cum
1062 3137 1159 3194 nescio
1266 3161 1268 3165 ⁴

119 3234 179 3294 quo
203 3218 351 3292 tenderet,
376 3225 404 3277 et
425 3237 524 3295 avem,
549 3238 623 3295 quae
646 3217 763 3282 cuculus
785 3221 900 3295 dicium,
922 3238 1033 3290 avoce
1054 3237 1159 3280 nomen

117 3304 247 3378 hahens,
276 3305 402 3364 crebrius
426 3312 587 3386 cantantem
609 3308 734 3383 audiret,
754 3310 833 3368 vices
854 3309 1064 3383 interruptionis
1087 3325 1159 3367 enu-

117 3393 243 3452 metavit
251 3387 284 3470 ⁴),
306 3397 335 3450 et
363 3394 464 3468 viginti
485 3392 556 3452 duas
577 3395 736 3470 inveniens,
759 3411 865 3468 easque
887 3397 969 3470 quasi
989 3411 1041 3470 pro
1064 3397 1159 3462 omine

117 3479 282 3553 accipiens,
310 3493 362 3552 pro
391 3481 472 3537 curris
504 3479 624 3539 totidem
651 3482 731 3541 riccs
759 3481 876 3540 easdem
898 3482 952 3540 sibi
974 3483 1158 3555 computavit.

116 3563 181 3639 Eia,
201 3566 304 3640 inquit,
325 3570 401 3623 certe
415 3567 514 3640 viginti
536 3566 649 3626 duobus
661 3570 741 3626 annis
764 3567 858 3626 adhuc
879 3569 985 3626 vivam.
1028 3565 1068 3626 Ut
1090 3566 1158 3642 quid

117 3655 199 3711 tanto
221 3657 352 3725 tempore
369 3651 535 3712 mortificem
547 3671 594 3712 me
615 3656 644 3712 in
666 3653 785 3713 ordine?
807 3653 920 3713 Redibo
942 3652 980 3712 ad
1002 3653 1157 3727 saeculnm,
1250 3737 1252 3742 Α

139 3767 207 3838 i)lJ
230 3765 402 3848 eiusmodi.
422 3797 452 3808 -
476 3769 546 3838 2JB
570 3769 672 3822 vultu.
691 3799 722 3810 -
747 3769 817 3838 3)n
840 3769 990 3822 donatus.
1010 3763 1040 3808 '-
1066 3769 1098 3836 4)
1116 3769 1158 3824 BC

186 3843 384 3892 numeravit.
502 3857 504 3863 ·
1090 3873 1091 3878 ,
