2594 4302
166 229 230 292 rot
497 225 727 292 butruntio
751 226 862 292 nont

491 379 725 445 CAPITULUM
750 381 877 446 xcvn

165 483 245 564 ''De
265 483 424 564 Bcdclpbo
444 491 587 548 canonico
609 487 646 548 de
663 487 811 548 Aldiauele
832 491 882 548 cut·
900 490 959 548 viri
980 487 1135 550 candidati
1145 485 1166 562 ¹)

414 575 506 634 borao
529 578 689 634 canonicae
710 575 952 654 decantaverant.
1052 569 1054 574 ’

229 673 283 738 Ειι
302 675 419 752 quidam
440 681 594 745 canonicus
614 680 644 738 in
660 673 837 758 Aldinsclc2)
859 674 1058 760 Rudolphuss)
1079 679 1205 755 nomine,

165 762 262 836 homo,
287 763 484 842 grandaevus,
522 771 552 826 et
587 767 663 828 circe
690 765 787 827 officia
818 766 915 828 divine
943 765 1029 827 valde
1055 765 1206 830 sollicitus

164 849 320 927 Nunquam
337 851 463 928 aliquam
476 851 576 915 horam
596 855 626 912 in
647 851 734 912 choro
750 852 876 932 negligit,
898 851 1052 913 dummodo
1070 851 1206 913 incedere

164 940 264 1016 possit,
277 939 352 1000 sicut
364 940 444 998 testis
466 937 656 1000 estAllardus
667 945 764 999 noster
776 942 915 1016 novicius,
937 938 1111 1018 quandoque
1128 939 1206 1000 illins

165 1023 384 1087 concanonicus.
405 1023 539 1101 Quodam
550 1031 677 1110 tempore
688 1024 757 1084 dum
768 1025 911 1088 deiecmm
921 1033 1040 1086 naturae
1049 1032 1207 1103 pateretur,

161 1111 206 1178 ita
226 1118 259 1171 ut
278 1110 411 1172 incedere
431 1127 490 1172 non
510 1111 610 1172 valens
630 1111 705 1172 lecto
728 1111 926 1190 decumberet,
954 1130 1009 1174 nec
1029 1119 1127 1174 umen
1148 1112 1206 1174 ali·

166 1197 236 1274 quid
257 1195 363 1259 doloris
376 1199 500 1274 sentiret,
522 1216 590 1262 cum
608 1197 697 1258 hores
718 1217 786 1259 snas
801 1199 895 1261 dicere
912 1217 971 1260 non
984 1204 1094 1276 posset,
1111 1216 1205 1276 quos-

166 1283 234 1346 dam
246 1287 323 1348 viros
336 1283 493 1346 candidos
485 1303 514 1344 m
526 1285 731 1362 superpelliciis
745 1292 775 1346 et
791 1292 909 1348 tonsura
922 1287 1097 1362 clericorum,
1118 1287 1207 1348 certis

162 1370 242 1433 horis
263 1369 364 1434 adesse
385 1371 471 1447 vidit,
500 1374 549 1448 qui
571 1374 598 1432 ei
619 1389 718 1432 omnes
739 1373 825 1435 horas
847 1373 1048 1434 decantabant
1090 1371 1208 1449 Quibus

164 1457 260 1534 dictis,
281 1459 415 1520 dicebant
435 1457 631 1520 adinvicem:
652 1458 742 1520 Modo
765 1476 916 1536 exeamus,
939 1466 970 1520 et
988 1461 1115 1530 sinamus
1137 1475 1207 1520 eum

166 1541 359 1626 ᾳιιιιιιιι)
395 1544 475 1622 Quos
502 1563 568 1605 curn
594 1545 755 1622 frequenter
783 1547 1095 1624 contemplantium
1114 1545 1207 1606 filiam

165 1634 270 1697 sororis
291 1645 366 1710 quae
399 1634 427 1694 ei
452 1632 633 1694 ministrabat
652 1650 711 1692 non
732 1649 818 1708 posse
838 1633 902 1694 illos
922 1631 1019 1717 videre
1040 1619 1207 1709 deprehen·

166 1714 263 1795 disset,
282 1717 419 1782 intellexit
431 1720 498 1795 quia
510 1721 623 1780 animae
637 1721 893 1780 concanonicorum
907 1711 969 1784 eius
982 1726 1085 1794 essent,
1099 1720 1207 1796 qtdbm

162 1805 227 1884 ipse
238 1805 378 1868 beneficia
397 1806 583 1883 impenderat.
626 1805 701 1883 Quia
717 1807 756 1867 ad
767 1813 978 1868 sacramentnm
986 1803 1007 1887 4)
1029 1808 1155 1884 corporis
1177 1813 1208 1868 ct

163 1895 314 1977 ,sauguinis
335 1892 711 1968 circumsessionis
731 1892 780 1954 hic
793 1896 953 1976 visionibus
969 1894 1087 1956 finem·
1078 1909 1208 1972 impono.

429 2027 943 2082 m

467 2151 735 2249 ntsntnono
776 2152 900 2264 nont
1073 2122 1074 2130 4

166 2305 270 2390 Ml
310 2305 798 2390 SAORAMENTO
836 2301 1208 2400 conl‘olus

235 2405 335 2497 ET
376 2407 761 2499 SANGUINIS
803 2411 1131 2496 cflnlsnl.

515 2546 859 2601 W

529 2639 841 2738 moncons,

231 2777 397 2874 [locuturus
432 2817 529 2873 tecum
561 2811 598 2872 de
632 2819 811 2874 armamento
848 2813 974 2890 corporis
1002 2819 1031 2879 ct
1057 2815 1210 2892 sangoinis

167 2915 287 2995 Christi,
309 2935 375 2978 oum
395 2919 496 2978 timore
517 2915 597 3002 illud¹
609 2923 734 2992 attento,
763 2919 830 2994 quia
850 2919 901 2977 ubi
922 2917 985 2978 sola
1005 2917 1078 2978 fides
1098 2935 1210 2996 opera·

166 3027 231 3100 tur,
256 3024 424 3084 strationis
444 3022 580 3082 iudicium
602 3021 776 3098 excluditur,
796 3038 854 3083 non
876 3023 938 3082 sine
958 3021 1084 3100 periculo
1107 3021 1210 3084 dnou-

166 3127 261 3192 utor..
288 3125 373 3187 Unde
392 3124 433 3186 nil
452 3127 522 3188 novi
542 3127 604 3188 sive
625 3126 750 3186 inusitati
770 3123 836 3186 inde
856 3123 951 3187 dicero
971 3141 1137 3203 praesumo,
1154 3125 1212 3188 sed

166 3235 243 3308 quae
263 3232 356 3292 suncti
375 3220 437 3291 sive
458 3227 590 3292 doctores
612 3231 706 3292 erinii
727 3229 764 3289 de
784 3227 833 3290 illo
855 3236 1021 3306 senserunt,
1040 3233 1211 3292 summatim

168 3333 323 3412 replicabo.
365 3331 509 3396 Adiioicm
529 3340 559 3394 et
580 3333 711 3410 exempla
730 3331 864 3412 plurime,
886 3350 961 3410 quae
981 3333 1052 3393 nihi
1073 3349 1212 3410 operao-

167 3439 606 3516 nisprobatismeminireoitala
627 3437 662 3497 In
674 3438 811 3514 quibussi
823 3437 920 3514 aliqua
928 3439 1212 3515 inerintquaestione

167 3541 262 3622 digna,
283 3548 316 3604 ut
336 3542 486 3621 scrupulus
507 3523 698 3618 removeatis,
716 3548 768 3602 tua
788 3541 956 3604 nsouoatur
975 3542 1212 3620 interrogatione.

112 3647 119 3668 '
184 3659 256 3732 t)1³
274 3658 464 3714 candidi-
482 3658 686 3728 tjnldomen,
708 3658 851 3724 Oldenriel,
875 3657 996 3727 oppidum
1013 3657 1208 3714 bosniae.-

236 3729 308 3870 ἓν]
330 3729 673 3794 taraconensem
689 3727 718 3784 A
739 3727 925 3786 Euocandus
949 3727 1156 3798 (diethardus).
1176 3757 1211 3774 .-

285 3797 485 3854 Bmodicum
502 3801 773 3868 requiescere
740 3783 824 3869 5)
840 3797 928 3858 Acce
945 3806 1161 3857 sacramente.
