2642 4330
441 305 498 367 Dli
518 305 809 368 SIMPLICITATE.
1078 307 1140 368 att

101 430 299 491 anniversaria
321 426 428 488 domini
440 428 769 504 Hermanni,.ceclcsiao
789 429 874 490 huius
886 427 1058 506 quandoque
1078 428 1143 492 De-

101 521 174 592 coni,
194 519 252 578 viri
275 517 344 576 boni
366 519 489 591 atinati,
512 523 540 576 et
562 516 684 602 dcenda
706 523 750 578 est
767 519 854 577 missa
874 518 903 576 in
926 523 1070 578 conventu
1091 535 1144 594 pro

100 622 151 681 eo;
173 603 324 680 respondit
344 603 445 663 homo:
466 603 551 682 Rogo
572 611 606 662 ut
627 604 762 665 ostendas
782 605 853 663 mihi
870 603 1052 680 sepulchrum
1073 607 1144 666 eius.

101 691 187 768 Quod
217 709 287 750 cum
313 691 360 750 illa
381 691 510 766 fecisset,
540 697 569 750 et
596 693 650 752 iste
678 691 784 752 ibidem
806 690 961 751 diutissime
983 708 1018 750 ac
1039 691 1145 754 devote

100 785 205 853 oraret,
227 783 328 838 cantor
349 777 487 838 ecclesiae
509 777 566 838 hoo
588 777 785 853 considerans,
807 777 951 838 hominem
973 777 1051 838 solus
1073 796 1144 840 con-

99 867 190 941 venit,
212 882 331 924 causam
354 867 487 924 orationis
508 867 669 941 inquisivit,
694 872 724 924 et
743 867 869 940 agnovit.
911 864 1017 940 Sieqnc
1038 881 1090 941 per
1110 883 1145 926 os

99 953 245 1029 peregrini
278 958 394 1010 ostansa
421 959 488 1010 sunt
520 954 622 1011 merita
650 951 807 1011 domestici.
856 951 895 1010 Et
926 969 1013 1027 quem
1043 951 1145 1012 iratres

99 1039 266 1098 habuerant
293 1037 445 1098 Decanum
467 1038 622 1114 hactenus,
649 1055 726 1100 nunc
743 1035 759 1117 ¹)
781 1041 915 1098 invocare
936 1045 1092 1114 coeperunt
1112 1044 1147 1098 ut

99 1132 266 1202 patronum.
308 1123 512 1185 NOVICIUS:
544 1125 623 1184 Rara
651 1131 718 1184 sunt
744 1127 800 1184 ista
829 1126 1004 1201 temporibus
1032 1127 1145 1185 nostris.

100 1211 341 1272 MONAGHUS:
369 1212 434 1288 Ego
463 1212 619 1288 supradicti
646 1212 759 1272 Decani
788 1229 876 1288 opera
903 1213 1033 1287 pietatis,
1060 1211 1146 1271 huius

100 1298 216 1358 Decani
237 1298 366 1374 praefero
388 1299 541 1358 miracrdis.
582 1299 638 1358 illa
667 1302 757 1373 enim,
786 1306 819 1358 ut
848 1299 921 1373 dixi,
948 1304 1079 1358 sanctum
1099 1298 1153 1376 ia-,

101 1387 190 1460 ciunt,
210 1388 268 1444 ista
289 1392 422 1444 sanctum
443 1385 606 1446 ostendunt
637 1385 841 1446 NOVIOIUS:
862 1386 939 1446 Satis
951 1385 1047 1462 placet
1069 1384 1147 1460 qnod

101 1472 183 1542 dicis.
226 1471 258 1532 Si
278 1471 375 1531 adhuc
396 1473 492 1547 aliqua
516 1475 591 1532 nosti
613 1472 649 1532 de
671 1474 805 1549 operibus
826 1474 1022 1549 simplicitatis,
1041 1473 1146 1534 referre

100 1577 139 1619 ne
167 1560 319 1635 pigriteris.
344 1557 597 1620 ΙΜΟΝΑΟΗΗὸι
629 1560 734 1619 Dicam
765 1561 817 1618 tihi
848 1559 996 1620 historiam
1024 1560 1147 1619 hominis

101 1646 305 1722 simplicissimi
318 1645 477 1706 secundum
489 1643 510 1726 ²)
531 1653 672 1722 naturam,
693 1665 744 1722 per
766 1664 853 1722 quarn
867 1649 937 1707 satis
951 1643 1146 1726 cognosces⁸),
1179 1663 1185 1678 ¹

101 1739 244 1808 qnantum
272 1732 337 1792 Deo
365 1732 480 1808 placeat
511 1740 613 1795 sancta
645 1740 673 1793 at
702 1733 827 1810 prudens
858 1733 1039 1810 simplicitas,
1071 1749 1147 1810 quae

100 1821 228 1880 habetur
249 1836 301 1894 per
321 1821 453 1896 gretiam.
841 1813 845 1820 ’

470 2009 704 2071 CAPITULUM
725 2010 793 2070 Vn.

178 2133 227 2191 De
248 2133 432 2209 duplicitate
458 2132 645 2280 Wecinhogdil
664 2135 799 2193 cononici
819 2136 914 2192 sancti
936 2129 1075 2193 Gereonio

533 2240 566 2279 aa
616 2239 724 2280 coeco.

172 2339 208 2398 In
238 2340 359 2400 ecclesia
385 2343 476 2401 saneti
505 2340 644 2402 Gereonis
665 2341 800 2418 Martyris
826 2341 950 2401 civitatis
972 2337 1149 2399 coloniensis

102 2428 212 2487 noshis
233 2429 413 2503 temporibus
426 2431 579 2488 canonicus
593 2429 710 2504 quidam
732 2431 845 2503 exstitit,
867 2427 1071 2487 Wcrinboldus
1092 2442 1149 2486 no-
1261 2426 1269 2438 ’

103 2517 198 2588 mine,
226 2531 331 2590 genere
359 2516 477 2590 nobilis,
508 2516 588 2576 dives
617 2519 687 2576 satis
714 2519 743 2574 in
772 2515 920 2592 stipendiis
941 2513 1148 2574 ecclesiasticis.

103 2601 165 2660 Hic
188 2608 285 2661 tantae
306 2602 494 2677 simplicitatis
515 2599 604 2683 fuiti),
627 2610 659 2662 ut
679 2603 785 2662 nulhus
806 2606 848 2662 rai
861 2620 1004 2662 summam
1025 2607 1149 2676 caperet,

103 2691 162 2748 nisi
185 2695 325 2763 quantum
347 2707 382 2748 cx
396 2692 518 2765 paritate
532 2692 642 2749 numeri
654 2691 702 2750 vel
722 2693 882 2766 imparitate
895 2690 1027 2765 cofflgere
1041 2693 1148 2765 posset

105 2775 333 2850 Gumtemporc
356 2776 482 2851 quodam
509 2777 614 2837 multas
636 2778 756 2838 haberet
775 2794 879 2852 pernas
900 2778 930 2834 in
952 2778 1074 2851 coquina
1095 2792 1149 2834 sua

104 2861 282 2940 pendentes,
303 2880 341 2923 ne
362 2863 459 2938 ahqua
481 2866 507 2922 ei
528 2864 657 2924 subtrahi
677 2871 790 2940 posset,
811 2865 942 2937 intravit,
971 2869 1000 2922 et
1020 2865 1050 2920 in
1070 2861 1148 2920 hunc

105 2948 227 3009 modum
250 2965 300 3009 eas
313 2952 488 3010 numeravit:
508 2950 586 3010 Ecce
598 2969 688 3026 perna
709 2959 739 3010 et
760 2953 820 3010 aius
834 2953 913 3010 socia
925 2947 954 3029 ⁵),
976 2966 1043 3008 ecce
1058 2965 1150 3023 perna

106 3043 138 3096 et
160 3037 221 3096 eius
243 3032 337 3112 s'ocia,
369 3039 468 3113 sicque
490 3037 526 3097 de
548 3041 657 3098 ceteris.
700 3037 766 3098 Una
794 3055 830 3097 cx
855 3038 910 3096 illis
937 3037 1065 3113 nequitia
1086 3052 1149 3094 ser·

106 3140 211 3182 vomm
239 3124 401 3199 subtracta,
429 3141 495 3183 cum
523 3127 627 3184 iterum
654 3127 801 3199 intrasset,
833 3130 862 3183 et
886 3123 1033 3199 praedicto
1061 3122 1148 3182 modo

106 3227 177 3269 suaa
198 3225 303 3284 pernas
324 3218 510 3287 numerasset,
531 3214 655 3288 impares
675 3213 821 3271 inveniens
844 3211 1028 3270 exclamavit:
1054 3209 1149 3269 Unam

107 3301 153 3356 er'n
167 3298 262 3371 pernis
283 3299 354 3356 meis
381 3297 500 3372 perdidi.
544 3298 597 3358 Gui
626 3301 701 3368 servi
728 3297 907 3359 subridentes
928 3295 1147 3372 responderunt:

106 3382 250 3457 Domine,
278 3384 352 3443 bene
380 3387 549 3444 invenietur.
591 3385 703 3461 Illoque
732 3385 851 3460 educto,
880 3402 947 3444 cum
967 3402 1026 3444 una
1046 3386 1149 3442 iterum

106 3471 257 3530 subtracta
284 3485 441 3530 numerum
462 3470 707 3552 parificassante),
736 3480 765 3532 et
792 3475 833 3530 sic
860 3471 994 3530 inductus
1021 3470 1148 3530 secundo

106 3573 162 3616 eas
182 3564 367 3632 numerasset,
388 3576 529 3635 paresque
550 3563 710 3635 reperisset,
730 3561 800 3632 satis
820 3559 941 3618 iocunde
952 3557 1067 3616 dicebat
1079 3557 1148 3616 illis:

93 3643 229 3713 ,Eiaves
242 3643 356 3719 domini,
377 3647 461 3705 nimis
484 3646 673 3722 diqpoteram
690 3649 822 3707 tacuisse.
855 3644 976 3722 Quando
999 3646 1073 3704 servi
1095 3643 1149 3703 sibi

129 3810 165 3877 1)
181 3825 260 3863 nunc
277 3829 317 3866 orn
335 3813 429 3866 Bst-
446 3814 478 3882 2)
496 3813 579 3867 Acer
597 3831 660 3883 per.
673 3846 704 3856 -
724 3817 756 3884 3)
774 3814 795 3867 Β
812 3828 979 3884 agnoscas.
993 3841 1024 3852 -
1043 3812 1076 3880 t)
1093 3812 1149 3864 libri

183 3879 295 3935 iuerat.
309 3913 346 3933 .-··
366 3884 398 3952 5)
416 3884 436 3937 G
453 3894 485 3936 et
503 3887 592 3937 socia
609 3888 687 3938 eius.
707 3916 738 3924 -
758 3885 790 3952 6)
808 3885 849 3937 ΒΡ
866 3882 1092 3952 pacificasset.
