2622 4322
189 285 250 342 ιιι
497 283 725 346 ιιιιιιιιιιιο
748 283 912 364 Qunam

189 413 284 464 tamm
313 407 339 464 ci
366 371 485 482 profuit,
513 408 571 466 imo
597 410 690 484 magis
719 408 823 483 obluit,
852 410 920 484 quia
945 415 1011 484 post
1031 424 1138 485 pancos
1160 407 1214 466 dies

190 491 340 551 defunctus
359 499 413 550 est
455 492 561 568 Sitque
587 511 675 553 suasu
696 497 805 570 antiqui
825 498 965 570 serpentis
985 501 1098 598 tempus
1118 495 1214 571 potni-

189 581 294 638 tentiae
307 579 414 638 sacmm
428 585 472 638 est
487 579 527 638 illi
548 586 661 656 tempus
677 579 814 656 luxuriae.
856 581 1002 642 Judicium
1023 584 1135 642 animae
1155 569 1214 640 lieo

189 666 344 724 committo.
386 665 505 725 Haec
496 685 527 724 ιι
555 667 657 727 cadem
685 649 822 743 domo,
814 687 843 726 ιι
872 686 930 744 qua
950 669 1134 744 Praepositus
1149 666 1214 740 drit,

188 769 206 810 a
228 751 353 826 quodam
380 753 527 814 sacerdote
549 753 677 814 eiusdem
698 754 804 814 ordinis
825 754 894 814 mihi
914 755 1005 814 relata
1026 762 1107 831 sunt,
1135 770 1214 829 quem

190 844 218 897 et
239 855 293 915 ego
314 837 386 898 facie
409 846 437 898 et
457 841 572 898 nomine
593 843 671 901 novi.
721 839 925 902 NOVICIUS:
959 841 1051 902 Estne
1075 839 1214 918 praedicta

187 927 328 984 sententia
341 928 432 985 sancti
444 926 521 987 Jcb:
545 927 682 986 Tentctio
702 936 743 987 ιιι
763 932 825 987 otta
846 930 970 988 hominis
991 947 1079 1004 super
1101 936 1213 998 taram,

189 1010 227 1071 de
253 1018 375 1087 utroque
398 1030 470 1072 sexu
490 1013 695 1091 intelligenda?
723 1013 957 1075 MONACHUS:
983 1015 1048 1091 Est,
1076 1013 1214 1092 quiahoc

186 1115 291 1158 nomen
305 1097 402 1173 homo,
423 1105 575 1176 utrumque
590 1119 689 1160 sexum
712 1102 933 1178 comprehendit,
955 1109 984 1162 et
1005 1102 1110 1162 eisdem
1130 1101 1214 1159 moti-

187 1186 241 1245 bus
262 1191 382 1260 uterque
392 1203 478 1245 sexus
490 1187 628 1250 subiacet.
671 1187 751 1247 Sicut
765 1191 840 1248 enim
853 1188 984 1248 diabolus
1000 1205 1052 1266 per
1071 1189 1186 1247 seminas
1198 1183 1213 1265 ¹)

186 1274 263 1330 viros
285 1271 380 1332 delicit
404 1279 433 1332 et
454 1280 583 1349 enervat,
610 1277 652 1333 ita
671 1292 724 1350 per
742 1278 820 1334 viros
840 1276 990 1335 mulierum
1010 1273 1214 1334 multitudinem

186 1359 320 1420 lucratur.
363 1358 447 1419 Unde
476 1359 511 1419 de
539 1361 587 1420 illo
616 1361 653 1420 ad
662 1357 683 1441 ²)
705 1361 765 1421 Job
787 1379 805 1422 a
826 1362 951 1422 Domino
967 1363 1085 1422 dicitu:
1117 1362 1214 1420 Virtus

187 1448 249 1504 eiua
262 1449 294 1504 ιιι
304 1444 409 1505 cornio
423 1449 492 1520 eins,
508 1454 536 1505 ct
546 1447 694 1524 fortitudo
707 1449 786 1508 illius
799 1453 831 1508 io
844 1448 986 1508 umbelico
997 1451 1104 1509 vectris
1117 1443 1214 1525 eics³).

114 1555 116 1562 ¹
185 1531 280 1607 Super
293 1549 379 1608 quem
391 1530 487 1592 locum
505 1533 573 1604 dicit
589 1541 705 1594 sanctus
723 1533 886 1613 Gregorius,
906 1538 974 1596 viris
995 1551 1056 1596 esse
1076 1535 1214 1593 luxuriam

185 1621 215 1676 in
235 1619 349 1695 lumbis,
369 1619 481 1680 leminis
505 1623 535 1679 in
563 1618 743 1702 umbelico⁴).
786 1623 867 1700 Quae
886 1629 1024 1700 quantum
1045 1622 1214 1698 quandoque

186 1712 336 1780 tententur,
358 1706 494 1784 exemplis
508 1707 567 1768 ,tibi
586 1708 721 1785 pandam.

540 1899 773 1961 CAPITULUM
795 1899 857 1961 CIL

184 2022 232 2079 De
244 2019 337 2081 nobili
347 2023 517 2095 castellana,
539 2041 617 2099 qnae
629 2024 781 2082 stimulum
798 2027 897 2083 carnis
913 2027 945 2083 tn
959 2038 1042 2099 aqna
1057 2024 1213 2083 restrinxit

248 2140 382 2203 Matrona
402 2143 544 2219 quaedam
565 2143 676 2220 nobilis,
697 2145 770 2204 sicut
791 2143 860 2204 milri
881 2144 977 2204 retulit
996 2141 1131 2204 sacerdos
1152 2143 1213 2217 qui·

186 2229 253 2287 dam
273 2229 434 2306 religiosus,
457 2230 502 2289 dic
524 2230 649 2307 quadam
671 2248 737 2290 cum
756 2234 786 2290 in
808 2237 914 2307 castro,
936 2233 965 2290 in
986 2248 1043 2307 quo
1064 2230 1214 2300 manebat,
1290 2295 1291 2320 ¹

185 2315 248 2376 sola
269 2323 358 2392 esset,
387 2324 415 2376 et
435 2319 532 2378 nescio
555 2317 623 2394 quid
637 2325 742 2398 ageret
761 2318 809 2377 vel
830 2321 975 2395 cogitaret,
996 2319 1110 2394 spiritus
1131 2316 1213 2376 iorni·
1290 2323 1291 2330 ’

186 2404 303 2462 cationis
336 2403 428 2462 solam
459 2404 537 2463 illam
569 2422 631 2464 esse
668 2421 725 2464 non
753 2407 890 2480 permisit.
932 2405 1007 2464 Nam
1035 2406 1131 2464 subito
1158 2409 1213 2462 tam

184 2487 279 2548 valide
301 2496 345 2548 est
365 2490 554 2567 inflammata,
586 2498 619 2551 ut
649 2491 706 2551 huc
726 2491 851 2568 illucque
873 2491 1046 2567 discurrens,
1074 2498 1150 2551 stare
1170 2485 1213 2548 vel

184 2575 284 2634 sedere
302 2592 362 2635 non
376 2585 482 2652 posset,
503 2595 538 2637 ac
559 2580 583 2637 si
604 2579 709 2637 serrum
731 2579 907 2638 caudensin
876 2595 981 2638 msuo
1002 2580 1110 2638 femore
1131 2591 1213 2636 exce·

183 2664 279 2737 pisset.
324 2662 489 2740 Cumque
480 2683 577 2740 rgnem
602 2667 707 2725 amoris
728 2665 849 2725 tolerare
870 2682 928 2724 non
949 2672 1062 2750 possm,
1090 2664 1128 2725 ad
1148 2678 1213 2739 por-

183 2750 287 2807 tarium
309 2752 408 2825 castri,
437 2753 576 2812 castitatis
598 2751 702 2827 oblita,
731 2751 890 2826 descendit,
919 2759 948 2811 et
969 2759 1001 2812 ut
1022 2752 1076 2812 sibi
1097 2749 1212 2812 commi·

182 2838 254 2894 sceri
275 2835 374 2912 vellet,
402 2855 467 2897 cnm
492 2839 583 2897 multa
602 2841 737 2898 instantia
758 2839 936 2915 supplicavit
980 2838 1033 2899 Cui
1053 2838 1116 2914 ille,
1144 2838 1214 2896 sicut

184 2923 357 2998 virbonus,
385 2925 544 3002 respondit:
573 2925 650 3002 Quid
678 2932 721 2984 est
743 2926 821 3001 quod
841 2925 973 3000 loqueris,
995 2922 1131 2985 domina?
1159 2921 1213 2981 Ubi

184 3015 228 3069 est
261 3027 361 3070 sensus
394 3010 483 3070 tuus?
512 3011 635 3089 Respice
668 3012 779 3086 Deum,
815 3012 930 3072 attende
961 3013 1100 3073 honorem
1126 3016 1212 3069 tuum.

182 3093 237 3154 llla
257 3096 326 3155 nihil
353 3097 455 3157 horum
477 3115 592 3172 curans,
622 3115 687 3158 cnm
700 3098 728 3158 'a
748 3101 872 3174 portario
894 3098 1039 3180 repulsam
1059 3101 1212 3175 pateretur,

181 3183 346 3258 nntn'Dei,
367 3183 404 3244 de
427 3191 520 3244 cestro
542 3187 655 3260 exiens,
676 3185 714 3244 ad
735 3185 841 3246 flumen
862 3186 1064 3262 praeterfluens
1087 3182 1212 3252 cucurrit,

182 3271 264 3346 aquis
285 3269 386 3348 gelidis
407 3288 438 3330 se
461 3273 614 3347 immersit,
635 3275 664 3330 in
686 3273 789 3348 quibus
811 3272 920 3333 tamdiu
942 3274 1030 3349 sedit,
1059 3272 1150 3332 donec
1169 3268 1211 3326 fo·
1245 3294 1250 3300 ·

183 3360 283 3416 mitem
294 3357 418 3418 ardentis
439 3356 562 3417 libidinis
579 3361 767 3436 restringeret.
810 3359 892 3419 Tunc
914 3360 950 3418 ad
971 3361 1128 3436 portarium
1148 3351 1210 3416 rcd·

184 3446 262 3520 iens,
301 3451 331 3504 et
352 3443 388 3504 de
412 3444 526 3521 repulsa
547 3448 653 3522 gratias
674 3464 776 3523 agens,
813 3449 868 3506 ait:
895 3445 927 3506 Si
948 3445 1031 3508 dares
1052 3445 1121 3505 mihi
1140 3438 1211 3506 mille

183 3547 295 3590 marcas
324 3532 401 3605 auri,
427 3531 514 3591 modo
541 3550 598 3592 non
619 3538 747 3609 paterer,
780 3533 857 3609 qnod
878 3533 965 3610 paulo
987 3541 1053 3594 onte
1073 3540 1102 3593 te
1122 3531 1210 3590 facere

183 3620 291 3695 rogavi.
333 3617 372 3676 Et
384 3635 500 3678 reversa
512 3622 596 3679 estin
615 3620 711 3680 locum
732 3638 825 3680 suum.
866 3619 1006 3698 Foditque
1026 3623 1092 3698 pius
1111 3615 1208 3678 Domi·

201 3784 533 3870 lumiminum·
502 3787 761 3857 -.-2)B0por
782 3788 940 3858 3)Jobto
960 3790 1045 3842 11
1062 3787 1206 3860 4)(ιιιςθῐ-

177 3937 189 3942 —
250 3853 621 3926 inEvcng.1lomti.xlll,.1

1123 4071 1146 4116 Q
