2628 4310
367 317 372 324 ,
451 267 506 328 nn
530 267 757 330 museum
917 233 972 248 ‘'
1059 267 1122 330 aes

92 390 261 466 disputatum
289 389 400 463 luisset,
429 389 573 468 quomodo
594 385 668 451 soret
687 392 749 449 sine
770 387 896 466 periculo
918 388 1031 447 infantia
1052 388 1123 447 aba·

91 475 256 552 trahendus,
285 475 402 536 consilio
426 477 573 536 cuiusdam
597 476 710 552 gladius
730 491 817 551 super
839 491 905 534 eum
931 477 1042 551 positus
1071 482 1123 534 est.

89 563 136 622 Ad
156 565 237 624 euius
253 561 435 640 frigiditatem
457 563 573 624 coluber
594 565 714 639 territus,
736 579 772 634 se,
789 563 886 638 erexit,
908 569 937 620 et
956 562 994 624 ab
1016 561 1123 627 infante

91 649 195 710 cecidit.
239 648 296 725 Qui
322 649 498 724 baptizatus,
527 665 636 724 paucos
663 649 821 724 supervixit
848 647 917 707 dies.
966 648 1000 706 ln
1030 648 1124 708 orbita

90 736 208 797 eundem
228 743 389 812 serpentem
410 743 542 795 matrona
561 736 650 794 iertm
670 736 785 794 bibisse.

359 885 361 891 ⁴
407 923 640 985 carmenum
666 924 795 984 nxxn.

86 1050 159 1110 Item
181 1048 217 1107 de
238 1048 360 1106 muliere
381 1051 429 1108 etri
450 1048 607 1106 domidati
631 1063 747 1120 serpena
765 1065 822 1122 per
844 1062 877 1104 or
898 1039 1044 1120 impressore
1066 1053 1123 1120 eet,

396 1140 424 1193 et
442 1151 500 1212 per
517 1139 644 1209 portum
667 1149 805 1210 opressus.

148 1270 246 1331 Simile
266 1287 340 1346 pene
362 1273 480 1349 configit
499 1274 529 1329 in
542 1271 677 1330 Dioeeesi
693 1269 868 1330 Traieetensi
887 1272 917 1328 in
938 1269 1008 1330 villa
1023 1270 1123 1330 Dulre.

85 1359 185 1418 Nutrix
196 1356 307 1416 Allardi
326 1360 430 1417 novicii
447 1361 546 1432 nostri,
566 1359 640 1417 siout
660 1360 721 1432 ipse
743 1357 813 1415 mihi
833 1356 937 1430 retulit,
960 1373 1027 1416 eum
1048 1373 1123 1433 qua-

86 1445 151 1506 dam
173 1445 219 1504 die
240 1446 320 1506 iuxta
341 1444 454 1504 alveola
476 1462 564 1521 apum
587 1443 733 1518 dormiret,
758 1446 859 1520 ingens
880 1461 997 1519 serpens
1017 1459 1069 1520 per
1090 1462 1122 1504 os

84 1539 213 1591 ventrem
238 1529 313 1590 illius
340 1534 464 1590 intravit.
506 1531 688 1590 Adveniente
716 1532 777 1590 eius
802 1534 903 1589 marito
926 1537 958 1589 ut
979 1531 1123 1592 dormien-

84 1625 143 1677 tem
164 1619 308 1692 excitaret,
330 1617 402 1676 vidit
424 1617 545 1677 caudam
567 1616 605 1676 ad
626 1633 789 1678 mensuram
811 1617 891 1693 digiti
912 1617 1040 1677 eiusdem
1061 1635 1123 1678 ser-

48 1749 51 1756 .
83 1706 176 1782 pontis
193 1704 289 1764 adhue
310 1721 459 1778 superesse
471 1701 498 1782 ¹).
541 1703 635 1780 Quem
657 1722 723 1762 eum
744 1700 915 1783 retraherb2)
937 1722 996 1764 non
1016 1711 1123 1781 posset,
1152 1764 1158 1776 Ι

82 1791 132 1850 illa
160 1790 306 1867 evigilavit
334 1791 445 1850 dioens:
474 1790 570 1850 Valde
597 1789 777 1850 incommode
806 1798 941 1867 soporata
969 1809 1042 1852 sum.
1084 1791 1123 1850 Et

82 1877 175 1940 uoluit
196 1880 222 1936 ei
243 1879 361 1936 maritus
382 1876 507 1937 indicare
529 1876 607 1953 quod
629 1876 785 1950 acciderat,
813 1895 850 1938 ne
879 1895 915 1936 ex
936 1880 998 1953 ipso
1020 1881 1122 1938 timore

81 1971 248 2024 moreretur.
290 1963 361 2022 Erat
388 1966 463 2023 enim
495 1966 591 2022 vicina
618 1962 721 2039 partui.
772 1963 825 2022 (lui
853 1971 983 2024 amatre
1005 1964 1121 2026 oonsilio

82 2047 166 2130 virli)
187 2050 233 2110 lae
247 2058 276 2109 et
298 2050 392 2110 dulcia
409 2041 540 2127 quaeque
561 2051 800 2124 ministrabantur,
822 2061 855 2110 ut
875 2067 992 2126 serpens
1013 2052 1122 2111 eisdem

81 2145 213 2214 potatus,
238 2139 404 2212 quiesceret.
446 2136 480 2195 In
503 2137 576 2195 bora
597 2153 664 2196 vero
687 2144 785 2212 partus
807 2137 909 2196 mulier
929 2156 995 2196 oum
1015 2138 1121 2198 infante

82 2231 244 2299 serpentem
257 2223 364 2283 effudit.
408 2223 500 2300 Quem
513 2240 578 2282 eum
595 2226 640 2282 vir
657 2230 782 2282 extracto
803 2222 898 2301 gladio
920 2233 1121 2301 exspectasset,

81 2319 112 2370 et
133 2309 181 2370 ille
198 2313 272 2369 sicut
286 2318 329 2370 est
349 2309 516 2370 naturaliter
534 2309 669 2384 prudens,
690 2310 728 2368 ad
748 2309 883 2370 femmam
903 2311 1014 2388 rediret,
1034 2329 1121 2388 prae·

79 2399 231 2474 occupatis
259 2398 319 2456 eius
348 2398 494 2458 itineribus
524 2398 634 2456 occisus
663 2403 715 2455 eat.
764 2396 870 2457 Adhuc
898 2397 1000 2457 eadem
1020 2398 1121 2458 mulier

77 2486 162 2544 vivit.
205 2481 236 2544 Si
266 2486 362 2542 omnia
383 2487 501 2544 recitare
522 2482 626 2543 vellem
649 2499 723 2558 quau
744 2485 815 2542 meis
835 2485 1010 2561 temporibus
1031 2488 1119 2545 mba-

79 2570 190 2644 oulose,
213 2570 242 2629 id
265 2577 308 2629 est
330 2578 429 2630 eontra
449 2571 564 2629 solitum
585 2588 700 2630 eursum
721 2577 840 2654 naturae
861 2571 938 2631 laeta
958 2578 1032 2647 sunt,
1052 2578 1119 2632 ante

77 2675 127 2717 me
157 2664 271 2733 tempus
302 2657 449 2732 deficeret,
479 2675 566 2732 quam
588 2659 670 2732 eopia
688 2655 883 2718 dicendorum.
926 2658 1043 2718 Interim
1064 2660 1119 2719 ista

77 2752 190 2817 teneas,
211 2744 240 2800 in
262 2743 306 2802 bis
329 2743 491 2819 delecteris3
514 2746 582 2818 quia
603 2743 641 2802 ad
664 2759 785 2819 eaquae
807 2746 898 2820 magis
919 2745 1032 2805 utiliora
1052 2753 1119 2806 sunt

78 2831 194 2888 festino.
238 2827 313 2904 Quia
341 2832 477 2905 seriptum
507 2837 550 2888 est
572 2829 608 2889 da
633 2829 712 2888 Deot
740 2831 916 2890 Memmrtote
937 2832 1118 2892 mirabilium

78 2921 144 2975 eiua
166 2931 245 2991 quoe
264 2912 374 2990 froid),
395 2915 497 2976 horum
520 2933 593 2991 qnae
616 2915 692 2975 dieta
712 2923 780 2975 sunt
799 2918 995 2992 recordemur,
1019 2918 1119 2978 dieen-
1207 2989 1216 2998 ἱ

76 3012 124 3063 tes
155 3019 223 3062 eum
245 3001 405 3076 Propheta:
438 3003 484 3060 Tu
506 3020 535 3061 er
556 3003 639 3062 Daue
661 3007 712 3078 qui
731 3004 807 3079 faeie
828 3004 977 3064 mirabilia
997 3003 1117 3082 solues).

75 3091 152 3149 Nota
165 3088 250 3148 nobie
263 3089 399 3161 Domitor,
421 3087 586 3160 uouaobie,
608 3089 659 3147 aad
678 3093 791 3149 nomini
813 3098 865 3150 tuo
887 3092 928 3150 do
949 3090 1117 3167 plurumi).

75 3176 194 3240 Nomen
211 3175 306 3238 Patris
329 3173 457 3234 Christus
480 3181 531 3247 est,
552 3192 604 3250 per
625 3192 711 3251 quem
731 3176 808 3236 laete
828 3185 895 3237 sunt
916 3181 1019 3238 omnia.
1062 3178 1117 3237 Cui

74 3281 147 3324 eum
177 3261 280 3322 eodem
301 3262 388 3320 Patre
416 3268 445 3320 et
466 3260 571 3337 Spiritu
599 3269 699 3322 saneto
727 3263 819 3323 honor
845 3267 882 3324 sit
903 3272 932 3326 et
952 3267 1116 3342 imperium,

73 3367 131 3426 per
154 3351 251 3409 omnia
271 3347 388 3408 saecula
408 3347 597 3408 saeculorum.
639 3348 743 3408 Amen.

380 3520 815 3588 ..we-.-

96 3692 129 3759 1)
147 3692 171 3744 Ρ
189 3692 292 3744 adhue
311 3695 340 3742 in
359 3707 413 3743 ore
431 3692 704 3760 superesse-2)
723 3690 765 3744 CF
784 3693 965 3746 extrahere.
979 3721 1009 3731 -
1024 3691 1055 3758 3)
1074 3691 1117 3744 CF

150 3763 372 3894 &existes-ii„
390 3761 458 3813 Psul.
478 3762 542 3822 104,
560 3765 585 3814 5.
604 3787 636 3800 ·-
655 3761 687 3827 5)
704 3760 768 3813 Paul.
786 3763 835 3828 76,
854 3764 894 3816 15.
914 3763 973 3825 135,
991 3763 1015 3812 i.
1036 3789 1066 3799 -
1086 3763 1118 3830 6)

808 3906 856 3978 12
