2622 4322
171 264 234 344 nro
480 259 706 322 omumouo
729 258 893 338 nunnus

506 450 738 514 CAPITULUM
757 451 871 512 xcix.

296 575 344 632 De
364 574 467 633 elettoo
487 576 519 634 ia
539 574 665 633 Βαεαοία
686 574 728 631 ad
747 576 963 632 damnationum
984 574 1074 633 adul-

558 667 639 720 terae
659 659 817 719 combusto.

237 781 303 842 Non
325 787 368 841 est
389 780 452 856 diu,
481 779 559 857 quod
578 782 608 839 in
629 781 749 840 Susaoia
771 780 888 840 clericus
909 779 1026 856 quidam
1046 780 1100 839 luit
1120 795 1204 856 pere-

173 871 285 946 grinus,
305 868 487 929 Hermannus
508 869 636 943 nomine,
662 873 756 926 aetate
777 869 900 942 iuvenis,
922 883 1040 943 corpore
1060 883 1205 942 procerus,

171 955 291 1036 llllsshffl'
311 962 437 1032 alitem·
479 954 514 1013 In
537 954 614 1014 hunc
634 955 739 1013 femina
761 953 903 1029 quaedam
924 953 1051 1014 eiusdem
1082 954 1205 1014 civitatis
1292 949 1293 984 ³

174 1045 243 1102 civis
271 1043 369 1103 oculos
394 1043 502 1116 iniecit,
530 1040 603 1100 adeo
630 1041 667 1099 ab
688 1039 736 1099 illo
757 1041 945 1115 inflammata,
973 1047 1007 1100 ut
1031 1039 1153 1100 diceret:
1174 1039 1205 1100 Si

174 1128 298 1190 volueris
325 1131 396 1188 meis
424 1129 602 1203 amplexibus
624 1129 681 1202 uti,
711 1129 805 1186 omnia
826 1144 891 1190 mea
911 1134 962 1186 tua
983 1132 1074 1186 erunt.
1118 1126 1205 1186 Cuius

173 1216 263 1276 rerba
299 1216 348 1274 vol
382 1217 522 1290 promissa
554 1211 619 1272 cum
649 1215 778 1288 iuvenis,
796 1233 797 1238 ¹
818 1231 928 1272 memor
952 1215 1044 1273 sancti
1073 1210 1205 1289 Joseph,

99 1333 103 1341 ,
175 1302 346 1378 despiceret,
371 1307 400 1360 et
419 1300 468 1360 illa
489 1300 558 1358 nihil
579 1317 610 1359 se
631 1299 768 1374 proficere
791 1307 931 1374 cerneret,
964 1301 999 1359 de
1021 1302 1205 1375 oppressione
1292 1343 1293 1362 1

172 1388 253 1448 illum
281 1405 378 1448 coram
406 1387 546 1447 iudicibus
574 1388 729 1446 accusavit.
773 1387 829 1463 Qui
856 1403 921 1445 oum
942 1392 1075 1464 negaret,
1104 1403 1159 1446 nec
1180 1387 1206 1445 ei
1292 1419 1293 1474 4

175 1474 348 1549 crederetur,
376 1476 480 1532 missus
506 1475 597 1532 estin
620 1473 774 1532 claustrum
794 1489 955 1548 murorum,
981 1473 1077 1534 locum
1099 1472 1206 1533 scilicet

174 1560 381 1622 damnatorum.
412 1559 474 1636 Illa,
495 1560 656 1620 stimulante
669 1560 789 1635 luxuria,
809 1560 945 1621 colerico
966 1578 997 1621 se
1012 1559 1205 1620 dementatam

173 1646 318 1723 simulans,
339 1663 452 1706 murum
466 1664 532 1706 cum
545 1645 623 1706 scala
640 1646 776 1720 aseendit,
797 1645 930 1706 deorsum
946 1663 977 1706 se
998 1648 1205 1723 praecipitavit,

173 1737 306 1795 iuvenem
348 1732 539 1809 amplexatur,
580 1733 618 1792 ad
653 1735 882 1792 commixtionem
919 1733 1000 1792 illum
1041 1732 1204 1793 sollicitans.

172 1821 234 1881 Neo
255 1823 297 1881 sic
318 1820 446 1896 profecit.
487 1819 553 1879 Hoc
575 1822 688 1896 cognito
709 1819 832 1894 iudices,
858 1820 1037 1881 extrahentes
1066 1822 1204 1880 innocen·

122 1976 124 1980 ,
172 1915 247 1985 tem,
283 1913 420 1983 tanquam
452 1907 615 1966 maleficum
647 1913 675 1965 et
709 1923 825 1983 magum
835 1902 851 1984 ¹)
880 1908 1073 1967 miserantia
1101 1909 1204 1983 ignem.

173 1995 230 2071 Qui
251 2012 317 2074 oum
338 1994 458 2069 arderet,
482 1997 524 2052 ita
543 2001 576 2051 ut
596 1993 759 2069 patentibus
782 1994 866 2052 costis
887 1992 985 2069 prdmo
1007 1995 1068 2053 eius
1090 1992 1203 2053 videre-

172 2088 234 2156 tur,
263 2081 462 2140 salutationem
489 2079 664 2157 angelicam,
691 2078 801 2152 idest,
828 2081 891 2138 Aue
912 2080 1015 2139 Matio
1044 2085 1072 2139 et
1095 2084 1204 2154 cetera,

172 2170 281 2227 eunctis
305 2168 485 2227 audientibus
508 2163 695 2225 decantavit*
719 2165 790 2225 Mox
811 2183 885 2225 unus
907 2163 972 2246 dei)
995 2168 1205 2226 circumstanti·

171 2254 240 2330 bus,
267 2254 392 2314 mulieris
421 2260 574 2330 cognatus,
602 2255 730 2311 titionem
751 2252 899 2312 ardentem
926 2255 1077 2328 arripiens,
1108 2255 1203 2330 orique

170 2343 233 2401 ¹eius
260 2343 414 2400 immittens
422 2337 459 2420 ³),
490 2343 544 2399 ait:
573 2339 636 2416 Ego
659 2339 784 2397 auferam
813 2339 864 2398 tibi
886 2341 1028 2400 orationes
1056 2341 1143 2417 istas;
1175 2345 1204 2398 et

172 2427 323 2492 mffoca'vu
345 2445 420 2486 eum.
463 2425 537 2504 Quid
559 2425 663 2501 plura?
697 2425 829 2484 Mortuus
851 2431 902 2500 est,
924 2431 952 2484 et
971 2429 1001 2484 in
1014 2443 1116 2502 eampo
1138 2443 1203 2486 ossa

172 2511 261 2594 ejusd
274 2515 395 2590 sepulta.
433 2511 487 2590 'Ad
500 2515 579 2572 cuius
594 2512 723 2571 tumbam
741 2514 854 2588 saepius
875 2514 939 2572 visa
960 2518 1026 2571 sunt
1045 2512 1202 2587 luminaria,

173 2607 202 2660 et
216 2600 328 2660 diversa
342 2601 509 2675 contingunt
522 2599 665 2686 miracula.
687 2598 787 2657 Territi
800 2615 869 2658 vero
886 2605 1020 2675 parentes
1039 2599 1202 2675 praedictae

171 2687 333 2761 adulterae,
362 2700 464 2746 coram*
486 2687 628 2745 canonicis
654 2687 746 2744 sancti
773 2684 897 2744 Patrocli
921 2701 953 2744 se
974 2691 1202 2762 prostrareumt,

170 2765 284 2834 veniam
303 2773 489 2849 postulantes,
510 2778 539 2831 et
562 2789 614 2847 pro
635 2789 706 2831 nece
726 2774 793 2831 iusti
819 2774 1023 2848 poenitentiam
1044 2776 1201 2848 suscipien-

171 2857 253 2941 tes⁵).
296 2860 390 2936 Super
401 2862 481 2918 cuius
501 2859 643 2917 tumulum
666 2859 786 2918 ecclesia
805 2858 944 2918 fabricata
965 2865 1016 2918 est
1058 2858 1201 2920 Juvenem

170 2945 370 3006 huncluxuria
384 2947 589 3023 perseminam,
603 2951 642 3003 ut
664 2945 780 3005 coluber
795 2947 824 3003 in
845 2947 901 3019 via,
922 2945 952 3004 id
974 2951 1026 3021 est,
1046 2946 1201 3020 manifeste,

169 3029 339 3113 pervasit⁶),
366 3050 401 3092 co
457 3034 549 3092 seius
565 3034 745 3106 incineravit,
773 3031 895 3091 sednon
917 3033 1069 3107 superavit
1112 3031 1201 3092 Alteri

169 3120 283 3182 cuidam
302 3120 379 3180 sacta
400 3136 416 3180 e
433 3125 444 3179 t
465 3125 588 3180 cerastes
608 3121 637 3177 in
659 3121 769 3195 semita,
789 3118 846 3178 hoo
866 3117 962 3178 modo.

187 3397 1197 3547 ¹³{⁰uetusti⁰1¹attentetur-,snitutrecen

234 3547 322 3602 Gelan.
347 3547 380 3599 ad
402 3547 452 3599 Vit.
476 3547 501 3600 S.
525 3547 631 3616 Engelb,
656 3564 681 3615 p.
700 3549 741 3601 ⁷5.
761 3578 791 3588 -
822 3548 853 3616 6)
871 3547 913 3600 ΒΙ)
936 3548 1069 3600 invasit.
1104 3546 1154 3600 vu.
1171 3545 1195 3598 S.
1292 3561 1293 3612 }

233 3616 337 3670 Malach.
356 3618 397 3670 20.
417 3633 441 3684 p.
460 3617 525 3669 542:
545 3616 606 3683 „sed
623 3616 733 3670 nondum
751 3625 894 3670 exsaturata
911 3619 1022 3684 nequitia
1040 3619 1103 3680 aius,
1119 3617 1196 3668 mise-

152 3687 157 3701 “
232 3703 286 3740 rum
303 3685 431 3740 invadit
448 3686 632 3751 mulierculam,
658 3703 723 3756 quae
741 3688 806 3739 forte
824 3702 903 3756 prope
920 3687 1058 3738 assisteret,
1093 3685 1125 3740 Et
1143 3685 1196 3737 lla-
1292 3688 1293 3750 1

233 3757 340 3809 lachim:
363 3757 419 3809 llon
443 3756 476 3808 ed
493 3756 556 3822 hoo,
573 3758 667 3826 inquit,
685 3757 730 3809 ubi
752 3757 819 3810 illam
837 3757 893 3822 tuli,
908 3764 937 3808 ut
953 3755 1020 3809 hano
1037 3751 1195 3826 pervade-
1292 3791 1293 3806 t

231 3841 297 3892 ποις
315 3827 356 3878 exi
374 3834 400 3878 et
417 3825 449 3878 ab
468 3828 523 3878 ea.“
603 3897 607 3907 ¹
