2628 4310
208 294 272 354 ato
494 289 724 356 Dtsumt'flo
748 291 960 357 macula

207 419 319 492 patrem
340 411 436 473 adhuc
457 409 565 490 spirare
585 414 713 493 vidisset,
734 416 884 478 clamavit:
908 418 1014 478 Vivida
1034 409 1127 480 adhuc
1149 417 1231 479 domi-

204 499 265 561 ne?
309 497 362 560 Oui
391 517 456 560 cum
483 500 531 561 ille
557 502 674 563 minime
694 503 896 581 responderet,
923 507 1026 565 timens
1046 504 1143 567 hostes
1164 523 1231 581 esse,

204 588 328 648 mbieeit
349 604 517 649 conversus:
539 588 603 666 ligo
626 605 699 694 sum,
720 608 757 651 ne
774 593 907 654 timeatis
950 592 1034 652 Tunc
1055 592 1116 654 ille:
1138 591 1233 653 Adhuc

205 675 282 735 enim
313 674 390 734 vivo.
432 674 504 734 Mox
531 674 679 736 lavatus
671 695 701 736 ιιι
729 677 879 754 vehiculo,
908 677 1074 755 deportatus
1103 677 1176 760 est¹)
1202 678 1233 739 ad

204 763 368 840 grangiam3
389 758 539 842 peccata²)
562 779 616 822 sua
637 763 785 825 confessus
807 772 866 841 cst,
889 767 1125 843 communicavit,
1158 768 1234 826 inun-

204 853 267 908 ctus
289 854 341 923 ast,
363 849 461 924 sicque
482 850 612 924 spiritum
627 849 759 910 reddidit
790 851 867 912 Ecca
887 854 965 928 prior
976 869 1042 912 cum
1052 858 1167 930 tempus
1186 853 1234 912 ha·

203 934 284 994 beret
313 934 493 1011 poenitendi,
522 941 551 995 at
578 935 653 996 lilius
683 954 750 997 aum
779 936 815 998 de
837 937 929 998 saluta
952 939 1079 1016 quotidie
1101 945 1234 1015 moneret,

203 1023 300 1081 omnia
320 1020 453 1098 neglexit,
475 1024 598 1082 moriens
611 1025 808 1100 impoenitens.
843 1023 927 1086 Alter
946 1043 1016 1086 vero
1032 1029 1233 1102 semimortuus,
1278 1041 1279 1052 ¹

203 1107 267 1168 oleo
295 1107 506 1168 misericordiae
536 1111 653 1170 et'vino
677 1113 871 1187 poeniteutiae
892 1113 953 1172 veri
975 1112 1151 1174 Samaritani
1172 1131 1234 1174 con·

200 1195 294 1270 lotus,
323 1193 359 1254 de
380 1195 493 1255 stabulo
516 1197 646 1256 transivit
667 1197 705 1257 ad
725 1197 864 1274 palatium
872 1193 902 1279 ⁸)
944 1198 984 1258 Et
1005 1205 1049 1259 ast
1069 1201 1099 1258 in
1121 1200 1167 1260 his
1187 1203 1234 1258 im-

202 1281 312 1358 pletum
335 1280 413 1357 quod
434 1284 574 1359 scriptura
596 1283 677 1343 dicit:
705 1283 761 1344 Oai
781 1285 847 1344 vult
867 1289 1031 1359 moeretur,
1052 1289 1178 1364 gratiam
1195 1289 1234 1346 ιιι-

74 1399 82 1418 ·
200 1367 354 1445 fundendo,
377 1376 405 1429 et
427 1387 513 1446 quem
535 1369 600 1430 uult
620 1367 785 1446 indurati),
806 1373 928 1449 gratiam
948 1388 1008 1432 non
1030 1373 1211 1450 apponendo.

538 1594 771 1656 CAPITULUM
791 1595 913 1662 XXIII..

305 1720 353 1779 Dc
380 1715 499 1794 Wipero
527 1701 618 1777 metite
639 1722 692 1794 pai
714 1718 930 1780 astronomo
952 1723 1063 1782 omaus
1085 1729 1139 1783 eat

264 1857 299 1916 ln
320 1856 456 1917 Dioecesi
475 1856 652 1916 Traieetcnsi
673 1855 755 1916 milas
777 1856 893 1932 qudam
914 1859 1022 1918 exstidt
1042 1861 1162 1920 nomine
1176 1858 1233 1920 Wr-

198 1944 498 2020 germinantibus
519 1942 636 2002 militiae
657 1945 908 2004 nominatissimus.
950 1943 986 2004 In
1005 1946 1100 2020 prima
1122 1945 1233 2022 expedi-

198 2032 276 2090 tione
296 2030 354 2090 Dei
374 2046 491 2090 munere
513 2036 718 2105 compunctus,
747 2047 831 2090 eruce
851 2033 981 2108 signatus
1000 2049 1080 2092 mare
1100 2032 1233 2105 ιιιιιιιιιι

198 2122 259 2176 tam
279 2117 388 2178 sortiter
417 2122 446 2176 et
474 2121 534 2176 tam
554 2118 693 2176 ιιιιιιιιιιιι
713 2116 917 2177 Sarracenos
908 2135 1096 2195 impugnans,
1127 2127 1162 2180 ut
1181 2125 1232 2178 tam

197 2203 272 2281 Regi
285 2189 527 2308 ,ierosolymitano
551 2219 639 2278 quam
661 2205 763 2263 ceteris
781 2203 949 2264 Christianis
970 2203 1090 2264 dilectus
1114 2212 1192 2268 esset
1209 2208 1232 2263 ct

197 2296 349 2367 acceptus,
379 2296 408 2350 at
435 2292 557 2352 inimicis
580 2288 685 2350 Christi
712 2286 825 2371 nimis)
851 2290 976 2351 odiosus.
1019 2290 1077 2368 Qui
1099 2309 1170 2354 aum
1188 2307 1232 2368 per

197 2394 305 2438 annum
324 2379 467 2454 integrum
485 2375 628 2437 Salvatori
647 2376 755 2437 ibidem
776 2384 890 2438 strenue
912 2383 944 2438 ut
966 2377 1074 2438 dictum
1096 2385 1145 2439 est
1165 2377 1231 2440 mili·

196 2471 302 2540 tasset,
324 2471 353 2524 et
373 2465 527 2539 repatriare
550 2465 718 2540 cogitasset,
748 2463 794 2527 dia
816 2462 970 2540 quadam
961 2481 992 2522 m
1013 2464 1104 2524 oculis
1129 2469 1190 2526 cius
1207 2467 1231 2522 in

198 2551 331 2611 conflictu
360 2568 460 2610 servus
489 2552 550 2611 eius
579 2551 691 2610 occisus
720 2556 771 2610 est.
820 2549 909 2610 Cuius
937 2553 1063 2612 animam
1089 2552 1123 2612 ιιι
1145 2553 1230 2628 specie
1278 2591 1279 2624 2

125 2699 128 2706 ,
197 2618 362 2699 columbae
379 2637 474 2698 coelos
502 2636 603 2696 videns
620 2642 797 2712 penetrare,
831 2642 1019 2712 compunctus
1048 2636 1084 2699 de
1114 2641 1230 2711 ιιειοιιι,
1278 2629 1279 2704 ι

197 2723 312 2785 dicebat
332 2727 406 2784 intra
427 2742 474 2784 se:
497 2722 574 2800 Quid
595 2738 681 2800 agere
702 2725 836 2800 proponis
858 2741 876 2784 o
897 2722 1005 2784 miser?
1047 2723 1080 2785 Si
1104 2741 1230 2787 reversus

195 2811 298 2888 fueris,
329 2814 397 2870 vitia
418 2817 530 2887 repetes
553 2810 699 2885 dimissa,
714 2817 744 2870 et
772 2817 854 2870 amnt
881 2813 1038 2871 novissima
1064 2818 1119 2872 tua
1140 2815 1230 2890 peiora

194 2900 346 2973 prioribus.
388 2898 432 2957 Er
449 2891 522 2957 'tunc
542 2897 642 2957 lortius
663 2913 752 2974 agens
774 2897 873 2973 solito,
899 2897 945 2958 die
978 2896 1105 2973 quadam
1137 2899 1229 2960 conffl-

196 2990 274 3045 etum
295 2987 410 3044 intravit
431 2990 461 3044 at
482 2985 625 3044 occubuit
650 2983 739 3043 Cuius
762 2989 849 3060 caput
862 2983 1013 3044 Sarraceui
1028 2986 1228 3060 praescindan-

194 3068 277 3152 tes⁸),
299 3089 366 3132 cum
387 3071 477 3131 multa
497 3070 589 3148 gloria
610 3070 850 3130 circumtulerunt.
872 3070 1025 3130 Christiani
1045 3087 1116 3131 vero
1132 3086 1228 3148 eorpus

194 3159 337 3234 rapientes
365 3165 452 3236 atqua
480 3157 666 3235 sepelientes,
695 3157 845 3218 eeclesiam
870 3173 957 3233 super
984 3158 1078 3233 ipsum
1108 3159 1227 3220 iabnca·

194 3252 307 3306 verunt.

495 3463 931 3520 ψ

211 3729 368 3797 Uestam
387 3726 510 3780 Bell.-
528 3724 1100 3794 2)liibipaeeata-il)lmc..-10
1115 3725 1223 3796 Μαι

262 3798 397 3861 9,18.-
417 3793 856 3864 5)Buimirinvidussc.-
826 3795 1222 3864 -6)Epraeacidantcs,

261 3866 364 3922 sacua
382 3865 627 3936 praecidentes.
