2664 4308
459 267 513 328 ns
535 262 692 329 snserit
713 258 856 328 Meam.
1141 271 1176 326 11

139 391 287 452 mihi-iam
307 391 462 467 probatum
485 396 543 464 est,
573 389 651 465 quod
676 391 740 466 ipsa
761 390 849 450 totius
870 389 907 448 sit
922 384 939 467 ¹)
963 389 1040 448 orbis
1062 405 1180 450 conser-

139 481 246 553 vatrix,
267 477 468 538 tribulatorum
489 476 676 551 consolatrix,
704 475 763 534 fida
784 476 839 536 sibi
859 475 1057 536 famulantium
1079 476 1180 536 defen·

139 568 235 627 murm
279 564 366 640 Quod
389 571 485 624 eutem
506 570 673 640 peccatores
694 580 745 640 per
765 566 860 639 ipsam
880 562 1080 638 illuminentur,
1101 563 1187 639 quod

138 652 182 712 his
204 653 337 712 omuibus
360 651 501 712 salubrius
522 649 632 725 iudico,
663 650 760 725 aliquo
782 649 851 710 mihi
873 649 985 709 osoendi
1005 665 1106 726 precor
1128 667 1180 711 ex·

139 739 243 816 amplo.
286 737 523 799 MONACHUS:
547 737 620 796 Cum
640 737 728 796 homo
749 736 858 796 homini
878 753 965 812 saepe
981 739 1103 812 primam
1124 738 1181 797 ob-

138 829 227 886 tineat
255 828 390 902 gratiam,
424 824 514 884 multo
543 823 666 900 amplius
692 821 950 884 hoc·cradendum
979 830 1022 882 est
1051 823 1087 883 de
1115 842 1180 884 ma·

138 920 180 974 tre
202 913 329 973 Domini.

479 1083 713 1146 CAPITULUM
738 1083 821 1145 VIII.

138 1209 329 1267 DeHenrico
346 1211 487 1267 canonico
509 1210 605 1267 suncti
616 1205 786 1280 Kurriberti,
809 1208 927 1282 culpor
947 1208 1179 1266 intercessionem

409 1301 530 1354 cunctae
550 1295 669 1353 Mariae
690 1311 848 1353 oenomaum
869 1299 919 1366 est

204 1415 366 1475 Canonieus
396 1415 512 1490 quidam
541 1419 634 1474 sancti
661 1415 814 1474 Kuniberti
842 1415 872 1472 iu
903 1413 1036 1487 Colonia,
1064 1416 1179 1474 nomine

136 1501 281 1562 Henrieus
289 1498 320 1581 ²),
341 1504 402 1561 vita
423 1505 492 1560 satis
513 1501 678 1576 saecularis,
700 1519 766 1562 eum
788 1501 833 1561 die
856 1500 981 1576 quadam
1003 1500 1082 1560 solus
1097 1503 1179 1576 equi·

136 1594 224 1664 taret,
258 1588 401 1649 nubecula
429 1588 525 1648 lueida
553 1591 631 1648 vlam
651 1591 744 1664 ipsam
766 1604 801 1647 eo
822 1590 950 1647 intuente
977 1587 1180 1663 transvolavit,

137 1691 297 1750 uocemque
320 1675 505 1736 clarissimam
527 1676 563 1735 da
584 1678 649 1751 ipsa
669 1675 747 1734 nube
769 1671 923 1754 audivit³):
945 1675 1018 1734 Fiat
1039 1676 1179 1734 voluutas

137 1769 207 1834 toa,
236 1764 312 1821 aeut
332 1766 365 1822 in
386 1764 465 1821 coelo
488 1769 515 1822 et
536 1766 568 1821 in
591 1770 680 1821 terra.
729 1761 857 1836 Eratque
879 1777 936 1820 vox
959 1759 1061 1821 eadem
1081 1767 1179 1822 mutae

72 1885 78 1896 ·
136 1847 311 1923 dulcedinis,
340 1853 373 1908 ut
394 1851 525 1926 quotiens
548 1852 608 1908 eius
630 1854 734 1925 postea
754 1847 966 1923 recordaretur,
987 1847 1111 1907 lacrimis
1132 1851 1179 1906 in-

129 1929 310 1995 ‘fimderetun
354 1935 485 2011 Cumque
507 1952 609 1996 vocem
636 1935 711 1994 hauc
734 1935 853 1995 coelitus
881 1931 1062 2014 demissami)
1085 1938 1179 1994 minus

116 2021 306 2098 ‘attenderet
326 2022 374 2081 vel
384 2025 491 2099 potius
505 2039 562 2082 non
576 2022 754 2099 intelligeret,
774 2028 860 2080 nocte
874 2021 1000 2097 quadam
1021 2023 1178 2097 pervisum

136 2127 167 2170 se
189 2116 266 2169 stare
288 2109 360 2169 vidit
379 2113 409 2169 in
432 2109 544 2185 capella
565 2110 667 2168 domus
695 2125 764 2169 suae
786 2114 853 2168 ante
875 2109 964 2167 altare
987 2124 1083 2167 coram
1104 2111 1178 2168 ima-

134 2198 201 2273 gIne
224 2197 328 2256 beatae
350 2196 406 2256 Dei
429 2196 589 2256 Genitricis.
633 2195 729 2272 Quam
751 2212 817 2254 cum
837 2195 933 2254 verbis
955 2195 1091 2272 angelicis
1108 2194 1178 2254 soli-
1238 2231 1244 2246 ·
1326 2175 1327 2208 ³

135 2280 196 2363 to⁵)
219 2283 372 2359 salutaret,
404 2283 552 2359 respondIt
579 2283 644 2342 ille:
677 2281 717 2342 Ut
744 2281 813 2358 quid
840 2299 887 2341 ma
909 2280 1038 2342 salutas?
1081 2279 1178 2342 Homo

134 2370 263 2446 perditus
285 2387 331 2446 es3
355 2365 410 2450 εἴθ)
432 2373 486 2430 nisi
499 2373 588 2429 vitam
610 2376 690 2428 trram
704 2368 1012 2444 emendaverispcitius
1022 2365 1041 2448 ⁷)
1063 2369 1178 2445 peribis.

133 2456 198 2534 Ego
222 2459 298 2516 enim
322 2462 350 2516 et
371 2456 545 2517 Benedictus
574 2459 786 2516 intercessimua
807 2473 858 2532 pro
881 2463 919 2515 te.
962 2455 1019 2532 Qui
1042 2473 1108 2515 cum
1129 2473 1178 2517 se-

134 2545 258 2604 cundam
281 2544 357 2604 hane
379 2544 611 2618 admonitionem,
633 2543 783 2603 duloedino
795 2545 873 2602 vitae
895 2543 1050 2602 saecularis
1064 2544 1178 2604 abstra-

134 2637 207 2706 ctus,
230 2631 403 2708 negligeret,
426 2632 501 2690 circa
523 2637 636 2707 tempus
658 2647 710 2690 sex
731 2630 979 2689 hebdomadarum
1008 2637 1068 2689 tam
1095 2634 1178 2707 gravi

132 2718 297 2778 iufirmitate
320 2725 466 2793 correptus
488 2724 547 2792 est,
579 2723 612 2775 ut
632 2719 831 2794 inungeretur,
859 2734 912 2776 nec
933 2717 993 2776 ulla
1014 2723 1091 2776 esset
1111 2735 1178 2793 spes

133 2808 212 2864 vitae
226 2807 295 2864 eius.
320 2804 403 2864 Tunc
418 2804 532 2863 demum
546 2802 584 2864 ad
599 2821 649 2864 cor
660 2821 800 2879 reversus,
816 2804 924 2879 etquid
938 2803 1059 2863 audierit
1072 2804 1178 2880 quidve

129 2892 238 2952 uiderit
268 2891 451 2966 recordatus,
478 2891 611 2950 fratribus
644 2891 816 2966 quibusdam
845 2891 1039 2966 Bergensibus
1071 2890 1178 2950 ordinis

134 2977 331 3039 CisteroIensis
354 2978 391 3038 ad
414 2995 445 3038 se
466 2979 576 3037 vocatis
598 2996 629 3038 se
647 2977 777 3052 reddidit,
799 2979 898 3053 quiin
919 2980 1049 3053 proximo
1063 2976 1178 3038 Pascha

132 3065 292 3125 monachus
326 3065 435 3140 iactus,
468 3066 574 3124 meritis
582 3061 604 3144 ⁸)
635 3072 663 3124 et
694 3064 828 3141 precibus
859 3065 963 3123 beatae
992 3065 1118 3141 Virginis
1146 3083 1177 3124 se

131 3152 324 3211 illuminatum
352 3169 444 3228 usque
473 3151 559 3220 hodie
584 3151 728 3228 gloriatur.
771 3149 974 3211 NOVICIUS:
1009 3151 1097 3210 Cuius
1124 3152 1178 3211 init

52 3286 57 3294 .
132 3239 260 3299 vexilla
281 3239 357 3298 iacta
379 3238 415 3298 de
436 3240 527 3314 nube,
555 3245 584 3298 et
606 3241 669 3314 quis
691 3256 793 3298 sensus
813 3237 896 3297 eius?
940 3236 1176 3299 MONAOHUS:

23 3325 28 3340 ‘
133 3326 280 3404 Quantum
303 3343 338 3385 ex
359 3328 417 3385 iam
440 3324 521 3385 dictis
541 3325 690 3401 colligitur,
711 3327 814 3386 beatae
831 3323 941 3384 Mariae
964 3331 992 3384 et
1014 3327 1176 3386 sanctiBe-

132 3413 248 3473 nedicti.
293 3412 423 3473 Orabant
444 3416 519 3473 enim
543 3412 701 3488 Christum,
730 3418 763 3472 ut
792 3413 866 3471 sicut
894 3409 1028 3472 voluntas
1050 3414 1111 3472 eius
1134 3420 1178 3472 est

131 3502 161 3560 in
184 3499 283 3574 coelo,
314 3499 344 3558 id
366 3503 459 3560 cst-in
488 3502 580 3574 iusto,
601 3500 642 3558 ita
664 3505 694 3558 et
714 3501 777 3559 eius
797 3499 946 3574 voluutas,
969 3511 1042 3574 quac
1064 3516 1177 3576 semper

150 3634 183 3703 1)
200 3632 243 3686 BG
261 3633 305 3683 sit
324 3634 435 3686 totius.
455 3661 486 3672 -
506 3633 538 3701 2]
558 3631 589 3683 ds
607 3632 656 3683 hoc
672 3632 782 3686 ilenrico
799 3632 859 3690 vide
876 3633 960 3685 ervit.
978 3632 1084 3702 Eugeia
1103 3633 1133 3697 ll,
1150 3635 1176 3686 8.
1213 3607 1216 3618 Δ
1325 3593 1326 3612 ¹

203 3731 235 3743 -
255 3703 286 3768 3)
303 3701 347 3756 on
370 3702 500 3756 audivit
530 3701 702 3754 dicantem.
727 3733 758 3744 -
784 3703 855 3770 4)Β
881 3702 1053 3754 dimissam.
1079 3733 1112 3742 -
1144 3704 1177 3771 5)

201 3771 223 3824 B
242 3771 343 3824 solito
361 3771 461 3826 ruodo.
481 3801 512 3811 -
531 3772 564 3838 6)
582 3779 613 3822 et
630 3787 671 3823 orn
689 3772 737 3827 Bc.
757 3801 790 3812 -
809 3773 842 3839 7)
863 3772 883 3824 Β
902 3775 985 3834 cito,
1010 3772 1055 3824 ΑΙ)
1073 3773 1175 3824 ocius.

203 3871 233 3882 -
247 3842 278 3909 8)
294 3840 357 3894 dcl)
376 3842 487 3895 iaetus
503 3849 559 3894 est
578 3842 723 3908 maritis,
739 3842 757 3895 Ρ
772 3841 883 3894 factus
902 3851 954 3894 est
973 3841 1176 3909 meritisque.
