2594 4302
163 219 227 280 ero
338 269 343 276 .
477 216 709 280 nrornrcmo
730 217 888 281 nrcnm
1024 267 1030 292 .
1150 167 1155 187 ’

163 339 365 401 moerentem
379 339 690 418 oontotiproeponnnt.
732 339 823 402 Aliud
843 341 941 403 edituo
961 341 1084 406 reform
1105 353 1201 402 morn-
1257 324 1258 398 i

164 426 260 503 plum,
282 443 335 502 per
356 426 434 503 quod
455 444 614 506 eognosees
635 445 722 505 quom
743 430 821 494 bone
841 429 880 490 sit
899 431 992 491 virtus
1013 431 1155 506 mntem,
1174 434 1203 489 et
1258 462 1259 496 i

163 529 253 590 quem
273 513 466 590 periculosum
487 517 588 576 vitium
608 516 829 591 inobedientiae.

542 669 775 733 CAPITULUM
796 671 839 732 X.

255 793 303 852 De
327 753 444 870 sordeo
465 811 486 852 a
514 791 672 854 doemonio
700 793 826 854 liberato
848 800 876 856 et
898 793 937 853 ob
960 793 1061 854 eodem
1083 792 1120 854 ob
1259 738 1261 860 i

476 879 704 941 inobedientiam
731 879 896 958 ootrfraota.
1261 877 1262 972 i

231 1000 365 1062 Nobilem
393 1000 539 1078 quendem
563 1003 698 1062 feminam
719 1004 749 1062 in
769 1001 897 1063 Saxonie
919 1001 1051 1064 diabolus
1072 1000 1209 1064 obsidens
1262 1016 1263 1042 ¹

168 1085 318 1150 durissime
347 1090 464 1148 vexavit
474 1085 501 1169 ¹).
552 1085 648 1166 Quom
679 1083 749 1148 dum
779 1107 832 1166 pro
864 1089 990 1150 remedio
1018 1090 1149 1150 mntem
1170 1086 1210 1148 ed

168 1174 281 1236 divorse
309 1181 473 1235 sanctorum
504 1171 602 1236 limine
633 1171 830 1237 ministeriales
864 1177 926 1238 eius
958 1169 1122 1255 duxissent,
1163 1175 1210 1236 die

165 1261 293 1338 quedem
304 1261 439 1323 sacerdos
451 1262 567 1339 quidem
582 1264 795 1340 superveniens,
811 1263 903 1324 forme
916 1262 1033 1340 quidem
1045 1263 1212 1342 despecms

168 1347 220 1410 sed
239 1351 333 1427 gratie
352 1349 410 1410 Dei
429 1347 593 1426 praeditus,
615 1352 761 1410 vexetioni
779 1347 855 1410 illius
877 1367 1045 1428 compassus
1066 1356 1120 1410 est
1163 1349 1211 1410 Ex

167 1435 258 1496 multe
279 1439 354 1496 enim
377 1437 494 1498 oeritote
514 1433 672 1497 Dominum
694 1453 825 1512 exorans,
839 1435 1030 1498 'doemonium
1051 1437 1145 1512 oieeit,
1164 1437 1212 1496 te-

168 1523 276 1584 minam
303 1524 419 1584 omniteti
449 1526 600 1584 restituens
608 1519 639 1604 ²).
682 1519 736 1586 Oui
764 1523 843 1584 dedit
863 1526 893 1584 in
914 1521 1074 1598 mandetis,
1103 1529 1139 1582 ut
1158 1539 1213 1601 per

169 1606 230 1672 dies
242 1613 358 1688 triginta
377 1611 407 1670 in
429 1609 531 1672 eodem
551 1607 616 1670 loeo
637 1628 757 1670 manens
779 1609 905 1687 quotidie
927 1612 1160 1686 communicaret,
1182 1613 1214 1670 et

169 1693 296 1776 singulas
330 1693 416 1757 horas
456 1699 608 1758 oenonieos
642 1691 856 1773 praediotorum
891 1695 1002 1758 dierum
1037 1696 1214 1774 peraudiret

169 1784 258 1864 Quod
285 1802 352 1846 oum
382 1783 497 1845 iecisset
517 1801 623 1845 novem
645 1783 760 1860 diebus,
791 1777 862 1844 nihil
882 1779 984 1865 meii³)
1006 1785 1052 1844 sui
1073 1782 1213 1862 deinceps
1268 1846 1269 1872 ἢ

169 1875 350 1952 suspicantes
367 1871 634 1933 obduxerunteom.
675 1865 711 1932 In
732 1871 908 1933 viaturbine
928 1872 1054 1932 maximo
1075 1870 1214 1948 impulsa,
1268 1873 1269 1876 ’

169 1971 257 2041 etque
279 1961 398 2037 deiecto,
419 1961 460 2020 sie
482 1959 607 2020 totaliter
629 1958 775 2020 eonireote
796 1963 841 2019 est
861 1976 880 2018 e
901 1957 1033 2033 diabolo,
1058 1963 1092 2017 ut
1112 1960 1215 2018 omnia
1269 1984 1270 2024 i

169 2053 231 2112 eius
260 2050 390 2110 membre
417 2048 551 2108 humenis
573 2046 731 2106 visceribus
751 2045 895 2106 simillime
916 2050 1095 2122 apparerent
1138 2043 1214 2106 NO-

171 2137 322 2200 VICIUS:
350 2137 434 2214 Quae
465 2132 519 2194 fuit
550 2151 639 2193 oense
666 2137 777 2209 poenae
805 2140 866 2192 tem
895 2130 1026 2192 mudelie.
1075 2129 1216 2191 MONA·
1270 2122 1271 2156 ³

172 2226 297 2289 CHUS:
346 2222 554 2285 Inobedientie
616 2218 715 2282 simile
757 2219 849 2283 hebes
882 2221 913 2278 in
956 2217 1082 2295 Dialogo
1120 2220 1217 2278 eeneii

170 2313 304 2392 Gregorii
319 2311 356 2372 de
372 2309 498 2386 quodem
517 2301 618 2368 elerico
637 2301 765 2382 obsesso,
783 2312 812 2366 et
822 2322 841 2365 a
851 2311 952 2368 saneto
965 2305 1125 2365 Benedioto
1137 2303 1217 2366 iibe-

72 2415 78 2430 “
169 2407 242 2462 rato
285 2398 340 2460 Oui
369 2414 435 2457 oum
462 2396 656 2474 praecepisset
682 2407 720 2453 ne
748 2407 877 2468 unquam
904 2391 944 2452 ed
972 2403 1070 2452 saeros
1097 2391 1217 2452 ordines

169 2487 334 2562 recederet,
363 2490 393 2544 et
419 2483 467 2543 iile
488 2487 554 2559 post
575 2495 667 2540 annos
688 2476 824 2560 multos‘)
846 2485 1041 2556 bonsgrossor
1062 2480 1216 2554 existeret,

169 2593 239 2638 mor
264 2591 331 2634 eum
352 2570 484 2632 ffiebolus
504 2563 676 2648 pervesit⁵),
704 2565 815 2627 tamdiu
834 2581 946 2628 vexans
967 2565 1060 2628 donee
1080 2567 1216 2644 spiritum

166 2656 349 2740 annues).

487 2883 493 2894 ¹
534 2801 769 2873 emmonim
790 2799 847 2870 rr.

332 2937 381 2998 Do
402 2937 545 2998 doemone
573 2949 660 3011 poem
681 2932 822 2992 eilbertus
848 2923 1046 3008 seodeitortr)

545 3021 718 3081 marito?
746 3017 834 3079 deciis

236 3147 340 3208 Abbas
372 3145 408 3206 de
429 3139 613 3224 Nuinburg⁸)
643 3155 718 3219 quoe
746 3147 790 3201 est
821 3135 940 3200 abbatie
971 3129 1112 3199 ditissima
1140 3131 1218 3216 nigri

172 3236 278 3297 ordinis
299 3237 329 3293 in
350 3231 371 3294 S
391 3233 492 3306 xonio,
524 3248 617 3308 nuper
643 3239 696 3306 per
723 3246 777 3288 nos
806 3229 962 3302 transiens,
999 3225 1097 3286 retulit
1128 3226 1217 3285 nobis

171 3249 398 3384 miraculumrfe
432 3319 577 3379 curatione
614 3316 763 3377 cuiusdam
796 3313 932 3374 obsessae
968 3310 1217 3373 iocundissimum.

171 3407 233 3486 Est,
253 3409 354 3486 inquit,
374 3404 452 3484 opud
466 3422 519 3465 nos
533 3403 614 3465 miles
628 3398 745 3480 quidem
766 3400 916 3480 religiosus
927 3395 1066 3460 Albertus
1087 3399 1217 3474 nomine,

188 3527 220 3597 i)
238 3526 258 3579 B
277 3521 452 3577 obsederet
470 3519 636 3575 dirissimo
654 3535 787 3572 vexans.
806 3548 838 3558 -
857 3518 889 3585 2)
908 3517 928 3569 B
946 3517 1108 3569 restituit
1124 3515 1216 3638 ff'a)

238 3583 1216 3728 itiiibiibi}”tibitibiii'isffbib'iz

237 3731 429 3786 Seodeirert.
448 3758 479 3773 -
498 3732 531 3799 8)
544 3729 644 3784 domn
661 3729 788 3796 Cabum,
804 3720 1039 3798 noneiitenbng,
1054 3725 1123 3778 iuxta
1135 3725 1216 3794 oppi-

117 3816 119 3820 ·
163 3843 165 3848 ,
238 3803 298 3856 dum
314 3801 456 3872 meurg.
