2564 4306
268 222 270 225 ’
358 259 413 322 ns
433 254 622 323 suasuro
638 259 904 324 nonuuonuu.
1083 261 1143 323 aar

112 380 285 458 Tollensque
297 389 408 443 vestem
431 385 513 460 quasi
526 387 555 443 in
565 386 702 444 foetidam
716 391 802 459 atque
816 383 982 456 bullientem
995 382 1119 444 lexivam
1131 380 1149 464 ¹)
1261 383 1262 386 ’

108 470 230 528 intinxit.
264 470 320 534 ,De
342 488 401 546 qua
423 488 488 531 eum
509 473 611 532 faeiem
633 479 663 531 et
684 471 788 530 oollam
813 470 969 530 sacerdotis
989 473 1149 547 percussis·

109 563 162 632 set,
183 556 230 616 ille
244 559 384 618 excitatus
404 559 512 620 sortiter
529 558 677 618 clamavit:
698 557 844 620 Adiuvate
866 557 1010 617 adiuvate.
1052 557 1147 634 Quem

109 660 175 704 oum
198 646 279 720 signo
302 647 382 704 voois
404 651 632 721 compescerent,
656 645 816 720 respondit:
842 644 887 703 En
909 646 1022 718 morior,
1043 661 1078 704 eu
1100 646 1147 703 in-

108 729 224 790 cendor.
260 730 342 790 Tune
356 739 504 812 surgentes
517 735 687 792 invenerunt
708 738 795 809 eaput
809 732 869 790 eius
891 736 984 789 totum
1003 733 1147 808 inustum3

107 819 208 892 sicque
235 819 265 875 in
292 817 500 879 infirmitorium
538 817 760 894 deportaverunt
796 819 974 877 semivivum.
1029 817 1146 878 Nullam

108 906 185 964 enim
205 903 312 964 fecorat
334 905 370 964 de
388 904 489 966 eadem
503 904 676 982 negligentia
691 906 907 965 confessionem.
941 901 1146 966 Novimus:

106 989 202 1050 Valde
225 998 329 1052 terrere
351 991 438 1052 debet
458 991 531 1052 haee
553 995 624 1051 visio
646 993 709 1068 illos
732 995 780 1067 qul
801 991 906 1050 multas
921 987 1029 1062 habent
1051 993 1145 1052 ecole—

74 1074 79 1087 '
106 1081 181 1152 sias,
204 1084 233 1137 et
254 1078 358 1138 multas
380 1079 506 1154 quotidie
526 1082 666 1156 recipiunt
687 1079 896 1154 eleemosynas,
920 1083 949 1138 et
969 1095 1027 1137 non
1049 1078 1148 1139 deser·

104 1165 195 1223 vlunt.
237 1163 473 1226 MONACHUS:
496 1165 597 1242 Neque
618 1183 671 1225 nos
692 1169 752 1224 sine
775 1168 876 1226 timore
905 1182 968 1225 esse
999 1165 1146 1224 debemus.

104 1247 160 1310 His
183 1268 251 1330 ergo
274 1267 348 1327 quae
371 1255 462 1314 tristia
483 1260 550 1313 sunt
571 1255 690 1328 omissis,
713 1255 862 1312 veniamus
883 1252 922 1312 ad
942 1254 1070 1328 praemia
1083 1257 1146 1330 'pa-

108 1340 182 1398 triae
205 1337 345 1399 eoelestis.

358 1585 360 1590 Ι
445 1492 678 1557 οιιιιιιιιιιι
698 1461 812 1556 xuni.

208 1602 256 1660 De
281 1601 381 1678 pluria
402 1599 600 1660 queatrudis
622 1599 796 1661 Abbatiasue
817 1605 849 1661 ia
869 1601 1038 1677 Ditlrirpen.

171 1721 205 1780 In
219 1723 391 1782 monasterio
405 1721 664 1784 sanotimonialium
679 1721 756 1797 quod
771 1721 922 1798 Ditkirgen
937 1722 1046 1796 dieitur,
1067 1719 1146 1796 quod

103 1811 133 1868 iu
155 1809 301 1869 Bonnensi
323 1810 439 1870 civitate
460 1811 545 1868 situm
568 1816 627 1885 est,
654 1808 812 1868 Abbatissa
839 1809 982 1885 quaedam
1009 1809 1063 1867 luit
1089 1797 1145 1869 no-

104 1897 181 1956 mine
202 1892 424 1975 Irnsentrudis2).
465 1895 538 1957 'Erat
560 1898 635 1955 enim
663 1897 744 1971 virgo
774 1911 908 1971 corpore,
934 1897 1056 1956 amatrix
1083 1898 1151 1957 imo

90 1985 134 2050 ,in
150 1982 236 2043 domo
258 1982 360 2044 eadem
374 1984 530 2058 reparatrix
543 1981 717 2058 disciplinae,
739 1988 768 2042 et
788 1986 875 2042 totius
887 1997 988 2042 norma
1008 1985 1143 2042 iustitiae.

104 2069 179 2128 Cum
201 2087 271 2130 vero
292 2071 430 2128 moritura
452 2076 542 2144 esset,
570 2071 735 2145 passionem
756 2069 873 2128 Domini
901 2085 998 2128 eoram
1026 2085 1058 2130 se
1086 2069 1143 2146 legi

103 2155 244 2233 laoisbat3
273 2162 389 2217 etcum
411 2161 529 2216 ventum
550 2156 650 2216 luisset
671 2155 709 2216 ad
729 2156 825 2217 looum
846 2155 940 2215 illum.
967 2155 1006 2214 Iu
1034 2173 1143 2220 maara

105 2249 175 2304 tuus
196 2243 367 2310 commendo
389 2245 526 2318 spirituus
555 2239 700 2319 aueum),
731 2260 767 2303 ex
795 2243 886 2302 multa
913 2244 1020 2319 pietate
1049 2241 1142 2302 cordis

103 2328 177 2390 haec
197 2331 290 2389 verba
310 2345 385 2405 quae
398 2332 423 2388 ei
437 2329 537 2388 ultima
557 2330 672 2389 luerunt
693 2327 782 2390 dixit:
801 2327 826 2390 Ο
848 2331 1042 2396 amantissime
1063 2331 1142 2388 viro·

102 2433 177 2476 rum.
219 2416 381 2493 Statimque
402 2419 565 2493 agonizans,
588 2434 654 2476 aum
667 2416 780 2476 Christo
802 2411 890 2496 et⁴l
882 2435 910 2474 sn
932 2433 1034 2476 manus
1058 2415 1150 2475 Chri·'

102 2504 140 2564 sti
149 2500 169 2583 ⁶)
191 2505 319 2580 spirltum
341 2505 442 2564 emisit.
485 2503 569 2580 Quae
592 2521 658 2564 eum
679 2510 887 2579 postmortem
908 2502 1142 2564 beataeAeueli·

102 2607 158 2650 nae
180 2592 368 2667 apparuisset,
391 2597 420 2650 et
440 2589 489 2652 illa
511 2590 546 2650 de
569 2597 647 2651 statu
670 2593 731 2650 eius
753 2593 958 2666 sciscitaretur,
982 2583 1142 2666 respondit}

102 2677 207 2738 Statim
228 2680 257 2737 in
279 2679 343 2754 ipsa
363 2676 435 2737 hora
457 2678 572 2755 quando
595 2680 691 2738 anima
712 2695 779 2738 mea
800 2693 915 2755 egressa
937 2683 982 2738 est
1010 2676 1047 2738 do
1076 2695 1142 2738 eor-

104 2781 184 2842 pore,
206 2763 259 2824 luit
281 2771 347 2824 aute
368 2763 474 2824 Deum.
517 2767 554 2824 Et
576 2765 639 2824 illa:
669 2765 766 2841 Quare
795 2782 875 2824 soror
903 2781 961 2825 non
983 2767 1142 2840 apparuisti

101 2851 172 2910 mihi
193 2868 244 2927 per
266 2850 321 2910 hos
349 2853 466 2928 triginta
494 2851 577 2911 dies?
627 2851 788 2928 Respondit
808 2851 983 2911 Abbatissa:
1011 2851 1074 2928 Ego
1102 2851 1142 2910 lui

101 2937 258 3013 ingloria,
287 2944 316 2998 et
337 2943 368 2996 tu
392 2940 466 2997 eirea
486 2937 621 3013 reliquias
646 2945 809 2998 sanctarum
838 2940 980 3015 virginum
1007 2938 1141 2999 undecim

101 3024 223 3084 millium
246 3032 564 3100 erasoooupata,11eo
587 3032 615 3084 te
637 3025 716 3085 volui
737 3025 883 3101 impedire.
925 3024 1020 3084 Huius
1042 3023 1142 3100 sepul-

101 3119 168 3173 tura
190 3111 303 3171 cuidam
325 3114 414 3170 sorori
436 3111 483 3169 diu
505 3118 662 3188 antequam
682 3111 841 3172 Abbatissa
862 3111 1034 3186 efficeretur,
1054 3129 1142 3187 prae·

102 3205 220 3259 ostensa
242 3206 294 3258 ost
336 3197 382 3257 De
405 3197 461 3256 alia
483 3197 623 3273 siquidem
646 3198 731 3258 domo
753 3205 894 3291 propter
890 3217 973 3258 suam
999 3198 1141 3276 religiosi·

101 3291 192 3345 tatem
216 3285 254 3344 ab
277 3283 420 3361 Episcopo
443 3283 575 3361 Philippo
605 3291 753 3360 assumpta
780 3269 902 3361 luerat,
916 3291 1033 3361 eratque
1061 3302 1142 3346 soror

103 3371 231 3432 Caesarii
251 3372 387 3432 monaehi
408 3375 497 3430 nostri
520 3372 665 3448 quondam
686 3372 812 3432 Abbatis
833 3373 1019 3432 Prumiensis
1083 3379 1086 3386 ⁴

121 3485 192 3557 l)E
216 3488 383 3550 lexiviam
409 3488 428 3538 l)
456 3487 605 3550 lixivam
632 3488 650 3540 P
678 3487 836 3542 loetidurn
868 3498 969 3556 atque
995 3486 1141 3538 bulliens

171 3557 318 3622 hrivum,
336 3555 1018 3626 CFfoetidamaquamatquebullientem.
1050 3555 1140 3608 llomil.
1222 3576 1227 3581 ·

170 3625 238 3679 ined
268 3627 391 3710 „Quando
416 3629 498 3693 capita
521 3636 607 3678 nostra
631 3627 758 3693 lavamus,
782 3631 803 3678 si
821 3627 903 3680 laxiva
924 3627 1002 3677 luerit
1024 3625 1092 3687 bona
1114 3635 1141 3677 et

170 3713 271 3765 aspera,
287 3699 358 3764 ipsae
376 3696 463 3748 sordes
481 3696 616 3764 pulvereae
634 3699 705 3766 quasi
716 3697 887 3749 incenderem
905 3699 970 3748 nivis
982 3703 1122 3748 vertuntur.
1124 3693 1141 3726 “

173 3765 655 3830 -2)AEPlrmendrudis.-
623 3767 848 3835 -.‚3)Lue23
874 3768 968 3869 lo.-
987 3765 1139 3833 ‹lJetom

173 3834 319 3890 CDEF.-
340 3831 542 3907 5)cPasris.
636 3860 638 3870 =
