2654 4308
370 219 424 280 DE
446 219 630 282 DIVERSIS
652 219 889 284 VISIONIBUS.
1105 223 1144 281 81

111 340 285 404 NACHUS:
318 340 399 418 Quae
431 341 464 401 fit
489 359 541 418 per
566 345 705 420 imagines
734 345 795 404 sine
817 344 998 420 corporibus,
1030 351 1063 404 at
1089 343 1152 406 fieri

112 428 184 488 solet
214 431 243 488 in
266 431 356 488 extasi
388 435 416 488 et
448 432 478 487 in
505 432 620 488 somnis.
663 430 724 490 Sub
747 431 802 490 hac
825 429 1100 506 comprehendamus
1123 439 1151 491 et
1206 429 1209 432 ’

111 517 248 576 visionem
269 515 505 590 intellectualem,
532 516 600 576 licet
632 517 754 575 multum
776 518 814 576 ab
837 534 871 576 ea
893 516 1011 576 differat.
1055 518 1152 594 Quam

111 602 227 678 quidam
249 601 346 661 dieunt
368 619 431 662 esse
453 602 600 679 triplicem,
621 605 839 680 aenigmaticam
862 603 969 664 scilicet
986 619 1074 680 quam
1095 605 1151 665 ha-

110 689 178 749 bent
197 693 329 763 viatores,
349 692 573 765 praesentariam
595 707 654 764 qua
675 696 793 749 utuntur
816 693 893 750 eires
906 686 931 769 ¹),
953 697 982 750 et
1003 691 1151 751 mediasti-

109 793 176 836 nam
198 793 287 852 quam
300 775 570 836 habueruntAdam
584 783 613 835 et
626 776 691 836 Eva
712 779 741 835 in
762 777 918 852 paradiso„
948 775 1150 839 NOVICIUS:

110 861 185 938 Quid
208 868 252 923 est
265 865 337 922 visio
351 861 571 922 intellectualis?
603 862 838 924 MONACHUS:
867 863 949 923 Viaio
970 863 1150 926 intellectua-

109 947 142 1008 lis
163 951 223 1010 sive
244 948 375 1034 mentalis
398 955 449 1024 est,
472 949 586 1024 quando
607 967 662 1009 nec
682 967 801 1026 corpora
822 968 876 1010 nee
893 951 1032 1027 imagines
1056 968 1152 1012 rerum

81 1031 85 1040 ’
110 1035 250 1111 videntur,
271 1034 323 1094 sed
343 1038 372 1094 in
386 1037 557 1111 incorporeis
572 1037 739 1096 substantiis
753 1040 870 1096 intuitus
888 1039 991 1096 mentis
1012 1039 1084 1096 mira
1095 1038 1152 1098 Dei

108 1121 202 1199 figitur
237 1125 374 1199 potentia.
427 1122 474 1180 In¹
492 1139 625 1198 supremo
657 1123 750 1200 gradu
777 1123 861 1183 huius
896 1123 991 1184 scalae
1022 1124 1151 1184 locemus

110 1209 268 1286 Christum,
298 1211 346 1284 qui
367 1209 448 1268 Deus
471 1215 515 1270 est
537 1216 566 1268 et
586 1209 689 1285 homo,
719 1217 856 1286 caputet
884 1213 964 1287 origo
986 1218 1151 1271 sanctormn

109 1295 251 1372 omnbrm3
274 1298 302 1354 in
325 1295 451 1355 secundo
473 1296 564 1373 gradu
585 1296 793 1372 descendendo,
815 1297 943 1358 ordinem
957 1296 1150 1375 Angelorum

108 1385 135 1440 in
158 1386 241 1443 tertio
263 1382 355 1460 gradu
377 1383 504 1441 ordinem
524 1383 756 1443 Patriareharum
778 1384 1100 1461 atqueProphetarum;
1121 1390 1151 1443 in

109 1469 208 1544 quarto
232 1469 324 1546 gradu
347 1468 473 1528 ordinem
496 1467 716 1546 Apostolorum3
738 1473 767 1530 in
791 1475 889 1546 quinto
908 1471 1000 1547 gradu
1023 1472 1152 1532 ordinem

108 1557 286 1634 Martyrum
314 1559 342 1614 in
365 1562 445 1615 sexto
467 1556 559 1632 gradu
581 1557 709 1616 ordinem
732 1556 950 1634 Confessorum3
975 1561 1007 1616 in
1029 1563 1150 1635 septimo

109 1643 197 1720 gradu
214 1643 343 1702 ordinem
353 1642 513 1718 Virginum,
534 1643 694 1703 Viduarum
706 1644 973 1721 etGontinentium3
995 1647 1025 1704 in
1046 1653 1150 1706 octavo

109 1730 199 1806 gradu
228 1732 367 1789 visionem
395 1729 586 1805 quammlibet
618 1748 712 1789 rerum
741 1732 911 1791 miraculose
943 1735 1151 1808 apparentium.

110 1815 311 1876 NOVICIUS:
345 1815 429 1892 Quali
456 1814 543 1875 modo
572 1819 632 1876 sive
661 1820 691 1877 in
721 1816 853 1892 qualibus
885 1818 981 1877 formis
1011 1818 1151 1880 coelestes

110 1905 240 1978 spiritus,
261 1909 357 1963 utrum
380 1905 436 1962 sint
457 1903 551 1980 angeli
572 1921 624 1962 seu
646 1903 776 1979 humani,
805 1905 973 1964 mortalibus
995 1922 1026 1965 se
1048 1907 1151 1965 viden·
1229 1983 1231 1986 Ι

110 1990 161 2050 dos
168 1988 189 2071 ²)
205 1990 367 2064 exhibeant,
389 1991 481 2066 magis
500 1989 637 2066 exemplis
654 2007 739 2065 quam
755 1994 901 2050 sententiis
919 1993 990 2051 scire
1013 1991 1152 2068 desidero,

109 2080 268 2152 praemissa
296 2083 393 2136 tamen
422 2079 500 2152 prius
521 2079 630 2136 risione
652 2077 709 2138 Dei
731 2095 766 2137 co
788 2076 945 2138 Salvatoris
967 2081 1056 2138 nostri
1076 2079 1150 2140 Jesu

111 2163 223 2224 Christi.
277 2162 512 2223 MONACHUS:
549 2164 658 2223 Invoca
690 2181 802 2224 meeum
835 2164 981 2240 Spiritum·
1004 2173 1150 2241 sanatum,

110 2254 157 2327 qui
179 2251 218 2310 ab
242 2252 304 2325 ipso
326 2250 463 2326 procedit,
486 2249 521 2309 de
544 2253 624 2310 cuius
646 2253 733 2310 etiam
756 2255 932 2327 apparitione
954 2253 1076 2312 mirabili
1095 2253 1150 2313 ali-

110 2337 178 2412 quid
200 2336 295 2397 dioere
323 2353 468 2413 propono,
500 2343 532 2396 ut
560 2338 616 2397 hoo
645 2337 723 2413 quod
744 2338 889 2415 postulas,
922 2338 1006 2416 digne
1038 2340 1150 2408 valeam

109 2424 276 2501 adimplere.
329 2424 411 2484 Licet
437 2423 559 2484 indivisa
586 2427 643 2484 sint
672 2442 759 2500 opera
787 2431 904 2485 sanctae
933 2426 1093 2501 Trinitatis,
1122 2436 1161 2490 et,

109 2511 188 2570 Patri
209 2510 313 2585 Filius,
345 2517 432 2583 atque
454 2513 567 2587 utrique
589 2511 710 2587 Spiritus
731 2519 848 2572 sanetus
866 2511 1002 2578 ‚credatur
1024 2515 1151 2574 consub-

109 2598 259 2672 stantialis,
280 2615 428 2673 nunquam
448 2604 545 2658 tamen
566 2600 596 2657 in
618 2599 748 2658 subiecta
769 2607 900 2659 creatura
917 2600 1005 2660 Pater
1021 2601 1151 2661 mortali·

110 2685 164 2745 bus
187 2686 355 2760 apparuisse
376 2687 522 2759 reperitur,
536 2685 622 2761 ,quod
644 2685 680 2744 de
701 2685 774 2746 Filio
797 2693 826 2745 at
846 2686 954 2763 Spiritu
974 2695 1073 2748 saneto
1096 2688 1152 2748 dici
1201 2741 1207 2746 .
1235 2739 1237 2744 .

109 2788 166 2830 non
188 2776 293 2848 potest.
335 2771 418 2829 Duas
441 2772 581 2847 siquidem
601 2775 632 2830 in
654 2772 759 2832 Christi
779 2789 903 2848 persona
934 2781 1050 2834 naturas
1079 2793 1151 2835 eon-

109 2858 240 2930 litamur,
255 2857 387 2916 divinam
410 2864 443 2917 et
458 2857 623 2918 humanam.
665 2859 831 2918 Secundum
850 2860 942 2935 illam,
971 2862 1065 2920 lucem
1093 2863 1150 2920 ba·

111 2944 186 3004 bitot
207 2943 440 3018 inaccessibilem
461 2948 494 3004 ia
512 2965 574 3021 qua
594 2963 686 3004 aeaco
704 2965 772 3004 eum
792 2947 866 3006 cidit
886 2945 1062 3024 uuquam³).
1095 2947 1151 3008 Se·
1217 2982 1221 2989 ·

110 3031 237 3091 cundum
259 3032 357 3105 istam,
385 3030 540 3091 humanam
561 3033 683 3107 scilieet,
703 3035 733 3091 in
753 3035 833 3092 terris
854 3037 934 3092 visus
956 3040 1012 3110 est,
1035 3041 1151 3094 etcum

109 3118 277 3178 hominibus
291 3126 475 3178 conversatus
490 3127 542 3178 est
573 3121 662 3180 Visus
685 3126 729 3179 est
750 3122 825 3178 enim
846 3115 912 3181 ante
929 3119 1023 3198 legem
1046 3127 1075 3182 et
1096 3123 1150 3182 sub
1214 3149 1221 3174 ·
1250 3123 1259 3133 '

108 3205 173 3282 lege
196 3223 215 3264 a
236 3204 381 3280 patribus,
413 3205 464 3265 sed
491 3208 520 3264 in
542 3206 639 3282 aliqua
665 3207 795 3266 subiecta
823 3215 967 3284 ereatura,
1000 3211 1078 3268 visus
1108 3220 1152 3269 est

109 3298 242 3368 tempore
264 3293 372 3367 gratiae
392 3294 422 3350 in
443 3282 570 3354 humana
590 3298 702 3352 natura.
745 3293 783 3351 Et
814 3292 880 3353 lieet
909 3294 997 3354 semel
1025 3313 1060 3354 ex
1081 3296 1151 3354 Vir-

109 3380 176 3456 gine
199 3380 357 3453 situatas,
378 3381 499 3438 nutritus
521 3397 556 3439 ac
577 3379 715 3455 lactatus,
736 3379 825 3439 semel
847 3399 865 3440 a
886 3381 981 3458 Magis
1002 3381 1151 3459 adoratus,

110 3455 180 3525 etin
196 3464 303 3540 templo
316 3466 522 3542 praesentatus,
538 3483 651 3542 passus,
668 3473 697 3525 et
708 3485 727 3526 a
738 3470 856 3526 mortuis
871 3471 1032 3543 suscitatus,
1047 3486 1151 3529 ascen-

114 3551 246 3627 deritque
268 3553 296 3612 in
320 3552 441 3628 coelum,
461 3559 587 3613 attamen
605 3571 697 3629 usque
719 3553 756 3613 ad
779 3553 854 3614 diem
875 3555 970 3616 iudicii
988 3555 1089 3616 eadem
1101 3575 1152 3616 sa-

130 3721 162 3791 1)
179 3721 250 3773 cives
262 3687 358 3789 petriad
367 3722 492 3775 coelestis.
504 3753 534 3763 -
554 3724 586 3792 2)
605 3723 765 3777 videndos
782 3739 823 3777 orn
833 3725 887 3791 1303
906 3725 950 3779 AD
968 3724 1152 3779 videndum.

184 3820 217 3830 -
236 3790 268 3859 3)
285 3791 346 3844 Tim.
366 3793 391 3856 l,
409 3796 434 3858 6,
453 3795 493 3847 16.
511 3792 599 3857 Ιοὴαιιζ
619 3793 638 3859 l,
656 3797 681 3859 d,
701 3795 741 3850 12.
838 3867 892 3942 μ
