2594 4302
351 319 408 378 DE
431 316 615 381 CORPORE
638 317 812 380 unumst.
1050 317 1113 378 215

71 439 179 500 Dicam
199 439 253 500 tibi
274 439 304 500 in
332 439 389 500 fine
417 458 495 501 nunc
510 436 528 520 ¹)
555 440 641 500 huius
670 439 857 500 distinctionis
887 444 1028 515 quantum
1048 416 1119 499 Deo·

70 525 200 604 placeat,
229 529 253 586 si
274 527 381 587 munde
403 535 433 588 et
459 527 580 589 sollicite
607 527 694 604 fiant,
723 544 798 604 quac
824 531 904 587 tauto
934 531 1121 588 sacramento·
1155 549 1157 554 ·

70 614 177 676 luerint
195 616 366 674 neccssaria

421 803 654 865 GAPlTULUM
673 803 770 864 LXV.

93 925 142 984 De
162 926 259 984 hostia
281 943 359 1002 quoe
390 928 422 984 in
444 925 527 984 Belle
548 926 584 984 dc
605 927 755 1002 corporali
774 925 903 998 resilivit,
926 923 963 984 ob
984 927 1093 984 ommi·

399 1013 500 1071 caelum
521 1014 554 1071 in
576 1031 611 1071 eo
633 1013 792 1092 decoctum.
877 1082 878 1090 χ

138 1130 222 1192 Circa
248 1131 310 1191 -hoc
339 1133 485 1196 biennium
513 1135 593 1194 iuxta
616 1133 765 1195 Coloniam
792 1135 822 1192 in
849 1132 918 1194 villa
939 1149 1015 1209 quae
1035 1131 1117 1193 Belle

71 1225 208 1293 vocatur,
236 1226 350 1296 gestum
380 1227 423 1279 est
451 1220 529 1296 quod
551 1220 625 1280 dico.
667 1221 724 1282 Dic
747 1221 873 1299 quadam
895 1238 961 1281 cum
982 1219 1117 1280 sacerdos

72 1301 218 1385 missam²)
242 1305 410 1382 celebraret,
439 1314 468 1366 et
490 1307 565 1367 dicto
594 1307 755 1384 Evangelio
783 1315 815 1367 ut
836 1307 1033 1368 saecularibus
1054 1323 1118 1366 mos

73 1401 133 1469 est,
162 1395 340 1452 ministrante
362 1393 492 1454 scholare
514 1395 637 1454 hostiam
658 1403 781 1470 patenae
803 1397 1011 1472 superpositam
1032 1411 1119 1470 super

73 1479 221 1556 corporale
250 1479 389 1555 locasset,
417 1481 466 1540 illa
496 1499 563 1541 mox
590 1482 717 1541 resilivit.
760 1482 870 1542 Putans
898 1482 954 1541 hoc
983 1481 1119 1541 sacerdos

74 1584 145 1627 casu
174 1565 326 1640 accidisse,
354 1585 449 1642 neque
477 1568 600 1628 hostiam
622 1570 696 1629 bene
717 1569 858 1644 locatam,
880 1567 975 1629 denuo
997 1567 1120 1628 eandem

75 1656 269 1728 superposuit,
299 1670 374 1729 quae
402 1657 538 1714 remotius
567 1671 602 1714 eo
630 1659 758 1716 intuente
786 1655 903 1716 resilivit
923 1673 1011 1732 quam
1031 1656 1119 1733 prius.

75 1740 207 1814 Cumque
228 1743 311 1800 tertio
334 1740 363 1798 id
385 1746 539 1816 tentasset,
572 1745 654 1818 quasi
682 1744 795 1802 turbine
824 1743 967 1819 impulsa,
992 1744 1120 1819 proiecta

75 1834 119 1891 est
134 1827 170 1886 de
184 1827 275 1886 altari.
304 1827 369 1904 Quo
393 1831 455 1888 viso
477 1831 592 1889 territus
614 1836 658 1888 est
679 1830 775 1904 valde,
794 1836 823 1890 et
844 1848 876 1890 so
897 1836 976 1890 tanto
990 1831 1120 1890 ministe-

74 1917 116 1974 rio
144 1913 292 1990 indignum
321 1922 471 1991 reputans,
506 1919 653 1993 praecepit
674 1917 812 1992 scholari,
841 1924 874 1977 ut
895 1915 997 1977 eadem
1025 1915 1123 1976 hostia

74 2008 234 2075 reservata,
264 2002 350 2060 aliam
379 2010 597 2078 superponeret,
626 2021 713 2079 quam
741 2010 770 2063 et
799 2006 985 2068 consecravit.
1032 2003 1122 2063 Dicta

75 2105 145 2148 vero
167 2091 255 2148 missa
276 2088 378 2149 tollens
400 2106 503 2162 secum,
520 2090 643 2150 hostiam
665 2090 858 2166 praedictam,
880 2090 1030 2150 Coloniam
1050 2108 1121 2167 pro·

76 2175 195 2252 paravit,
216 2177 422 2252 inveniensque
443 2176 557 2239 Priores
579 2177 658 2253 apud
679 2182 794 2238 sanctos
809 2177 975 2254 Apostolos,
997 2178 1122 2238 hostiam

78 2264 118 2322 eis
140 2262 278 2339 ostendit-3
301 2263 370 2339 quid
392 2263 428 2324 de
450 2281 486 2323 ea
506 2271 603 2324 actum
625 2267 661 2322 sit
681 2267 821 2325 recitavit.
864 2264 982 2346 Cunctis
1004 2282 1124 2325 causam

17 2420 23 2436 ·
76 2350 261 2423 mirantibus,
292 2367 368 2410 unus
400 2350 566 2412 clericorum
599 2351 723 2411 hostiam
757 2358 859 2412 contra
885 2350 980 2412 lucem
1007 2352 1123 2428 levans,

76 2436 221 2496 maculam
252 2440 281 2496 in
298 2441 349 2498 'ea
381 2438 591 2516 contemplatus
624 2444 677 2498 est
727 2438 821 2515 Quam
851 2457 917 2499 cum
945 2441 975 2497 in
1003 2445 1124 2516 aspectu

76 2523 232 2584 multorum
253 2524 399 2600 fregisset,
432 2542 534 2603 cymcx
564 2528 613 2601 qui
641 2525 730 2602 vulgo
759 2525 908 2602 pediculos
937 2521 1124 2604 parietinus³)

77 2612 195 2686 dicitur,
224 2615 357 2688 apparuit
383 2615 412 2671 in
442 2631 477 2672 ea
498 2613 643 2674 decoctus.
686 2613 724 2672 Et
744 2613 976 2690 glorificaverunt
995 2613 1092 2673 Deum
1100 2609 1123 2692 ⁴)
1210 2627 1222 2638 ‘
1283 2605 1284 2698 J

77 2715 179 2760 omnes
212 2700 261 2772 qui
293 2698 420 2758 aderant.
469 2699 558 2759 Haud
586 2700 705 2760 dubium
735 2703 804 2776 quin
833 2718 852 2760 a
880 2703 986 2761 sanctis
1015 2700 1124 2778 angelis

78 2788 186 2844 reiecta
208 2786 259 2858 sit,
288 2787 414 2859 quinon
437 2794 504 2846 sunt
524 2791 617 2863 passi,
650 2794 683 2846 ut
703 2790 785 2864 panis
807 2794 867 2846 tam
886 2787 994 2848 foetido
1016 2789 1124 2848 vermi·

80 2870 145 2931 culo
169 2878 334 2945 corruptus,
359 2890 411 2947 per
431 2875 617 2933 ministerium
638 2874 794 2934 sacerdotis
816 2877 948 2946 transiret
968 2877 998 2933 in
1020 2891 1124 2950 corpus

14 3005 16 3012 ,
79 2957 198 3016 Domini
220 2959 277 3032 sui,
315 2957 489 3018 Hellanicus
510 2960 593 3020 Prior
613 2959 722 3021 Montis
743 2967 861 3022 sanctae
882 2961 1050 3038 Walburgis
1078 2968 1125 3020 te-

80 3049 174 3104 statur
195 3058 226 3102 se
249 3043 369 3102 eandem
382 3045 506 3105 hostiam
528 3047 643 3106 vidisse.
686 3047 827 3108 Sacerdos
849 3048 945 3109 adhuc
966 3051 1053 3125 vivit,
1076 3049 1125 3124 qni

80 3130 152 3190 mihi
178 3131 271 3188 minus
295 3130 398 3207 credit,
424 3134 581 3210 interroget
601 3133 690 3193 illum.
733 3134 823 3195 Vides
845 3143 954 3211 quanta
974 3138 1011 3195 sit
1030 3134 1125 3213 negli-

80 3219 179 3297 gentia
210 3217 393 3277 sacerdotnm
421 3219 603 3279 nostrorum?
654 3219 731 3280 Olim
758 3222 923 3283 sacerdotes
950 3222 1059 3300 legales
1087 3223 1126 3283 ad

80 3322 173 3383 panes
184 3306 386 3380 propositionis
406 3323 490 3383 agros
511 3309 567 3383 ipsi
589 3307 774 3384 excolebant,
798 3312 987 3385 seminabant,
1008 3313 1126 3370 tritura·
1172 3309 1178 3324 “

81 3395 166 3468 bant,
188 3392 350 3468 molebant,
370 3394 536 3470 pinsebant,
568 3411 659 3470 panes
688 3394 858 3472 formabant,
891 3403 920 3457 et
954 3398 1126 3473 coquebant

80 3481 230 3555 Erantque
253 3478 289 3538 de
310 3479 442 3560 simula⁵)
466 3481 662 3540 mundissima.
704 3481 843 3543 Attamen
870 3485 901 3543 in
927 3483 983 3543 illis
1003 3486 1127 3560 panibus

81 3567 145 3629 sola
159 3574 221 3628 erat
231 3566 331 3642 figura
360 3567 429 3628 Heu
442 3567 528 3628 modo
543 3585 633 3644 panes
647 3569 700 3628 sub
724 3570 828 3645 quibus
850 3578 894 3630 est
913 3574 1028 3647 veritas,
1038 3571 1069 3630 id
1083 3580 1128 3633 est

83 3673 188 3732 corpus
204 3654 310 3714 Christi
331 3662 398 3732 post
419 3657 673 3732 consecrationem,
691 3654 777 3717 modo
799 3659 924 3734 pinsum,
944 3657 1077 3734 formant,
1098 3665 1128 3720 et

101 3822 133 3890 1)
150 3821 195 3875 BC
213 3839 294 3876 nunc
312 3826 344 3876 in
362 3823 440 3876 line.
459 3855 491 3864 -
511 3824 543 3892 2)
561 3822 583 3877 Β
602 3826 727 3878 missam
745 3824 871 3877 ibidem.
892 3855 922 3866 -·
942 3827 974 3895 3)
990 3825 1018 3879 A
1035 3838 1127 3893 parc·

153 3893 250 3944 tinus.
270 3923 303 3932 -
321 3894 354 3961 4)
372 3889 416 3947 ΒΡ
434 3894 608 3948 Dominum.
628 3925 659 3935 -
679 3897 711 3964 5)
729 3895 750 3948 C
768 3895 885 3948 simila.
