2642 4330
158 291 220 349 aaa
480 288 709 350 omrmcno
731 287 884 366 ounrra

468 444 702 507 cAPITuLUM
720 446 846 507 XLVII.
853 441 883 525 ⁴⁶)

496 569 544 628 De
564 569 713 628 Bactrada
733 570 857 628 inclusa.

222 703 314 765 Juxta
334 713 458 766 castrum
470 705 708 782 Volmuntsteine‚
730 707 809 783 quod
823 709 908 766 situm
930 711 975 766 est
993 706 1024 764 in
1038 701 1199 776 westfalia,

158 792 302 868 quaedam
334 793 446 854 habitat
479 795 604 870 inclusa,
631 795 777 854 Beruadis
805 796 933 868 nomine,
964 791 1069 851 femina
1097 795 1200 850 sancta

159 885 188 940 et
208 877 355 956 religiosa,
388 886 417 940 et
448 888 563 956 propter
590 882 780 942 revelationes
800 881 870 956 Dei,
902 880 1007 955 quibus
1026 877 1199 949 illustratur,

158 967 315 1026 notissima.
366 966 449 1042 Haec
477 967 568 1029 multo
597 975 741 1044 tempore,
772 965 840 1043 quia
868 970 961 1026 miuus
991 967 1199 1040 circumspecta

157 1053 219 1128 tuit,
240 1055 314 1112 sicut
334 1054 440 1130 audivi,
460 1071 513 1130 pro
528 1055 629 1132 angelo
651 1055 723 1115 lucis
745 1055 880 1131 angelum
895 1053 1079 1113 tenebrarum
1094 1066 1197 1109 susce-

157 1142 209 1218 pit
251 1139 371 1218 Solebat
393 1144 468 1201 enim
490 1141 621 1201 diabolus
642 1143 823 1218 phantastica
845 1140 1032 1200 circumfusus
1054 1138 1199 1209 claritate,

157 1244 210 1303 per
231 1227 377 1302 quandam
399 1226 518 1288 cellulae
532 1229 686 1290 fenestram
706 1232 811 1288 intrare
833 1227 871 1287 ad
883 1226 971 1301 illam,
992 1227 1088 1285 futura
1107 1240 1196 1299 prae-

157 1313 268 1388 dicere,
302 1320 330 1372 et
359 1313 394 1373 de
422 1317 601 1392 interrogatis
633 1319 782 1375 instruere.
824 1313 874 1374 Ad
901 1331 990 1388 quam
1020 1315 1044 1372 si
1070 1313 1199 1370 venisset

158 1403 223 1476 quis
240 1395 272 1479 ¹),
293 1399 588 1478 volenscognosoerc
610 1409 718 1462 statum
742 1402 863 1462 alieuius
884 1402 968 1459 amici
990 1402 1035 1458 sui
1056 1398 1198 1472 defuncti,
1226 1413 1228 1416 ·

158 1490 219 1548 sive
247 1487 283 1546 de
310 1487 368 1546 alia
396 1505 426 1548 re
448 1489 562 1548 occulta
584 1489 796 1564 certitudinem,
824 1487 874 1546 illa
901 1487 1032 1546 inducias
1052 1501 1145 1560 usque
1164 1486 1198 1542 in

159 1576 314 1634 crastinum
335 1577 452 1649 petivit,
484 1576 618 1652 angelum
646 1594 730 1635 suum
759 1575 914 1648 consuluit,
946 1591 965 1632 a
994 1590 1051 1648 quo
1080 1572 1199 1646 saepius

159 1659 294 1736 decepta,
326 1661 400 1720 falsa
427 1679 479 1737 pro
507 1665 583 1722 veris
613 1663 771 1738 respondit.
816 1660 901 1738 Quod
923 1678 989 1720 cum
1011 1661 1200 1735 comperisset

158 1747 244 1806 irater
265 1747 448 1808 Hermannus
473 1749 600 1808 inclusus
630 1750 665 1809 de
687 1749 859 1825 Arnisberg,
891 1750 971 1807 cuius
999 1749 1029 1806 in
1057 1747 1200 1822 superiori

159 1833 338 1894 distinctione
367 1836 490 1911 capitulo
519 1839 694 1913 octogesimo
716 1840 838 1911 septimo
859 1836 990 1908 memini,
1023 1835 1201 1892 daemonum

159 1923 300 1996 nequitias
321 1940 379 1981 non
400 1925 543 2000 ignorans,
564 1925 622 1982 iam
644 1923 737 1984 dictae
751 1923 878 1982 inclusae
899 1921 1049 1980 mandavit
1068 1922 1098 1978 in
1118 1919 1201 1980 huuc

120 2071 126 2080 ,
159 2008 291 2067 modum:
321 2007 414 2068 Cauta
436 2014 513 2083 esto,
542 2027 639 2085 soror,
667 2012 735 2085 quia
763 2027 849 2085 saepe
879 2007 997 2084 angelus
1019 2007 1144 2067 Satanae
1165 2008 1200 2064 in

161 2095 296 2171 angelum
316 2096 389 2155 lucis
410 2114 442 2160 se
463 2097 684 2172 transfigurans,
713 2097 819 2157 multos
841 2095 966 2169 seducit,
989 2101 1017 2154 et
1037 2096 1105 2153 viris
1126 2111 1201 2153 san-

161 2183 294 2242 ctissimis
322 2199 527 2260 nonnunquam
556 2183 655 2241 illudit
698 2183 746 2243 Sic
775 2200 842 2259 ergo
870 2181 967 2241 iacias.
1011 2180 1131 2240 Crucem
1160 2179 1201 2240 de

162 2285 228 2328 cera
248 2269 401 2330 benedicta
420 2271 576 2344 fenestrae,
604 2287 656 2345 per
678 2288 764 2345 quam
785 2273 890 2328 intrare
913 2271 1075 2343 consuevit,
1097 2268 1201 2342 impri-

160 2372 216 2430 me,
239 2361 268 2414 et
289 2359 313 2415 si
334 2359 441 2416 intrans
461 2357 540 2415 illam
561 2374 619 2420 non
635 2359 775 2432 vitaverit,
797 2356 915 2434 augelus
931 2355 1050 2413 Domini
1072 2361 1129 2429 est;
1152 2354 1200 2412 sin

160 2448 270 2518 auum,
292 2443 412 2520 angelus
434 2445 624 2503 tenebrarum.
668 2444 755 2519 Quod
777 2457 843 2502 cum
864 2443 912 2502 illa
933 2442 1061 2520 iecisset,
1084 2448 1112 2502 et
1133 2440 1202 2500 diae

160 2529 245 2588 bolus
265 2535 404 2589 nocturno
436 2536 565 2606 tempore
587 2549 652 2590 cum
674 2531 757 2590 solito
778 2529 888 2606 fulgore
909 2531 1036 2588 venisset
1056 2527 1095 2587 ad
1115 2527 1202 2588 lene·

161 2622 258 2692 stram,
280 2622 309 2676 et
329 2617 435 2676 lumine
457 2619 585 2677 immisso
599 2635 657 2676 non
671 2620 796 2692 intraret,
818 2619 859 2674 ait
878 2616 999 2675 lemine:
1022 2615 1118 2690 Quare
1139 2631 1203 2674 non

160 2702 270 2762 intras?
300 2704 503 2779 Respondente
532 2703 595 2763 illo:
627 2704 693 2762 Non
721 2721 840 2780 possum
868 2705 988 2777 intrare,
1020 2704 1074 2761 nisi
1103 2718 1203 2762 ceram

161 2789 197 2850 de
218 2792 341 2851 fenestra
361 2787 508 2868 proiiciasj
536 2791 586 2850 illa
607 2791 656 2848 diu
677 2809 708 2850 se
732 2791 882 2865 deceptam
902 2788 1078 2866 intelligens,
1100 2795 1204 2848 contra

161 2895 228 2937 eum
249 2881 334 2956 spuit,
351 2880 384 2938 ‘in
406 2877 593 2938 contumelias
614 2881 714 2953 erupit,
737 2883 765 2938 et
786 2894 823 2936 ne
846 2875 881 2935 de
905 2883 1000 2936 cetero
1022 2874 1091 2934 talia
1111 2891 1202 2950 prae-

160 2971 300 3039 sumeret,
332 2966 385 3024 sub
414 2967 594 3024 invocatione
623 2983 751 3024 summae
773 2964 919 3023 Trinitatis
946 2963 1026 3022 illum
1048 2962 1203 3022 adiuravit.

159 3050 250 3110 Vides
275 3058 352 3110 nunc
381 3052 502 3128 qualiter
521 3051 604 3110 Deus
632 3053 812 3126 omnipotens
841 3057 941 3109 contra
970 3050 1097 3108 diversas
1126 3048 1202 3110 dae-

160 3137 278 3196 monum
299 3139 495 3198 infestationes
536 3138 663 3198 diversas
698 3139 836 3196 creaverit
856 3135 1034 3196 medicinas?
1076 3134 1159 3194 Alios
1182 3153 1204 3196 a

160 3225 243 3283 nobis
266 3228 422 3300 compescit
443 3224 570 3282 antidoto
586 3225 778 3298 confessionis,
801 3224 871 3282 alios
886 3225 981 3283 verbis
990 3219 1011 3304 ²)
1027 3223 1202 3282 Dominioac

159 3313 397 3386 annunciationis,
419 3311 535 3385 scilicet,
557 3310 622 3370 Ave
640 3310 741 3385 Maria,
759 3310 900 3386 quosdam
922 3311 1116 3385 perverbum
1137 3309 1201 3369 Be-

159 3397 291 3473 nedicite,
311 3398 416 3457 multos
438 3416 489 3473 per
503 3400 616 3473 signum
638 3399 739 3456 crucis.
781 3397 828 3456 De
850 3397 895 3456 his
911 3398 1044 3456 omnibus
1067 3395 1202 3471 exempla

158 3486 249 3545 habes
269 3489 299 3543 in
321 3485 522 3560 superioribus.
564 3480 767 3544 NOVICIUS:
792 3483 964 3544 Peccavitne
985 3483 1096 3542 inclusa
1116 3483 1202 3558 haec,

159 3572 294 3649 angelum
315 3571 496 3630 tenebrarum
517 3588 569 3646 pro
584 3571 687 3647 angelo
708 3571 780 3630 lucis
809 3570 972 3646 recipiendo
981 3567 1022 3650 8)ἳ
1065 3568 1201 3630 MONA-

160 3657 278 3720 OHUS:
299 3658 372 3736 Legi
392 3660 422 3718 in
443 3659 590 3734 scriptruis
607 3660 756 3734 maiorum,
778 3657 857 3734 quod
870 3658 957 3718 homo
979 3659 1021 3718 sic
1043 3675 1062 3718 a
1084 3655 1201 3718 diabolo

176 3793 210 3862 *J
226 3791 317 3845 Hamil.
342 3789 383 3844 111.
406 3807 431 3860 p.
456 3791 515 3844 188.
542 3821 572 3832 -
599 3793 630 3862 1)
653 3791 674 3845 Β
698 3791 832 3862 aliquis.
852 3823 881 3831 -
903 3791 935 3862 2)
953 3789 1017 3845 ADP
1039 3789 1146 3844 verbo.
1166 3820 1199 3831 -

229 3862 261 3932 3)
278 3862 299 3916 D
317 3861 544 3931 suscipiendo.
1038 3891 1042 3899 ·
