2642 4330
477 261 531 324 DE
552 261 824 326 DAEMONIBUS.
1105 269 1166 327 297

128 385 224 446 vincte
270 389 365 444 natus.
422 385 502 446 Bene
537 386 617 445 illum
648 388 729 446 novit
743 403 849 446 senex
881 387 1039 448 monachus
1071 395 1167 451 noster

128 468 281 532 conradus
295 467 320 551 ¹),
348 472 396 546 qui
424 473 494 532 mihi
521 464 576 532 iste
603 473 712 548 retulit,
742 479 770 531 et
797 475 846 548 qui
868 472 969 532 codem
990 481 1118 551 tempore
1138 479 1167 536 in

128 557 232 618 eadem
262 560 379 620 civitate
400 559 460 618 luit.
503 559 613 619 Vidcns
634 559 795 635 Episcopus
817 559 886 618 nihil
907 578 938 620 se
961 563 1056 622 verbis
1077 563 1167 640 proli-

126 661 209 720 cere,
240 650 269 704 et
297 663 349 720 per
376 648 520 706 ministros
549 646 655 706 diaboli
681 646 824 722 populum,
847 646 901 706 sibi
926 651 1110 708 commissum
1138 651 1167 709 in

126 730 184 791 lide
202 733 342 807 subverti,
363 733 496 792 clericum
508 732 652 809 quendam
673 731 727 792 sibi
748 739 857 807 notum,
879 737 957 794 etin
978 737 1168 811 nigromantia

126 819 399 894 peritissimum·ad
426 837 457 879 se
478 837 586 879 vocans
608 822 663 878 eit:
690 819 738 878 Sic
761 825 790 878 et
810 822 851 878 sic
871 837 923 896 pcr
944 821 1016 881 tales
1037 822 1167 882 homines

124 911 225 966 actum
255 911 299 964 est
325 908 354 964 in
377 908 490 966 civitate
512 924 585 966 mee.
628 907 711 983 Rogo
733 911 762 966 te
784 913 817 966 ut
836 908 990 984 investiges
1012 926 1030 967 a
1052 909 1166 970 diabolo

124 1009 177 1069 per
190 998 285 1051 artem
306 1000 394 1068 mam,
416 996 465 1068 qui
486 995 550 1067 sint,
572 993 654 1051 unde.
669 995 793 1067 veniant,
814 992 861 1051 vcl
882 1011 940 1068 qua
961 997 1064 1056 virtute
1086 1002 1168 1056 tanta

125 1095 162 1138 ao
182 1075 274 1158 temet)
298 1080 439 1155 stupenda
454 1085 606 1155 operentur
628 1079 772 1138 miracula
814 1078 995 1154 Impossibile
1017 1088 1060 1141 est
1083 1086 1166 1158 enim,

125 1171 160 1224 ut
185 1168 270 1242 signa
293 1167 401 1226 iaciant
429 1170 532 1225 virtute
554 1165 664 1241 divina,
694 1183 814 1241 quorum
844 1165 972 1226 doctrina
995 1169 1060 1228 Deo
1082 1172 1167 1228 nimis

125 1260 171 1312 est
199 1255 351 1312 contraria.
393 1254 516 1312 Dicente
545 1252 662 1312 clerico:
689 1252 828 1326 Domine,
857 1253 905 1316 diu
934 1261 978 1313 cst
1006 1255 1084 1329 quud
1112 1259 1166 1316 arti

124 1339 193 1398 huic
212 1325 420 1420 renunciavi³);
442 1339 588 1415 respondit
608 1339 782 1414 Episcopus:
812 1339 891 1398 Bene
914 1344 1004 1400 cernis
1026 1349 1165 1417 quantum

125 1433 210 1484 arten.
255 1426 312 1485 Vel
340 1428 482 1502 oportebit
508 1443 553 1485 me
582 1423 886 1507 doctissumorum)
916 1433 1089 1504 consentire,
1118 1430 1166 1490 vel

124 1529 145 1571 a
172 1513 282 1588 populo
311 1511 439 1589 lapidari,
481 1514 603 1589 Iniungo
629 1529 696 1588 ergo
719 1513 770 1572 tibi
790 1515 820 1571 in
840 1517 1037 1576 remissionem
1058 1533 1165 1592 pecca-

124 1595 250 1678 torum⁵)
272 1605 402 1674 tuorum,
431 1605 464 1658 ut
483 1598 554 1658 mihi
573 1603 603 1658 in
621 1599 678 1658 hac
696 1607 778 1675 parte
799 1603 975 1675 acquiesces.
1019 1602 1165 1664 Obediens

125 1685 247 1746 clericus
267 1685 427 1761 Episcopo,
449 1686 594 1746 diabolum
615 1690 746 1761 vocavit,
776 1703 894 1746 causam
914 1706 984 1748 suae
1005 1693 1165 1750 vocationis

124 1774 284 1832 sciscitanti
303 1773 462 1848 respondit:
485 1773 616 1832 Poenitet
637 1790 684 1832 me
706 1777 936 1834 recessisscete.
978 1776 1016 1834 Et
1038 1779 1106 1852 quia
1128 1776 1164 1836 de

125 1866 222 1919 cetero
252 1861 344 1935 magis
373 1861 562 1935 obsequiosus
590 1861 642 1918 tibi
671 1877 734 1919 esse
764 1859 910 1935 desidero,
932 1879 1019 1937 quam
1046 1863 1163 1939 luerim,

124 1962 194 2022 rogo
208 1951 242 2004 ut
264 1945 342 2005 dices
356 1946 433 2022 mihi,
455 1951 504 2021 qui
518 1949 573 2006 sint
586 1947 716 2006 homines
733 1949 789 2022 isti,
810 1965 883 2023 quae
907 1947 1035 2016 doctrina
1057 1967 1163 2026 eorum,

123 2033 171 2092 vel
193 2035 369 2110 quavirtute
382 2039 462 2092 tanta
476 2039 631 2109 operentur
645 2034 793 2093 mirabilis.
836 2034 995 2109 Respondit
1016 2035 1162 2096 diabolus:

123 2119 184 2179 Mei
212 2125 295 2193 sunt,
319 2127 346 2180 et
374 2137 460 2179 eme
482 2121 568 2194 missi,
590 2127 619 2179 et
641 2123 764 2196 quaein
786 2137 835 2180 cre
855 2121 967 2180 illorum
988 2126 1086 2199 posui,
1114 2123 1164 2184 illa
1186 2159 1189 2164 ·

22 2220 27 2229 “
122 2206 301 2283 praedicant.
357 2206 516 2282 Respondit
551 2207 682 2266 clericus:
717 2206 793 2283 Quid
826 2214 870 2266 est
898 2208 975 2284 quod
1002 2210 1077 2268 laedi
1104 2227 1163 2270 non

122 2299 253 2369 possunt,
274 2308 328 2351 nec
349 2295 378 2350 in
399 2296 481 2367 aquis
503 2296 600 2370 mergi,
629 2311 723 2369 neque
744 2297 810 2370 igne
832 2295 982 2355 comburit
1003 2297 1164 2373 Respondit

121 2383 225 2439 iterum
248 2379 384 2438 daemon:
408 2379 593 2456 Cyrographa
616 2398 690 2455 mea,
710 2383 738 2439 in
761 2383 864 2456 quibus
885 2381 1011 2442 hominia
1032 2383 1103 2442 mihi
1123 2385 1161 2444 ab

124 2468 164 2526 eis
191 2466 279 2541 lacte,
308 2471 375 2525 sunt
395 2469 568 2543 conscripta,
597 2469 651 2526 sub
674 2465 812 2547 ascellis⁵)
835 2470 893 2527 suis
914 2473 987 2528 inter
1007 2471 1111 2546 pellem
1134 2479 1162 2532 et

124 2571 239 2614 carnem
261 2559 384 2612 consuta
406 2560 584 2629 conservant,
606 2571 728 2628 quorum
749 2555 887 2614 beneficio
909 2556 978 2616 talia
1000 2565 1161 2632 operantur,

123 2657 176 2700 nec
198 2639 347 2714 abaliquo
369 2638 444 2699 laedi
464 2647 607 2715 poterunt
650 2641 732 2700 Tunc
755 2642 887 2702 clericus:
917 2642 993 2719 Quid
1014 2647 1038 2702 si
1059 2646 1097 2704 ab
1121 2647 1162 2704 eis

123 2725 312 2806 tollerentur?
339 2726 498 2802 Respondit
525 2725 700 2808 diabolus²):
723 2729 805 2788 Tunc
832 2728 936 2788 infirmi
965 2737 1060 2789 essent
1088 2734 1162 2792 sicut

125 2817 209 2874 ceteri
230 2813 370 2872 homines.
414 2813 543 2872 Audiens
564 2817 619 2874 ista
642 2813 775 2890 clericus,
799 2818 1006 2891 regradabatur
1028 2801 1161 2878 dacmdni

124 2901 238 2960 dicens:
266 2899 356 2959 Modo
378 2900 495 2975 recede,
524 2907 552 2959 et
579 2918 645 2959 cum
674 2908 793 2960 vocotus
817 2902 904 2962 tueris
927 2921 945 2962 a
966 2921 1027 2978 me,
1057 2907 1161 2967 iterum

124 2991 230 3047 venias.
273 2987 418 3047 Reversus
446 2987 484 3046 ud
505 2986 694 3062 Episcopum,
722 2989 795 3052 haec
817 2991 844 3048 ei
864 3007 915 3066 per
937 2989 1065 3050 ordinem
1086 2995 1160 3051 reci-

125 3077 202 3134 tavit.
248 3074 303 3149 Qui
332 3090 438 3149 magno
467 3074 592 3150 repletus
621 3075 741 3150 gaudio,
769 3077 857 3135 totius
880 3079 1000 3136 civitatis
1021 3079 1160 3154 populum

124 3163 151 3220 in
177 3161 276 3220 locum
304 3159 343 3219 ad
371 3159 428 3220 hoc
455 3160 590 3220 idoneum
620 3165 804 3237 convocavit,
833 3163 945 3230 dicens:
971 3165 1034 3242 Ego
1062 3172 1160 3241 pastor

125 3253 218 3307 vester
239 3265 318 3322 sum,
340 3263 394 3306 vos
417 3263 495 3306 oves.
538 3247 570 3306 Si
590 3247 720 3308 homines
740 3251 796 3324 isti,
820 3257 852 3308 ut
873 3250 979 3326 dicitis,
1002 3251 1159 3312 doctrinam

125 3351 205 3392 suam
226 3335 314 3410 signis
344 3333 525 3408 confirmant,
547 3333 614 3394 volo
635 3334 699 3395 illos
720 3337 871 3396 vobiscum
891 3340 1010 3414 imiteri3
1039 3341 1083 3397 sin
1104 3357 1159 3400 au-

96 3477 101 3486 ,
126 3426 190 3496 tem,
211 3421 329 3497 dignum
350 3426 394 3480 est
414 3427 447 3479 ut
467 3421 522 3479 illis
536 3423 650 3496 punitis,
671 3438 724 3482 vos
746 3422 783 3481 ad
805 3422 892 3482 fidem
913 3431 1026 3500 patrum
1047 3433 1159 3486 vestro·

126 3524 186 3566 rum
221 3524 334 3567 mecum
371 3509 548 3582 poenitentes
584 3511 773 3568 revertamini.
829 3511 990 3586 Respondit
1020 3513 1158 3588 populus:

145 3638 175 3707 1)
192 3639 356 3693 conradus
380 3638 430 3690 add
452 3640 507 3703 1303
528 3640 594 3692 conf.
613 3641 636 3705 l,
660 3642 702 3694 st.
720 3643 751 3708 V,
768 3643 792 3694 4.
813 3673 844 3683 -
864 3645 895 3711 2)
914 3653 973 3695 tom
991 3643 1040 3694 add
1058 3644 1109 3696 BR.
1125 3675 1156 3688 ψ

193 3711 224 3778 3)
241 3710 282 3762 sse
300 3709 551 3770 abrenunciavi3
569 3711 635 3763 conl.
645 3711 664 3777 l,
674 3713 716 3764 34.
729 3729 754 3779 p.
768 3712 853 3764 41.-
879 3714 910 3781 4)
929 3712 970 3766 BG
988 3728 1105 3764 eorum.
1125 3743 1156 3753 -

195 3779 301 3846 tuor
319 3780 457 3831 omniurn
476 3789 690 3846 peccatorum.
711 3813 741 3822 -
761 3782 793 3849 6)
811 3782 831 3834 B
849 3783 978 3847 ocellis,
995 3781 1015 3834 G
1032 3782 1156 3834 asellis.

196 3877 224 3888 -
244 3851 275 3918 7)
294 3845 449 3900 diabolus
466 3865 507 3901 om
525 3849 604 3915 ABD3
622 3851 640 3903 Ρ
657 3850 734 3903 habet
752 3850 893 3902 daemon.

821 3923 900 3997 13*

1259 1013 1273 1052 b
