2538 4314
413 277 470 338 un
491 277 755 364 unuslmouu.
1049 283 1107 344 173

80 399 128 458 cius
151 400 311 460 observatio
347 417 407 476 pro
446 400 572 476 quelibet
600 401 792 461 satisfactione
820 402 1019 477 peecatoribus
1047 402 1109 462 sul·

78 484 147 543 ficiat
198 485 415 547 NOVICIUS:
452 487 484 546 Si
511 487 610 564 religio
639 494 736 548 nostra
764 505 815 564 pro
851 491 978 564 peccatis
1005 491 1108 548 nostris

77 578 111 630 est
128 573 288 648 satisfactio,
313 581 346 633 et
371 573 476 633 eadem
490 576 644 644 satisfactio
667 577 788 634 exterior
809 580 853 634 est
873 576 1001 650 tentatio,
1022 592 1108 635 nosse

75 657 168 735 vellem,
180 663 208 718 in
224 662 337 735 quibus
354 667 388 720 et
401 678 420 719 a
434 662 535 736 quibus
549 665 700 720 tentemur.
735 659 972 721 MONAOHUS:
993 661 1029 720 In
1043 664 1108 738 qui-

74 744 117 804 bus
141 753 300 822 tentamur,
317 747 558 808 'innumerabilia
585 754 666 824 suut;
694 765 714 806 a
735 748 839 823 quibus
859 765 928 808 vero
950 755 1107 824 tentamur,

73 838 178 905 quatuor
208 840 295 910 sunt,
331 834 421 892 Deus
454 833 574 909 scilicet,
605 851 686 909 earo,
702 875 703 880 η
718 833 841 894 muudus
875 841 904 894 et
918 831 935 914 ¹)
969 835 1107 896 diabolus.

73 916 143 993 Quod
161 937 179 980 a
199 920 267 979 Deo
292 927 454 994 tentamur,
474 924 554 980 testis
577 927 621 979 est
641 921 768 997 Moyses,
790 923 838 997 qui
860 920 940 980 dicit:
970 922 1108 982 Tcntcvit

71 1005 139 1064 Dece
158 1007 322 1066 Abrabam
336 1005 374 1082 ²).
395 1007 470 1066 Item
490 1007 626 1066 Judaeis:
652 1008 759 1067 Tentat
779 1025 831 1067 coc
853 1009 1003 1066 Dominus
1023 1009 1107 1068 Deus
1130 1017 1132 1024 ⁴

70 1099 157 1166 ceste,
178 1099 208 1152 et
223 1091 366 1174 eetera³).
403 1092 484 1152 Deus
499 1111 578 1168 vero,
600 1093 757 1152 secundum
775 1095 852 1169 quod
871 1093 1030 1170 Apostolus
1050 1093 1107 1156 Ja-

70 1179 145 1238 oobus
163 1179 241 1255 dicit,
263 1185 441 1239 intentator
463 1187 503 1239 eet
524 1177 717 1260 rndmumb.
746 1181 816 1265 Tres
826 1180 932 1240 residui
941 1187 1107 1256 tentatores,

69 1270 123 1322 sunt
141 1265 255 1341 hostes,
287 1273 330 1326 et·
354 1266 423 1325 ideo
451 1273 483 1324 ut
514 1267 613 1327 hostes
642 1267 771 1348 cavendi.
814 1267 1012 1326 dedendo-eis
1035 1285 1105 1328 eon-

68 1350 207 1430 timdimur3
231 1351 404 1412 resistendo
426 1369 582 1428 meremu13
604 1353 745 1413 vincendo
765 1371 942 1413 coronamur.
976 1354 1105 1430 Quantus

67 1438 140 1496 sitin
159 1443 328 1500 tentatione
352 1438 449 1514 labor,
482 1446 606 1516 quantus
627 1443 726 1514 timor,
753 1447 891 1516 quantum
914 1441 1104 1517 dispendium,

68 1531 230 1598 quantumve
253 1528 409 1601 merittun,
429 1529 580 1602 sequentia
602 1525 788 1588 declarabunt
811 1528 949 1608 euempla.

445 1715 677 1778 CAPITULUM
697 1717 737 1777 Π.

320 1839 374 1898 Dc
395 1845 502 1914 septem
526 1841 604 1898 vidis
623 1839 846 1916 principalibus.

119 1975 238 2052 Septem
269 1983 344 2036 sunt
372 1977 443 2036 vitia
469 1976 637 2052 principalia
668 1977 704 2037 de
732 1996 791 2038 una
819 1978 960 2038 virulente
992 1978 1102 2054 radice,

67 2063 188 2136 snperbia
209 2063 336 2138 scilicet,
359 2063 544 2139 pullulantia,
566 2081 602 2122 ex
623 2065 729 2139 quibus
748 2082 822 2140 pene
845 2069 978 2124 universa
998 2081 1102 2140 proce-

67 2145 126 2205 dunt
151 2155 348 2209 tentamenta
408 2149 536 2208 Primum
564 2152 666 2209 vitium
695 2150 845 2227 superbiae
874 2151 1031 2212 succedens
1059 2159 1103 2211 est
1139 2173 1141 2179 ⁸

66 2231 144 2294 branis
164 2236 268 2312 gloria,
292 2235 455 2296 secundum
475 2239 526 2311 ira,
547 2240 662 2296 tertium
680 2237 794 2313 invidia,
815 2245 949 2313 quartum
962 2233 1101 2318 accidie⁵)

66 2319 104 2378 rel
122 2324 246 2399 tristitia,
270 2325 409 2398 quintum
430 2317 559 2398 avaritia,
580 2331 693 2383 sextum
713 2325 782 2400 gula
802 2325 850 2383 vel
865 2327 1058 2402 castrimargia
1068 2307 1112 2400 15),’

66 2409 207 2480 septimum
229 2410 359 2468 luxuria
395 2409 440 2467 Ex
461 2409 506 2467 his
528 2410 669 2484 quaedam
684 2410 840 2486 spiritualia
861 2417 936 2487 sunt,
957 2419 989 2470 ut
1010 2404 1101 2471 inanis

65 2487 157 2571 gloria,
185 2498 246 2572 ira,
282 2495 409 2571 invidia,
440 2496 582 2571 quaedam
604 2497 776 2573 corporalia,
805 2504 837 2556 ut
858 2498 941 2574 gula,
970 2498 1100 2574 luxuria3

66 2581 196 2652 quaedam
217 2585 330 2657 mixta,
359 2588 394 2640 ut
414 2583 539 2658 accidia,
572 2585 700 2643 avaritia.
749 2584 884 2661 Accidia,
910 2587 1101 2660 inquantum
1157 2619 1161 2628 =
1256 2561 1257 2568 ἵ

65 2667 174 2739 pertinet
195 2670 236 2728 ad
261 2668 394 2728 dolorem
415 2669 517 2744 cordis,
538 2672 640 2730 vitium
661 2671 804 2746 spirituale
827 2678 898 2748 est3‘
910 2674 939 2730 in
962 2677 1101 2746 quantum
1191 2709 1200 2734 .
1245 2678 1248 2686 '

66 2751 249 2830 adcorporem
261 2757 400 2830 corporis,
422 2756 569 2831 corporale
580 2764 632 2816 est.
663 2757 782 2833 Septem
794 2761 866 2828 istae
876 2765 980 2833 pestes,
990 2765 1101 2834 septem

66 2845 122 2898 sunt
132 2843 225 2918 rivuli,
249 2842 359 2918 quibus
380 2843 511 2918 irrigatur
532 2849 608 2902 terra
624 2843 759 2920 Aegypti,
780 2844 812 2902 id
833 2851 890 2920 est,
916 2847 1100 2904 tenebrosum

67 2939 108 2982 eor
125 2931 297 3002 peccatoris.
330 2927 370 2986 Et
380 2930 453 2987 sicut
463 2928 553 3004 Nilus,
575 2947 611 2990 ex
625 2934 705 2990 cuius
720 2930 885 2990 dividuntur¹
893 2931 1069 2991 abundantia
1079 2928 1098 3011 ⁷)

66 3018 164 3085 septem
177 3016 275 3090 rivrrli,
296 3015 361 3073 fluit
373 3031 409 3073 ex
430 3015 573 3090 paradiso,
596 3021 625 3075 et
641 3016 785 3076 derivatur
801 3017 1038 3094 perAegpptum,
1058 3010 1109 3076 ita'

66 3092 169 3160 Lucifer
188 3108 312 3178 propter
332 3102 497 3177 superbiam
519 3105 625 3162 eiectus
648 3103 683 3162 de
706 3104 795 3178 coelo,
821 3121 874 3180 per
893 3105 967 3164 haee
989 3111 1099 3181 septem

67 3184 127 3243 vitia
138 3204 168 3246 se
182 3187 319 3246 diffundit
332 3204 385 3263 per
398 3205 447 3247 cor
463 3184 621 3248 humanum
635 3193 761 3265 peccatis
783 3191 950 3250 mortalibus
964 3191 1098 3252 tenebro-

68 3283 129 3330 sum.
159 3273 280 3350 Septem
302 3273 377 3333 haec
391 3277 462 3334 vitia
477 3274 749 3352 designentseptem
769 3276 834 3337 illae
856 3284 956 3354 gentes
973 3281 1098 3337 immun-

70 3353 150 3437 dael),
160 3377 233 3436 quas
243 3361 390 3420 Dominus
401 3379 419 3420 a
432 3361 505 3420 facie
515 3361 605 3421 Israel
615 3363 651 3422 de
666 3371 742 3423 terra
750 3367 944 3438 promissionis
955 3364 1060 3425 delevit
1068 3363 1098 3444 ⁹).

68 3437 251 3522 Designantur
273 3454 304 3507 et
323 3463 376 3524 per
397 3452 507 3524 septem
529 3448 687 3525 daemonia,
710 3468 783 3526 quae
800 3450 933 3510 Salvator
955 3451 990 3511 de
1013 3451 1098 3510 corde

85 3625 111 3695 i]
127 3639 156 3681 et
172 3647 213 3683 om
232 3631 309 3686 Aue.
329 3661 360 3694 ·.·
379 3633 411 3701 2)
429 3634 518 3686 Genea.
537 3634 579 3698 22,
598 3635 621 3687 1.
641 3666 672 3676 -
692 3635 724 3703 3)
742 3635 815 3688 berc.
834 3636 876 3700 13,
894 3638 919 3689 3.
938 3667 969 3677 -
994 3636 1026 3703 4)
1043 3635 1095 3688 Jec.

130 3698 212 3762 1,13.
230 3731 262 3741 -
284 3701 316 3768 5)
334 3701 355 3752 R
373 3702 492 3760 acedia.
512 3733 542 3743 -
571 3703 641 3772 SJR
665 3705 910 3774 gastrimargia.
929 3735 960 3774 ··.
985 3706 1016 3772 7)
1035 3703 1096 3757 cut>

129 3767 332 3822 abundantia
356 3768 560 3836 dividuntur3
593 3789 650 3826 mox
682 3783 805 3842 septem
829 3775 928 3827 rivuli
957 3791 999 3826 om
1022 3773 1096 3826 uec.

128 3867 159 3877 -
177 3840 209 3909 8)
226 3841 269 3895 cit
287 3839 369 3891 illas
382 3851 497 3910 gentes
514 3843 702 3896 immundas.
722 3873 753 3886 -
773 3845 804 3912 9)
822 3845 898 3917 Deut-
913 3845 939 3896 7.
