2642 4330
420 353 423 356 ,
474 281 529 344 ΒΕ
550 282 820 348 DAEMONIBUS.
1040 332 1045 338 -
1103 287 1164 348 321

119 407 230 483 inquit3
253 405 303 466 sed
324 405 460 483 quicquid
480 424 533 483 pro
555 407 687 468 mercede
708 414 760 467 tua
773 407 971 484 postulaveris,
993 407 1059 468 licet
1081 409 1166 468 dimi-

120 495 202 554 dium
225 495 365 555 bonorum
388 511 533 568 meorum,
555 494 647 555 libens
669 495 782 562 badam
803 497 863 554 tibi.
902 495 1056 571 Nunquam
1078 496 1166 556 bomo

120 582 232 641 bomini
253 583 370 641 servivit
391 587 450 640 tam
469 581 590 641 fideliter
613 588 642 640 et
662 587 722 640 tam
743 582 857 642 utiliter.
889 581 946 641 Per
966 575 1046 642 tu'am
1067 585 1166 658 provi-

121 669 249 728 dentiam
270 670 351 727 iuxta
372 668 492 727 fluvium
505 675 626 728 mortem
649 671 736 744 evasi,
756 686 808 744 per
828 676 858 730 te
880 687 952 728 uxor
973 687 1039 728 mea
1059 673 1167 747 recepit

120 758 283 816 sanitatem.
326 755 409 814 Tunc
431 756 566 815 daemon:
588 755 633 814 Ex
652 772 709 832 quo
724 763 820 815 tecum
835 773 898 814 esse
919 773 977 816 non
995 762 1108 832 potero,
1126 757 1166 816 nil

119 860 173 919 pro
202 844 320 902 servitio
349 858 429 916 meo,
458 844 513 902 nisi
541 845 666 918 quinque
699 842 806 902 solidos
833 845 954 918 requiro.
998 844 1077 919 Quos
1098 861 1172 904 cum

119 932 291 1006 recepisset,
319 929 401 987 militi
421 929 485 990 illos
507 929 630 988 reddidit
651 929 763 998 diceps:
795 929 868 988 Peto
890 936 922 988 ut
945 947 979 990 ex
1002 933 1043 990 eis
1065 930 1165 990 nolam

120 1031 285 1093 compares,
314 1022 343 1076 et
365 1023 580 1092 supertectum
608 1020 742 1092 pauperis
763 1017 837 1076 illius
861 1017 999 1076 ecclesiae
1021 1035 1055 1076 ac
1079 1016 1166 1077 deso-

119 1105 197 1165 latae
220 1103 396 1183 spspendas,
427 1109 460 1162 ut
481 1120 533 1180 per
555 1120 619 1162 eam
640 1103 743 1164 saltem
764 1104 923 1162 Dominicis
945 1103 1045 1164 diebus
1066 1103 1166 1164 fideles

118 1191 158 1251 ad
195 1191 325 1268 divinum
355 1197 548 1250 convocentur
577 1189 711 1250 osticium.
768 1191 873 1266 Sicque
906 1191 943 1250 ab
978 1191 1068 1250 oeulis
1104 1193 1165 1251 eius

119 1279 272 1354 disparuit
313 1276 517 1338 NOVICIUS:
542 1277 612 1354 Quis
635 1295 761 1352 uuquam
783 1277 840 1337 tale
862 1277 970 1353 aliquid
993 1278 1028 1337 de
1050 1277 1165 1338 diabolo
1195 1307 1203 1325 ·

119 1363 273 1442 speraret?
315 1363 553 1424 MONACHUSi
575 1364 679 1423 Dicam
693 1366 744 1424 tibi
758 1364 844 1439 aliud,
865 1370 898 1423 ut
919 1367 960 1424 sic
977 1365 1079 1439 dicam,
1101 1365 1166 1424 dia-

119 1451 244 1512 bolicae·
259 1452 396 1512 bonitatis
417 1451 587 1526 exemplum,
608 1452 686 1530 quod
707 1469 766 1510 non
786 1455 880 1510 minus
901 1453 956 1512 isto
978 1454 1097 1512 mireris.

434 1587 668 1651 CAPITULUM
690 1591 856 1651 XXXVII.

119 1715 170 1774 De
192 1713 344 1786 cannono,
367 1717 420 1788 qni
439 1713 649 1773 Bumbordum
664 1715 791 1772 militem
814 1715 967 1773 transtulit
987 1714 1165 1774 Jerusalem

186 1833 298 1894 Eodem
327 1849 403 1892 anno
433 1851 490 1910 quo
512 1833 576 1894 Rex
596 1833 746 1909 Philippus
767 1837 891 1910 primum
917 1834 1045 1899 ascendit
1067 1843 1166 1896 contra

120 1921 261 1983 Ottonem
287 1929 389 1997 postea
409 1921 629 1997 Imperatorem,
662 1921 742 1980 miles
775 1921 890 1996 quidam
912 1921 1050 1981 honestus
1071 1923 1165 1981 Ever-

118 2009 229 2069 bardus
250 2011 381 2083 nomine,
404 2007 439 2068 de
460 2009 529 2068 villa
551 2025 625 2084 quae
644 2007 773 2067 Ambula
794 2015 915 2068 vocatm
935 2015 1034 2085 natus,
1066 2013 1165 2086 gravi-

119 2105 166 2156 ter
193 2095 401 2156 infirmabatur.
444 2096 497 2154 Cui
523 2113 588 2154 cum
616 2102 700 2170 rapta
728 2095 827 2154 fuisset
854 2098 973 2154 materia
998 2098 1028 2153 in
1045 2093 1071 2175 Ι)ι
1084 2114 1165 2157 cere-

119 2186 214 2259 brum,
235 2185 277 2240 ita
300 2185 394 2257 coepit
414 2183 515 2256 furere,
536 2188 569 2241 ut
588 2184 732 2258 propriam
755 2185 907 2258 coniugem
928 2190 994 2240 ante
1015 2183 1164 2244 infirmita-

118 2278 180 2330 tem
208 2269 332 2328 multum
361 2268 493 2328 dilectam
521 2272 550 2327 in
578 2276 690 2328 tantum
721 2269 841 2328 haberet
870 2286 1002 2344 exosam,
1034 2277 1067 2328 ut
1085 2270 1165 2330 illam

118 2373 215 2433 neque
245 2356 341 2415 videre
374 2371 468 2432 neque
490 2357 587 2415 audire
608 2362 727 2430 posset·
757 2355 813 2414 Die
835 2355 960 2430 quadam
983 2357 1113 2436 diabolus
1135 2360 1164 2416 in

118 2445 213 2505 forma
233 2443 357 2502 hominis
380 2443 503 2520 infirmo
516 2460 665 2518 apparens,
686 2445 741 2501 ait:
762 2441 936 2518 Everba'rde,
957 2446 1001 2503 vis
1023 2445 1060 2502 ab
1075 2461 1163 2504 uxore

119 2539 172 2590 tua
193 2529 341 2607 separari?
363 2529 567 2604 Respondentc
588 2530 651 2588 illo:
672 2528 738 2588 Hoc
752 2530 884 2588 omnibus
905 2530 998 2589 modis
1017 2529 1162 2607 desidero,

119 2619 268 2678 subiunxit
301 2616 446 2676 diabolus:
479 2617 542 2690 Ego
571 2621 600 2675 te
628 2619 658 2675 in
687 2634 761 2690 equo
794 2634 858 2676 meo
893 2615 997 2675 ducam
1024 2617 1163 2692 Romam,

119 2707 195 2765 bene
218 2705 410 2764 obtinebimus
438 2721 456 2763 a
476 2703 559 2779 Papa
570 2699 607 2782 ²),
639 2708 672 2760 ut
704 2703 856 2762 divortium
883 2703 971 2762 faciat
990 2706 1063 2762 inter
1084 2712 1112 2764 te
1135 2713 1164 2764 et

119 2791 207 2852 illam.
252 2789 329 2868 Quid
357 2789 461 2865 plural
512 2791 615 2850 Visum
644 2795 688 2848 est
715 2789 796 2847 militi
823 2796 856 2848 ut
874 2795 990 2865 ‘equum
1018 2793 1163 2850 invitantis

120 2878 299 2953 ascenderet,
321 2883 353 2935 ut
366 2877 490 2937 Romam
513 2895 579 2936 cum
600 2877 647 2936 illo
669 2882 736 2951 post
757 2882 869 2953 tergum
892 2880 952 2937 eius
971 2877 1074 2937 sedens
1095 2896 1163 2954 per-

120 2973 215 3043 geret,
246 2963 347 3025 utillo
369 2981 421 3039 pro
444 2981 475 3023 se
497 2963 654 3040 allegante,
683 2963 765 3038 Papa
794 2981 860 3022 eum
889 2965 926 3023 ab
954 2981 1042 3023 uxore
1066 2982 1164 3024 coram

122 3052 322 3113 cardinalibus
343 3051 516 3111 sollemniter
537 3055 695 3126 separaret,
715 3051 873 3130 ipsumque
902 3050 1054 3110 divortium
1074 3051 1163 3111 literis

111 3139 333 3216 ,pontificalibus
347 3145 434 3212 atque
449 3137 566 3196 bullatis
581 3137 768 3196 confirmaret.
796 3137 871 3196 Mira
892 3155 946 3196 res.
967 3136 1016 3196 Ab
1031 3139 1133 3198 eadem
1141 3135 1162 3219 ³)

122 3229 193 3288 bora
215 3244 274 3302 qua
296 3229 337 3284 sic
359 3225 524 3298 mirabiliter
543 3223 646 3282 infirmi
668 3226 782 3298 spiritus
804 3241 822 3284 a
845 3224 958 3284 diabolo
980 3231 1079 3300 raptus
1105 3233 1163 3300 est,

121 3319 162 3375 ita
184 3330 288 3388 corpus
310 3312 424 3371 iacebat
445 3329 605 3388 exsangue,
637 3317 670 3368 ut
698 3315 809 3370 tantum
837 3311 982 3371 modicum
1011 3312 1112 3371 caloris
1134 3315 1163 3371 in

123 3406 182 3480 eius
204 3407 320 3478 pectore
342 3401 500 3474 sentiretur.
536 3399 658 3473 Propter
680 3396 757 3472 quod
778 3415 796 3456 a
817 3398 964 3473 sepultura
985 3397 1088 3458 dilatus
1111 3407 1162 3458 est.

122 3489 230 3563 Milite,
259 3493 291 3544 ut
312 3487 367 3544 sibi
389 3484 554 3560 videbatur,
587 3487 669 3547 nimis
691 3484 834 3560 gaudente
857 3484 969 3544 divortii
989 3503 1091 3562 causa,
1123 3491 1164 3545 ait
1229 3519 1231 3524 ·

92 3631 98 3658 ,
124 3575 268 3636 diabolus:
290 3563 343 3632 Vis
365 3573 450 3632 modo
472 3578 505 3630 ut
526 3573 629 3632 ducam
651 3577 680 3629 tc
696 3570 936 3648 Hierosolymam,
958 3573 1008 3631 ubi
1020 3573 1165 3632 Dominus

123 3671 188 3722 tuus
211 3660 361 3720 cmcifixus
384 3665 526 3735 astatque
541 3659 678 3735 sepultus,
699 3675 752 3717 nec
774 3675 831 3717 non
854 3665 882 3719 at
903 3658 941 3718 ad
953 3659 1063 3734 reliqua
1080 3677 1163 3719 sacra

141 3779 173 3846 1)
190 3777 211 3830 O
228 3775 273 3829 ad.
291 3775 410 3840 vrtuti:
431 3778 487 3841 „cui
504 3792 559 3827 cum
579 3777 682 3828 materia
694 3784 766 3842 rapta
784 3784 852 3828 esset
869 3778 895 3826 in
913 3774 1068 3827 cerebrum.“
1088 3775 1160 3829 Conl.

192 3846 237 3912 lx,
253 3847 295 3898 43.
313 3847 356 3912 xl,
374 3845 416 3898 42.
437 3875 466 3886 -
487 3846 519 3914 2]
536 3846 557 3898 D
576 3845 660 3914 apud
678 3845 799 3913 Papam.
820 3875 850 3884 —
870 3845 902 3911 3)
918 3845 940 3897 Β
959 3861 1010 3912 ea,
1026 3844 1046 3898 0
1063 3845 1129 3896 illa.

822 3915 902 3991 14*
