2538 4314
154 259 213 320 138
471 257 701 320 DISTINUTIO
721 258 870 320 TERTIA

494 432 728 496 CAPITULUM
747 434 852 496 XXII.

226 552 274 612 De
295 553 426 628 quodam
447 554 593 631 Episcopo
614 557 749 632 Amplius,
772 559 824 632 qui
845 558 975 614 morters
992 560 1121 631 propter

151 683 154 692 .
449 643 613 718 exemplum
635 644 733 702 noluit
753 644 891 719 confiteri.
956 709 958 720 ¹

78 831 81 838 ,
203 722 297 838 'Sicut
318 777 404 839 didici
424 797 442 838 a
464 780 591 856 quodem
608 780 734 857 Abbate,
755 799 846 860 nuper
866 782 896 840 in
909 779 1016 857 Anglia
1029 779 1209 858 Episcopus

150 864 268 941 quidam
289 863 439 927 defunctus
460 875 504 928 est
536 865 640 928 ordinis
661 869 960 944 Prasmonstrstensis,
981 868 1146 928 virbonus
1173 873 1209 928 et

149 969 272 1030 magnae
293 952 445 1030 religionis.
471 953 544 1036 ¹Hic
567 972 633 1014 cum
647 962 744 1032 ageret
757 958 787 1015 in
809 958 951 1030 extremis,
972 971 1027 1014 nec
1040 953 1209 1017 consesso-

149 1056 210 1100 rem
232 1042 396 1115 requiroret,
417 1039 548 1101 11111111
569 1043 596 1102 11
619 1041 713 1104 clerici
734 1045 792 1102 sui:
835 1041 975 1116 Domine,
997 1039 1099 1101 debilis
1123 1043 1209 1102 estis

149 1125 251 1201 valde,
280 1143 368 1201 quere
396 1144 455 1186 non
483 1128 574 1190 facitis
604 1129 811 1189 consessionem
838 1127 986 1188 vestram?
1029 1125 1211 1204 Respondit

149 1211 325 1291 Episcopus:
347 1213 413 1273 Non
433 1215 545 1274 1111111.
586 1215 648 1274 illis
669 1216 791 1276 verbum
808 1207 1011 1275 exhortationis
1031 1217 1209 1291 repetenti-

24 1309 29 1328 ⁴
150 1299 213 1375 bus,
234 1298 353 1360 adiecit:
375 1299 496 1376 Putatis,
516 1301 619 1377 stolidi,
642 1302 719 1379 quod
741 1319 833 1379 usque
855 1301 984 1362 adhunc
1005 1302 1109 1362 horam
1133 1300 1209 1362 dis-

150 1386 263 1446 tulerim
290 1387 496 1460 confcssiouem
524 1387 640 1448 meum?
683 1389 825 1450 Dixerunt
853 1391 879 1449 oi
906 1392 1024 1448 iterum:
1057 1387 1210 1450 Consiliis

148 1471 237 1550 Regis
251 1470 266 1553 ¹)
298 1475 436 1534 interesse
458 1473 602 1535 solebatis.
651 1474 762 1551 Quibus
790 1493 902 1536 rursum
931 1475 1093 1551 rospondit:
1126 1473 1210 1536 Non

149 1559 231 1620 aliter
251 1560 293 1620 fui
314 1577 412 1620 coram
431 1561 522 1638 Rege,
545 1579 631 1638 quum
654 1561 783 1622 Christus
806 1579 903 1622 coram
924 1561 1028 1622 Pilato.
1070 1561 1166 1624 Haec
1178 1559 1209 1644 ²)

141 1646 265 1723 ,quidem
295 1646 365 1706 dixit
394 1652 423 1708 et
451 1647 519 1707 fecit
546 1649 707 1726 Episcopus
741 1649 788 1708 ille
817 1655 933 1710 sanetus
965 1666 1018 1726 pro
1041 1649 1208 1728 exemplo,

147 1735 241 1794 sciens
259 1737 413 1812 scriptum:
435 1737 513 1794 Ante
526 1743 652 1818 mortem
673 1737 826 1813 confitere5
847 1755 868 1796 a
889 1743 1010 1796 mortuo
1032 1739 1122 1814 quasi
1148 1741 1208 1798 nd-

149 1819 191 1880 lttl
214 1825 295 1898 perit
313 1821 464 1898 confessio.
496 1821 681 1900 Oonfitcbcrie
702 1827 818 1896 oivow,
844 1817 931 1884 ’11111
954 1830 1209 1884 1111111101-

147 1905 283 1988 111111,
305 1916 333 1968 ct
354 1908 492 1968 landabo
512 1909 629 1984 Deum,
651 1917 679 1970 et
700 1907 908 1986 ylomficoberts
936 1913 969 1968 io
989 1913 1209 1972 miserationi-

149 1992 204 2068 lrus
224 1996 303 2056 illios
312 1991 345 2074 ³).
388 1993 521 2070 Quotidie
543 1995 643 2056 solitus
663 1997 716 2056 luit
736 1995 875 2057 mundare
897 1998 1118 2073 conscientiam,
1143 2015 1210 2061 nco

150 2079 261 2144 differre
271 2078 294 2162 ⁴)
317 2081 523 2142 cordessionem
544 2101 628 2145 suam
649 2083 685 2143 do
707 2083 752 2143 die
773 2086 803 2142 in
825 2083 915 2159 diem,
943 2086 1017 2144 sicut
1037 2083 1126 2143 multi
1151 2085 1206 2146 fa·

154 2169 241 2230 ciunt
274 2167 330 2244 Qui
345 2171 432 2229 etiarn
451 2177 519 2246 post
536 2177 657 2230 mortem
671 2171 819 2234 miraculis
844 2170 953 2230 claruit.
983 2167 1206 2234 NOVICIUS:

150 2253 231 2316 Sicut
253 2255 355 2334 colligo
379 2273 415 2316 ex
437 2258 532 2324 verbis
553 2256 689 2332 Episcopi
709 2257 811 2333 huius,
838 2274 896 2317 non
926 2263 970 2318 est
996 2255 1206 2333 perfectorum

151 2342 360 2402 confessionem
382 2343 501 2404 differre.
544 2341 779 2404 MONACHUS:
800 2343 909 2404 Dilatio
923 2347 978 2404 ista
1000 2344 1206 2408 confessionis

149 2427 188 2490 od
209 2432 374 2490 memoriam
392 2430 460 2490 mihi
473 2427 493 2511 ⁵)
514 2437 632 2492 revocat
653 2449 752 2494 casum
767 2430 919 2508 quendam,
941 2433 991 2508 qui
1010 2448 1088 2494 euno
1103 2450 1206 2514 prac-
1267 2441 1268 2480 ³

148 2517 231 2580 terito
251 2515 331 2600 apud
350 2533 403 2582 nos
425 2519 553 2598 contigit

479 2723 712 2788 1111111111
732 2699 854 2787 xxru

202 2847 251 2910 De
273 2849 404 2928 quodam
425 2849 571 2908 monacho
592 2855 710 2923 nostro,
733 2852 784 2926 pol
805 2851 867 2907 tom
887 2851 1015 2908 mortens
1030 2853 1141 2928 primo

413 2937 585 3016 plenarium
604 2935 676 3012 feeit
696 2935 914 3013 cortsessiooem.

214 3073 338 3151 Quidam
360 3092 395 3135 ex
415 3076 574 3162 seniqribus
594 3076 707 3150 nostris,
729 3091 816 3150 quem
835 3073 902 3134 nolo
915 3075 1072 3149 nominare,
1094 3073 1204 3138 hobe-
1265 3063 1266 3152 J

148 3161 200 3222 bat
221 3161 297 3222 hanc
312 3162 554 3236 consuetudinem,
577 3165 650 3222 sicut
672 3164 758 3221 ceteri
776 3162 865 3237 multi,
887 3163 1001 3236 saepius
1015 3177 1168 3224 renovare
1177 3162 1203 3246 ⁶)
1265 3155 1266 3225 l

149 3249 369 3324 consessionem,
398 3251 439 3312 ita
461 3253 493 3307 ut
512 3248 615 3309 Abbss
636 3255 750 3325 putaret
772 3248 849 3325 quod
869 3247 1011 3324 generalis
1033 3253 1128 3324 esset,
1162 3269 1202 3312 eo

148 3335 227 3412 quod
249 3338 401 3413 apueritis
428 3353 519 3412 usquc
541 3335 578 3395 ad
596 3341 771 3395 senectutem
793 3342 914 3410 peccata
934 3351 987 3393 sua
1009 3351 1203 3398 commemo-
1264 3407 1265 3414 ἵ

147 3430 231 3484 roret.
273 3423 351 3483 Ante
372 3429 492 3482 mortem
506 3439 587 3482 suam
609 3438 661 3498 per
681 3422 798 3498 aliquod
820 3429 934 3497 tempus
957 3421 1066 3496 debilis,
1089 3423 1202 3486 subito
1264 3449 1265 3466 ,

148 3510 251 3572 defecit
272 3517 301 3570 et
319 3511 469 3570 obmutuit
511 3508 695 3569 Accurrimus
710 3526 817 3585 omnes,
840 3511 1009 3586 inungentes
1031 3525 1101 3567 eum
1125 3512 1201 3574 oleo

167 3694 379 3766 l)Gliegum.
399 3724 430 3736 ·-
458 3693 612 3763 2)l'lroc.
632 3642 662 3736 :-
680 3695 723 3764 s)
741 3694 816 3750 Eooli.
837 3694 879 3759 17,
896 3695 938 3746 26.
958 3721 990 3734 -·
1018 3693 1051 3764 1)
1069 3693 1118 3747 ΑΙ)
1139 3697 1201 3750 de-
1263 3747 1264 3762 ,

216 3765 321 3828 ierre,
343 3763 520 3819 0111111111
542 3765 659 3819 uoluit.
673 3793 703 3806 -
717 3765 750 3834 5)
767 3763 845 3818 milri
861 3762 911 3817 odd
928 3762 978 3816 BG.
998 3793 1029 3804 -—
1048 3763 1083 3834 6)
1101 3763 1123 3818 P
1142 3784 1201 3822 re.

216 3849 342 3890 vocure.
