2594 4302
366 267 421 328 DE
442 265 625 330 utvuusis
646 262 883 334 mutuamus.
1103 267 1164 329 lot

362 428 812 525 *cfflmmm

124 581 1166 664 Dcpncllaqaaeadbynmaan,TaDeumlcaadomra,cbortua

311 671 504 746 medaeam
525 673 559 730 tu
579 671 692 730 coelam
715 669 874 746 trarusart
893 669 976 728 vidit.

188 787 323 851 Narravit
335 790 405 850 mihi
418 807 510 874 nuper
523 790 656 851 sacerdos
671 790 788 868 quidam
802 789 838 850 de
851 789 1026 865 saxoniam
1040 785 1166 864 quodam

124 877 298 937 monasterio
321 880 402 938 cuius
422 895 528 938 nomen
550 879 619 937 milri
641 880 797 954 exprimere
819 894 877 935 non
898 879 1004 953 potuit,
1039 873 1166 952 puellam

123 962 211 1024 firmae
231 964 392 1041 parvulam,
413 982 488 1041 quae
502 972 614 1024 tantum
627 965 736 1028 festivis
750 966 882 1024 noctibus
899 961 1001 1040 vigiliis
1018 961 1166 1022 sollemni-

123 1053 180 1112 bus
207 1053 344 1112 interesse
371 1052 604 1128 permittebatur,
636 1059 666 1112 et
694 1051 801 1112 eisdem
830 1049 958 1110 nondum
985 1049 1166 1125 expletisire

125 1137 279 1198 dormitum
301 1139 533 1216 compellebatur.
575 1138 610 1198 In
632 1139 756 1218 quadam
771 1139 926 1198 festivitate
949 1153 1015 1196 cum
1030 1137 1167 1212 magistra

122 1227 153 1284 in
180 1227 264 1285 tertio
292 1234 326 1287 ut
351 1233 423 1302 puto
448 1223 616 1306 noctumo¹l
638 1228 783 1303 virginem*
798 1223 921 1300 scapulis
944 1223 982 1282 ad
1004 1220 1167 1300 excundum

122 1311 290 1388 impelleret,
311 1317 340 1372 et
360 1311 410 1371 illa
422 1315 591 1374 reniteretur
611 1330 665 1373 nec
680 1312 837 1388 proficeret,
858 1313 944 1370 tristis
966 1310 1082 1387 quidem
1104 1311 1166 1368 exi-

122 1401 181 1474 vit,
213 1397 265 1458 sed
293 1401 374 1458 iuxta
402 1399 521 1458 chorum
549 1416 714 1474 remanens,
745 1398 860 1459 residua
888 1397 1038 1474 peraudire
1066 1395 1166 1455 voluit

125 1484 256 1562 Cumque
277 1487 408 1562 inceptus
425 1487 525 1548 suaset
545 1485 678 1566 hymnus,
701 1486 742 1545 Te
755 1487 855 1546 Deam
877 1485 1045 1558 laudamus,
1070 1482 1167 1543 coelos

122 1571 195 1650 yidit
208 1573 319 1648 aperiri,
341 1579 370 1632 et
383 1575 412 1631 in
433 1575 510 1648 ipsos
518 1570 538 1652 ²)
561 1573 679 1633 chorum
702 1591 767 1632 cum
782 1573 962 1632 cantantibus
971 1569 992 1652 ³)
1014 1570 1167 1630 sublevari.

123 1657 247 1735 Quando
275 1665 395 1719 ventum
425 1665 469 1719 est
489 1659 527 1718 ad
548 1659 643 1719 locum
663 1659 756 1719 illum:
788 1659 853 1718 litt
875 1676 974 1718 omncs
995 1659 1109 1734 capeti,
1137 1662 1168 1718 et

121 1745 246 1821 reliqua,
278 1744 351 1806 vidit
378 1748 526 1806 universos
548 1746 661 1806 ordines
680 1746 848 1823 angelorum
870 1752 900 1806 et
918 1745 1096 1822 singulorum
1117 1747 1166 1804 or-‘

122 1831 222 1894 diuum
243 1832 363 1910 angelos
384 1833 521 1910 singulos,
542 1829 701 1914 demissisi)
724 1833 866 1909 capitibus
878 1833 1018 1907 flexisque
1029 1831 1166 1908 genibus,

123 1920 257 1980 matribus
279 1921 402 1979 extensis
424 1920 520 1979 Deuni
542 1919 674 1995 adorare,
703 1919 794 1978 simul
809 1921 941 1978 ominbus
962 1919 1167 1994 proclamanti-
1225 1943 1227 1950 ¹

123 2005 194 2081 bns,
215 2007 358 2080 sanctur,
380 2014 516 2080 coactus,
537 2014 658 2066 sanctam
678 2007 828 2066 Dorulaus
848 2007 933 2066 Deua
953 2005 1095 2079 Sabaoth,
1117 2003 1167 2081 qui
1233 2075 1235 2086 Ι

123 2093 278 2155 trinitatem
303 2109 490 2170 personarum
515 2095 545 2152 in
565 2097 676 2154 unitate
697 2094 837 2153 esseutiae
859 2091 1076 2153 confitebantur.
1117 2091 1167 2152 Si-

124 2178 192 2238 mile
211 2179 339 2240 iecenmt
359 2179 494 2258 Apostoli
513 2180 553 2240 ad
572 2180 653 2240 illum
674 2180 784 2240 locum:
808 2181 848 2239 Tc
869 2181 1014 2256 pluriorem
1035 2181 1166 2254 Aposto·
1234 2167 1238 2184 '

125 2265 224 2325 torma
249 2269 364 2328 chana.
406 2268 445 2326 Et
474 2285 539 2327 cum
560 2267 666 2328 chorus
686 2268 852 2342 incepisset,
883 2267 924 2324 Tc
945 2266 1168 2342 Prophetarum

124 2353 282 2414 laudabilia
302 2373 454 2429 cumana,
476 2354 772 2415 omuesPatriarchac
794 2360 823 2413 et
834 2352 998 2429 Prophetae
1018 2352 1166 2428 praedicto

122 2439 209 2500 modo
237 2441 405 2501 adorabant
448 2443 597 2502 Venerunt
627 2449 656 2502 et
675 2441 820 2518 Martyres
847 2442 876 2499 in
893 2441 956 2499 auis
979 2439 1167 2499 distinctioni·

123 2527 192 2604 bns,
221 2531 299 2588 etin
320 2531 449 2604 proximo
471 2528 628 2604 versiculo,
657 2528 780 2604 scilicet,
803 2528 844 2587 Tc
865 2527 1037 2604 Martyrum
1060 2525 1165 2585 caad-

123 2613 212 2674 dataa
234 2615 342 2675 laudat
363 2619 521 2689 merebar,
542 2618 572 2674 in
592 2615 708 2676 laudem
731 2620 912 2691 erumpentes
933 2614 1074 2673 maiestati
1094 2629 1165 2689 pro-

122 2700 265 2762 uidebant.
296 2701 379 2761 Idem
392 2700 428 2762 de
443 2702 660 2762 Goniessoribus
673 2702 754 2778 vidit,
774 2697 862 2778 atquc
876 2701 1051 2777 Virginibus.
1074 2697 1165 2762 tune

122 2804 180 2864 qua
206 2793 350 2849 extremus
380 2787 479 2864 hymni
501 2785 675 2866 versiculus,
702 2789 733 2848 id
758 2794 805 2850 est
832 2789 871 2848 In
896 2794 927 2848 tc
946 2787 1077 2846 Domine
1097 2803 1164 2862 spe-

121 2877 207 2945 raoi,
228 2891 290 2934 aaa
313 2873 484 2951 cmdaadar
511 2878 544 2934 ia
565 2883 735 2949 aeternam,
766 2876 978 2949 decantaretur,
1000 2873 1104 2934 chorus
1125 2872 1164 2933 ad

122 2967 227 3019 terram
256 2959 418 3038 descendit,
448 2967 478 3020 et
505 2960 618 3023 coelum
642 2979 675 3022 se
697 2961 807 3022 clausit
849 2961 952 3022 Puella
973 2961 1070 3020 omnia
1090 2959 1163 3022 baec

124 3043 225 3106 videns
247 3048 440 3122 aruspicans,
461 3063 493 3106 se
514 3051 594 3108 tauto
613 3047 691 3108 bono
713 3048 910 3109 defraudatam
932 3047 1023 3108 oculis
1042 3049 1164 3124 propriis

122 3139 283 3209 conquesta
315 3135 367 3192 est.
411 3133 542 3210 Cumque
571 3135 694 3195 ubertim
721 3135 817 3211 fleret,
845 3141 875 3196 et
906 3151 991 3195 mane
1018 3134 1164 3194 sororibus

121 3235 242 3282 causam
262 3221 482 3296 suscitantibus,
504 3222 598 3280 visum
620 3221 714 3282 dcere
734 3221 838 3298 nollat,
865 3224 1002 3300 magistra
1023 3238 1087 3280 eam
1108 3238 1164 3298 ag·
1246 3283 1249 3289 ,
1274 3243 1276 3248 ⁴

120 3309 222 3386 gressa
238 3313 290 3368 ast
334 3305 566 3384 Cuiraspondit:
586 3308 669 3368 Deus
697 3309 780 3368 vobis
800 3311 931 3385 ignoscat
953 3307 1031 3384 quod
1052 3311 1163 3368 antam

119 3393 191 3456 mihi
214 3389 367 3475 gratam)
395 3392 452 3454 bac
479 3400 564 3454 nocte
585 3395 775 3456 subtraxistis
817 3395 856 3454 Et
876 3397 1006 3456 recitavit
1027 3396 1054 3454 ei
1074 3395 1165 3455 visio·

118 3499 196 3544 uem.
241 3480 295 3542 Oui
315 3480 377 3542 illa:
409 3479 476 3542 Noli
496 3482 567 3542 flere
587 3483 665 3543 bana
685 3481 763 3560 filiu,
789 3499 938 3560 nunqnam
960 3481 995 3542 de
1012 3487 1113 3543 cetero
1134 3488 1163 3542 te

137 3633 170 3703 1)
187 3639 335 3698 nocturnus,
352 3631 462 3686 elicium
479 3632 637 3685 noctmncla.
672 3632 760 3686 Noctis
772 3632 874 3702 vigiliae
892 3640 1001 3702 quatuor
1018 3639 1099 3695 mant,
1116 3630 1164 3686 ha·

188 3700 316 3772 bebatquc
343 3700 472 3772 quaelibet
498 3702 585 3770 vigilie
615 3711 667 3755 tres
693 3701 778 3756 boras.
811 3731 843 3743 —
870 3701 903 3770 2)
927 3701 947 3754 Β
979 3700 1104 3753 coelum
1130 3729 1160 3740 -

186 3772 302 3838 ipsum.
321 3801 355 3811 -
378 3771 410 3840 3)
429 3769 450 3825 G
467 3771 701 3839 psallentibus.
721 3801 752 3814 -
771 3772 804 3843 4)
821 3769 844 3825 Β
867 3769 1071 3828 dimissis·
1091 3767 1162 3839 ⁵)ts

188 3839 585 3910 gratiamachoucram„
706 3897 758 3906 U
837 3892 841 3904 ,
