2642 4330
172 294 233 352 292
484 287 711 356 DISTINGTIO
734 287 885 365 QUINTA
1307 377 1310 386 Ι

170 413 211 472 ibi
231 411 328 487 aliqua
340 408 357 491 ¹)
379 410 530 471 simulatio.
573 410 808 472 MONAOHUS:
832 410 974 471 Obsessos
994 410 1095 485 luisse,
1117 427 1209 486 saepe

169 498 265 574 prodit
275 497 471 576 Evangelium,
492 497 616 573 produnt
630 504 659 556 et
677 497 770 557 Aetus
783 497 998 574 Apostolorum,
1020 499 1088 556 etin
1108 497 1209 556 multis
1318 547 1319 552 ,

170 585 240 644 loeis
261 586 347 644 Vitae
377 584 424 645 vel
445 585 599 644 Passiones
620 584 799 644 Sanctorum.
850 583 935 660 Quod
964 590 1060 644 autem
1088 584 1208 660 quidam
1318 633 1319 660 p

169 678 285 747 propter
313 678 464 747 quaestum
492 689 524 730 se
554 673 686 730 obsessos
719 668 897 751 simulent2),
928 688 987 730 non
1008 687 1097 747 nego;
1126 670 1207 746 quod

169 761 279 819 veroin
294 759 465 834 quibusdam
476 758 555 817 nulla
569 760 606 817 sit
620 757 706 833 flotin,
728 760 856 818 subiecto
876 759 1044 833 probabitur
1065 757 1207 833 exemplo.
1318 803 1319 808 η

517 913 748 974 CAPITULUM
770 913 856 974 XIII.

151 1025 154 1030 Δ
218 1038 266 1104 De
287 1037 418 1118 obsesso„
436 1053 513 1112 quoe
535 1035 609 1095 dieii
630 1036 782 1095 diabolum
803 1038 929 1112 lipotum
951 1035 1045 1095 tribus
1065 1053 1117 1096 uer
1141 1040 1146 1052 '

209 1136 213 1145 ·
618 1127 747 1182 cononis.
1103 1153 1106 1162 =

232 1245 341 1305 Retulit
372 1245 441 1308 mibi
465 1243 610 1304 Gerardus
639 1244 823 1319 Praepositus
852 1243 1028 1321 Pleysensis‚
1055 1244 1203 1305 mulierem

168 1333 324 1406 obsessam,
345 1331 441 1390 multis
461 1332 536 1390 bene
557 1337 664 1405 notam,
686 1326 852 1409 sigeberg³)
868 1333 982 1392 venisse
1003 1334 1096 1408 gratia
1117 1349 1203 1391 oura-

167 1421 260 1478 tionis.
304 1418 385 1493 Quae
418 1436 483 1477 oum
512 1421 540 1476 in
569 1420 691 1477 oratorio
721 1413 822 1477 sanoti'
840 1415 1001 1494 Myehaelis
1029 1417 1204 1494 Archangeli

168 1506 204 1565 de
233 1505 352 1564 diversis
382 1507 614 1582 interrogaretur,
648 1511 676 1562 et
706 1504 843 1563 incideret
869 1507 975 1563 mentio
1006 1504 1041 1563 de
1069 1505 1203 1564 Lucifero

167 1592 245 1668 apud
276 1592 380 1650 inferos
404 1590 508 1668 ligato,
536 1591 682 1666 respondit
702 1608 753 1667 per
775 1609 807 1650 os
837 1593 897 1650 eius
926 1591 1072 1651 diabolus:
1102 1591 1203 1668 Stulti,

168 1680 271 1756 quibus
301 1680 407 1738 eatenis
437 1680 542 1753 putatis
570 1680 738 1753 magistrum
759 1695 856 1737 meum
878 1677 997 1754 ligatum
1021 1681 1050 1736 in
1070 1677 1202 1738 inlemo‘?

53 1764 59 1778 “
166 1763 298 1825 Ferreisl
330 1764 556 1850 Nequaquam.¹
583 1765 650 1823 Tria
682 1766 772 1824 verba
802 1766 897 1839 posita
928 1771 996 1824 sunt
1026 1767 1055 1823 in
1087 1765 1201 1825 silentio

166 1855 278 1927 missae,
300 1853 403 1926 quibus
425 1851 529 1928 ligatus
552 1858 602 1910 est.
645 1851 867 1926 Requirentibus
889 1851 1062 1926 quibusdam
1083 1868 1119 1910 ex
1139 1851 1202 1911 lra-

165 1940 270 1998 tribus:
294 1939 374 2014 Quae
387 1945 453 1998 sunt
465 1938 513 1996 illa
528 1939 581 1996 tria
595 1937 705 1996 verba?
727 1937 821 1996 dicere
839 1937 941 2013 noluit
958 1939 1005 1999 vel
1021 1940 1114 2014 potius
1127 1955 1201 2020 arma

164 2042 222 2084 non
243 2025 303 2099 lirit,
325 2025 376 2084 sed
398 2027 450 2083 ait:
471 2023 580 2084 Alierte
593 2024 662 2082 mihi
684 2024 796 2097 librum,
818 2029 847 2083 et
868 2041 921 2102 ego
943 2026 1027 2085 vobis
1049 2025 1200 2084 ostendam

163 2113 220 2172 illa.
264 2111 377 2188 Allatus
390 2118 434 2170 est
446 2113 471 2171 ei
486 2111 559 2170 liber
570 2110 701 2184 missalis,
723 2116 752 2170 et
773 2110 886 2170 clausus
906 2117 1062 2187 porrectus.
1105 2110 1199 2187 Quem

163 2199 212 2258 illa
233 2201 375 2274 aperiens,
400 2192 490 2274 primo
513 2200 572 2256 ietu
595 2215 733 2257 canonem
753 2199 876 2273 invenit,
899 2205 928 2257 et
949 2198 1067 2274 digitum
1088 2215 1200 2274 ponens

163 2303 249 2361 super
270 2284 349 2342 illum
370 2285 479 2344 loeum:
502 2285 563 2342 Per
587 2287 700 2358 ipsum,
729 2291 757 2343 el
778 2303 846 2342 eum
867 2289 945 2360 deso,
969 2292 996 2343 et
1016 2289 1048 2343 ln
1069 2287 1147 2360 brou,
1168 2286 1200 2344 in

99 2393 102 2402 ·
138 2365 267 2447 ‘quibus
294 2376 431 2430 memoria
459 2370 491 2428 fit
520 2388 648 2430 summae
677 2371 837 2446 Trinitatis,
866 2373 920 2430 ait:
942 2371 1018 2432 Eece
1050 2373 1105 2430 ista
1131 2377 1200 2431 sunt

162 2461 217 2518 tria
241 2457 290 2516 illa
318 2459 422 2532 verba,
450 2458 552 2532 quibus
584 2457 688 2534 ligatus
721 2465 765 2516 est
790 2459 925 2534 magister
952 2475 1042 2518 meus·
1085 2455 1199 2540 Haece)

163 2544 310 2604 audientes
334 2561 369 2603 ex
391 2543 537 2602 monachis
558 2544 653 2619 plures
676 2546 724 2619 qui
746 2543 879 2619 aderant,
907 2547 1028 2604 seientes
1049 2544 1200 2605 mulierem

160 2632 322 2690 illiteratum
337 2648 408 2704 esse,
421 2630 562 2690 aedificati
573 2641 639 2689 sunt
652 2631 745 2704 valde,
767 2633 827 2689 vim
837 2633 990 2691 verborum
1000 2631 1200 2709 intelligentes.

161 2719 218 2777 Per
228 2718 344 2777 Patrem
366 2721 448 2791 enim,
475 2724 505 2776 et
526 2735 591 2776 oum
612 2717 693 2791 Filio,
716 2720 794 2776 etin
816 2717 922 2794 Spiritu
944 2726 1053 2794 saneto,
1076 2735 1201 2794 quorum

162 2823 249 2881 opera
261 2805 383 2863 indivisa
396 2810 470 2878 sunt,
483 2804 562 2863 fortis
574 2803 622 2862 ille
639 2804 743 2880 ligatus
758 2810 810 2879 est,
832 2810 861 2864 et
873 2822 945 2865 vasa
967 2807 1027 2864 eius
1051 2803 1162 2882 direpta
1169 2803 1200 2885 ⁵).

507 2959 740 3020 CAPITULUM
767 2961 853 3022 XIV.

306 3084 354 3144 De
377 3082 499 3154 obsesso,
522 3085 652 3158 quaein
672 3083 778 3142 Insula
799 3089 894 3144 saneti
915 3085 1060 3162 Npolroloi

525 3168 657 3244 prodidit
677 3171 824 3246 reliquias.

201 3291 237 3348 In
250 3289 321 3348 festo
335 3286 469 3346 Omnium
486 3287 655 3348 Sanctorum
678 3289 734 3349 hoe
745 3307 820 3364 anno
837 3308 901 3350 oum
914 3308 1007 3350 essem
1022 3308 1088 3350 oum
1097 3291 1198 3353 Priore

158 3393 224 3438 meo
245 3379 275 3434 in
295 3374 394 3434 Insula
411 3377 501 3434 saneti
523 3375 673 3452 Nyeholai,
693 3378 876 3458 quaelvulgo
898 3378 989 3453 Stupa
1010 3384 1144 3455 vocatur,
1167 3387 1198 3440 et
1226 3459 1230 3466 Ι

178 3512 208 3578 r)
226 3510 337 3577 suque
360 3507 409 3558 aaa
428 3487 476 3560 uo.
496 3539 526 3548 -
547 3509 579 3576 2)
599 3509 639 3560 er>
664 3509 827 3561 simulans.
848 3541 878 3550 -
898 3512 930 3579 e)
948 3511 1085 3581 sigeberg,
1102 3512 1197 3566 nonina

228 3579 327 3630 abbatia
345 3581 410 3646 nigri
428 3578 535 3642 ordinis,
559 3595 574 3629 a
592 3579 666 3630 beato
684 3580 791 3630 Annene
815 3579 917 3632 brndeta
935 3582 961 3631 in
978 3586 1041 3648 ru'pe
1058 3582 1196 3634 fortissima

190 3653 194 3661 '
226 3649 254 3700 in
271 3647 365 3714 oppido
383 3648 520 3716 Siegburg:
545 3649 585 3698 oui
608 3647 723 3700 abbatiae
742 3649 840 3702 subdita
864 3651 910 3701 luit
936 3653 1109 3719 praepositura
1128 3651 1197 3703 Plei-
1218 3691 1230 3696 -

172 3736 183 3754 1
228 3721 309 3771 sensis
336 3721 362 3768 in
393 3717 451 3768 villa
479 3716 640 3780 Ober-Pleis,
663 3718 731 3770 haud
755 3718 844 3784 procul
871 3719 994 3771 disiuncta
1023 3720 1054 3770 ab
1079 3715 1196 3773 Heister-

228 3787 306 3851 bacb;
325 3787 382 3838 vide
401 3787 444 3838 Ph.
462 3787 491 3839 E.
510 3786 666 3840 Schwaben:
687 3788 837 3839 Gesobiohte
854 3787 899 3840 der
916 3789 997 3852 suut,
1013 3789 1124 3858 Festung
1141 3791 1194 3842 und

227 3857 302 3908 Abtei
319 3856 451 3926 Siegburg.
475 3873 500 3923 p.
521 3857 568 3908 131
589 3873 626 3924 sq.
647 3886 676 3895 —
696 3857 728 3926 4)
746 3857 810 3910 ADP
827 3857 892 3911 hoc.
912 3888 942 3898 -
963 3860 995 3928 5)
1013 3849 1087 3912 llere!
1106 3861 1132 3925 3,
1149 3860 1193 3912 27.
