2664 4308
455 263 509 328 DE
532 265 687 328 SANCTA
710 267 851 329 Minui.
1089 285 1091 296 ·
1137 271 1175 329 15

137 395 166 450 et
186 390 250 450 riae
271 395 386 449 nostrae
407 391 585 467 negligentiis
614 391 749 450 attentius
771 393 866 466 oravi,
894 392 958 465 ipsa
979 390 1065 450 beate
1086 390 1176 468 Virgo

136 477 228 536 Maria
249 471 320 536 mihi
340 495 491 553 apparens,
512 475 750 552 benedictionem,
772 494 859 553 quam
881 476 951 547 ordo
972 483 1070 536 noster
1092 495 1179 553 super

136 564 288 624 redeuntes
317 563 353 623 de
381 566 430 624 via
452 564 546 624 dicere
568 567 730 639 consuevit,
759 583 846 641 super
874 582 921 624 me
950 563 1027 623 dedit
1047 566 1077 622 in
1105 563 1179 626 haee

136 652 241 711 verba:
264 649 452 727 Omnipotens
474 653 644 726 sempiterne
662 651 752 726 Deus,
773 654 907 711 miserere
921 651 988 710 huic
1001 650 1107 710 famulo
1121 657 1181 726 tuo,

136 744 166 798 et
197 737 333 816 quicquid
362 739 388 796 ei
416 740 445 796 in
474 740 523 797 via
552 739 693 815 subripuit
709 734 725 817 ¹)
755 741 833 797 visus
864 744 914 797 sut
942 737 1056 797 auditus
1084 737 1179 798 malae

136 826 177 884 rei
199 832 250 886 aut
271 826 355 883 otiosi
376 827 523 900 sermonis,
545 827 638 883 totuin
659 825 794 884 ineffabili
814 827 921 901 pietate
942 826 1112 900 propitiatus
1133 826 1191 883 in-.

137 910 239 989 dulge,
269 928 321 988 per
351 910 496 970 Christum
518 911 674 970 Dominum
703 917 840 970 nostmm.
883 911 966 971 Haec
993 911 1062 968 mihi
1090 910 1181 972 relata

137 1006 244 1058 sunta
271 997 396 1073 quodam
419 996 535 1057 Abbate
556 998 690 1075 religioso
713 997 819 1066 ordinis
839 1000 943 1074 nostri,
971 999 1000 1055 in
1022 1000 1103 1056 cuius
1125 997 1180 1057 do·
1287 1057 1289 1062 ,

136 1102 184 1144 mo
197 1081 218 1164 ²)
247 1084 323 1145 idem
345 1085 448 1144 Petms
476 1087 590 1160 saepius
618 1086 753 1144 visitavit.
802 1085 848 1144 Ex
876 1084 1073 1144 benedictione
1104 1086 1179 1143 enim

136 1171 289 1247 intellexit,
319 1189 384 1231 eam
411 1171 519 1231 ibidem
546 1172 633 1230 fuisse
661 1177 822 1247 petronam.
864 1170 1067 1232 NOVICIUS:
1099 1170 1194 1230 Felix

137 1261 243 1333 oratio,
271 1276 323 1334 per
350 1275 438 1334 quam
467 1265 564 1318 tautae
592 1258 718 1335 Virginis
746 1265 870 1318 meretur
897 1258 1067 1318 benedictio.
1099 1256 1178 1316 Mo-
1239 1311 1242 1322 ,
1286 1275 1301 1288 “

136 1344 310 1406 NAOHUS:
332 1345 398 1404 Non
418 1345 511 1405 solum
536 1351 658 1422 orantes,
679 1345 732 1406 sed
753 1351 782 1406 et
799 1345 954 1422 psallentes
984 1362 1037 1405 sua
1058 1344 1179 1404 benedi-

23 1493 26 1502 ,
138 1434 231 1522 ctione
254 1431 395 1492 consolari
417 1435 574 1492 consuevit.

472 1605 706 1666 carminum
734 1603 846 1686 xus)

136 1729 212 1788 Item
234 1730 269 1787 de
290 1729 442 1788 monacbis
472 1736 562 1804 atque
591 1731 737 1788 convectis
757 1732 790 1788 its
811 1730 1044 1802 Hemmenrode,
1073 1730 1184 1806 quibes
1208 1718 1210 1733 '

224 1816 267 1875 od
287 1817 404 1892 uigiliae
427 1815 581 1889 benedixit,
603 1817 735 1875 Honorino
757 1833 897 1876 convmeo
919 1819 1094 1892 inspiciente.

204 1936 347 1998 Henricus
379 1954 533 1997 conversus
565 1940 594 1995 in
626 1937 859 2011 Hemmenrode,
893 1939 973 1995 euius
1004 1937 1119 1996 memini
1151 1939 1182 1996 in
1273 1991 1276 1994 .

54 2078 61 2093 ,
141 2023 321 2084 distinctione
350 2027 450 2100 quinta
479 2024 602 2100 capitulo
633 2027 747 2100 quinto,
778 2022 899 2099 loquens
921 2022 957 2082 do
979 2023 1181 2100 daemonibus,
1214 2057 1218 2064 ·

140 2113 263 2187 saepius,
283 2113 313 2170 in
331 2111 568 2171 sollemnitatibus
589 2107 750 2191 maxime³),
771 2110 924 2188 gloriosam
937 2111 1087 2187 Virginem
1108 2112 1182 2172 inter

139 2197 293 2272 psallentes
321 2198 418 2257 videre
448 2200 605 2257 consuevit.
649 2197 732 2274 Quae
761 2204 845 2257 noete
874 2197 1012 2272 quadarn,
1044 2199 1107 2273 ipso
1134 2200 1181 2256 in-

140 2290 253 2359 tuente,
275 2284 310 2344 de
333 2284 420 2344 choro
442 2285 648 2344 monachorum
671 2287 803 2359 veniens,
825 2285 882 2345 Dei
903 2284 993 2342 lilirun
1015 2302 1051 2344 ex
1073 2302 1104 2345 se
1126 2302 1181 2344 na·

139 2377 201 2432 tum
227 2374 256 2430 in
283 2370 407 2431 brachiis
428 2378 561 2450 gestans,
590 2372 710 2431 ohomm
738 2375 868 2449 ingressa
897 2377 940 2430 est
964 2388 1181 2449 ,conversomm

139 2457 177 2516 Et
198 2475 277 2518 more
299 2457 424 2519 Abbatis
451 2459 552 2520 iratres
582 2459 732 2519 excitando
755 2462 908 2533 circuiens,
937 2467 1003 2519 ante
1025 2458 1181 2535 quosdam,

43 2547 46 2628 j
140 2546 240 2619 quiin
262 2547 390 2604 orations
419 2546 519 2622 vigiles
549 2552 630 2606 erant
652 2553 681 2606 et
702 2545 814 2622 devoti,
842 2545 963 2622 gradum
984 2545 1061 2620 fixit,
1089 2545 1181 2605 filium

140 2634 180 2690 eis
195 2632 357 2706 ostendens,
377 2650 412 2692 ae
428 2632 608 2708 benedicens,
630 2633 775 2692 devotioni
787 2629 930 2712 illomm⁴)
947 2633 1180 2710 congratulando.

139 2718 265 2795 Tepidos
288 2726 385 2779 auteur
408 2726 437 2779 et
459 2720 630 2779 dormientes
643 2717 663 2798 ⁵)
686 2720 805 2781 celerius
826 2723 1023 2796 pertransivit,
1047 2719 1087 2778 nil
1109 2737 1180 2780 con·

138 2805 285 2868 solationis
309 2809 349 2865 eis
370 2807 546 2883 impendens.
580 2807 714 2883 Singulos
736 2825 806 2867 vero
822 2823 975 2866 conversos
990 2809 1019 2865 in
1040 2807 1089 2867 illa
1111 2824 1188 2888 coe·-

139 2891 203 2952 lesti
232 2895 395 2953 circuitione
424 2895 569 2968 visitatos,
597 2912 651 2955 nce
679 2911 737 2953 non
765 2901 794 2954 et
822 2894 984 2970 neglectos,
1016 2894 1181 2970 praedictus

139 2996 294 3039 conversus
317 2980 465 3058 diligenter
485 2983 603 3055 notavit,
625 2980 753 3057 singulos
776 2981 890 3040 domino
912 2980 1087 3054 Hermanno,
1111 2986 1180 3040 tunc

88 3115 92 3122 .
138 3067 245 3126 ibidem
265 3067 369 3141 Priori,
397 3084 474 3126 nuno
495 3067 566 3127 Loci
593 3074 710 3127 sanctae
725 3068 849 3134 ,Mariae
876 3065 986 3126 Abbati
1013 3069 1180 3126 nominatim
1242 3141 1244 3144 Ι

135 3155 310 3240 exprimens.
351 3152 434 3213 Haec
461 3155 498 3214 ab
529 3157 590 3213 eius
619 3171 668 3214 ore
697 3155 819 3220 audivi..
847 3152 1048 3214 NOVIOIUS:
1081 3153 1179 3214 Simile

137 3240 271 3300 recordor
300 3247 329 3301 te
358 3241 462 3299 dixisse
489 3244 519 3299 in
546 3243 639 3316 prima
668 3241 847 3302 distinctione
878 3240 1003 3316 capitulo
1036 3243 1179 3302 tricesimo

139 3329 238 3401 quinto
256 3327 291 3386 de
306 3326 462 3387 Godeirido
480 3328 622 3388 monacho
636 3327 796 3392 Vilariensi.
827 3326 1063 3388 MONAGHUS:
1084 3328 1180 3388 Tanta

139 3416 255 3474 caritate
277 3414 364 3474 beata
384 3415 475 3490 Virgo
502 3415 556 3474 sibi
585 3414 689 3480 devote
717 3415 887 3476 famulantes
909 3415 1119 3491 complectitur,
1146 3422 1179 3474 ut

137 3517 195 3559 non
208 3575 210 3582 X
225 3500 319 3560 solum
341 3500 502 3578 orantibus,
531 3518 588 3561 non
618 3500 711 3562 solum
739 3503 942 3580 psallentibus,
971 3501 1023 3564 sed
1052 3508 1081 3562 et
1110 3503 1178 3562 dor·

137 3588 289 3648 mientibus
310 3587 472 3647 benedicat.
607 3594 613 3599 '

157 3704 187 3773 l)
205 3703 311 3772 Gregor.
329 3703 415 3756 lioral.
434 3704 464 3768 ll,
482 3705 525 3767 49,
544 3706 591 3758 76:
620 3704 695 3771 ,deun
713 3707 792 3757 menti
817 3706 917 3775 ignaria
935 3703 1092 3772 subripit,
1115 3721 1178 3772 pru-

206 3772 439 3842 dentiafrigesoit.“
452 3803 483 3814 -
502 3775 535 3843 2)
553 3774 573 3828 G
590 3777 683 3826 cuius
702 3774 833 3829 domum.
844 3806 877 3814 -
894 3776 927 3841 ἢ
945 3774 1035 3826 Homil.
1055 3774 1072 3826 l.
1083 3790 1107 3840 p.
1119 3774 1177 3827 102.

108 3915 111 3920 Ι
209 3843 1176 3930 ÷3)meximeomC.-4)BGeorum.-5)lll)dormitentes.
