2622 4322
191 279 251 339 rrs
422 251 427 262 '
491 234 719 340 nrsrmcrro
749 273 913 355 curem
991 345 992 354 Ν

190 399 251 459 tide
271 402 418 476 potatione
438 400 479 460 ita
499 403 529 460 in
550 407 650 461 ventre
668 400 838 460 tortionibus
858 397 1019 460 fortissimis
1030 397 1221 474 torquebatur,

192 491 226 545 nt
246 489 343 546 omnia
363 489 423 546 eius
443 489 577 547 interiora
598 487 721 562 dirumpi
735 483 752 566 ¹)
774 486 946 546 viderentru.
977 485 1069 546 Nocte
1090 485 1220 560 quadem,

147 581 150 600 '
194 589 260 633 cum
281 579 384 633 natura
404 581 524 651 cogente
543 577 598 634 iret
618 574 656 634 ad
676 577 827 650 privatam,
849 573 922 633 duos
942 573 1072 642 homines
1091 575 1121 631 in
1141 573 1220 632 trabe

193 660 321 720 eiusdem
342 677 471 722 camerae
485 677 639 738 suspensos
653 661 732 720 vidit.
763 661 852 720 Erant
866 662 942 719 enim
956 676 1075 735 corpora
1092 675 1189 719 eorum
1199 655 1221 739 ²)

193 749 289 824 nigra,
309 750 481 808 vestimenta
500 748 623 823 laniata,
644 747 731 808 facies
752 746 874 822 velatae,
895 753 928 804 ut
948 746 1018 806 nihil
1039 745 1115 805 aliud
1137 763 1221 822 quam
1274 783 1275 798 r

194 833 271 894 fures
291 841 458 911 putarentru
468 831 500 915 ³).
523 835 602 912 Quos
614 841 647 893 ut
659 836 788 894 novicius
810 836 1014 909 exinproviso
1029 829 1220 912 conspexit⁴),

194 920 279 979 valde
300 924 425 998 territus,
453 928 481 982 et
501 939 576 997 pene
598 928 678 980 extra
698 926 823 981 mentem
843 920 950 995 faetus,
971 919 1010 979 ad
1031 919 1221 979 dormitorium

194 1009 319 1083 recurrit,
341 1014 370 1066 et
380 1009 459 1067 iuxta
479 1007 585 1067 lectum
598 1008 715 1066 Henrici
731 1008 873 1081 monachi,
893 1013 994 1082 postea
1008 1009 1123 1065 maioris
1137 1006 1221 1066 celle·

115 1105 118 1112 '
193 1095 259 1153 rarii
271 1090 300 1173 ⁵),
321 1094 441 1154 anhelus
461 1095 575 1155 resedit.
612 1094 659 1168 Et,
680 1097 754 1154 sicut
774 1094 843 1152 mihi
863 1094 940 1153 idem
955 1093 1098 1152 Henricus
1119 1096 1222 1153 recita-

194 1183 244 1255 vit,
264 1183 306 1240 ita
327 1184 508 1257 contremuit,
528 1184 569 1239 ite
591 1181 697 1240 crebris
718 1180 888 1257 singultibus
908 1187 1008 1256 peetus
1030 1179 1170 1256 pulsarit,
1191 1184 1221 1238 ut

193 1266 279 1327 valde
305 1269 478 1348 miraretur,
498 1268 567 1343 quid
587 1267 708 1326 haberet
735 1267 782 1326 rel
811 1266 879 1342 quid
906 1267 1033 1342 vidisset
1077 1266 1131 1325 Oui
1159 1284 1222 1326 cum

192 1355 335 1430 signasset
353 1361 386 1435 ut
404 1357 457 1414 iret
479 1345 644 1428 dormitur'n,
678 1371 712 1414 eo
742 1355 820 1430 quod
846 1355 933 1431 frigus
956 1360 1046 1428 esset,
1077 1360 1106 1412 et
1127 1351 1174 1412 ille
1194 1355 1221 1410 in

193 1441 255 1501 sols
275 1443 372 1500 trrrrica
391 1440 517 1515 sederet,
538 1457 596 1500 non
617 1442 769 1518 acquievit.
811 1441 893 1500 Tunc
921 1439 1045 1515 scapulis
1068 1441 1129 1500 eius
1156 1457 1222 1515 per-
1274 1513 1275 1516 Ἴ

105 1529 110 1537 ’
154 1589 156 1594 ,
193 1533 252 1588 tem
281 1530 446 1602 operimenti
472 1521 547 1607 sui⁶)
568 1529 678 1600 iniecit,
710 1529 809 1603 sicque
837 1544 928 1602 usque
958 1526 1100 1604 adsigna
1128 1533 1222 1585 matu·

187 1614 291 1674 'tinalia
322 1613 421 1674 sedere
434 1615 438 1628 ‘
452 1616 588 1689 permisit
640 1612 843 1674 NOVIOIUS:
881 1614 988 1671 Mirum
1020 1614 1099 1688 quod
1132 1615 1222 1688 paries

193 1718 286 1762 nevus
307 1706 367 1760 tam
387 1700 481 1760 valide
501 1699 655 1776 impulsus,
680 1701 835 1760 subsistere
855 1703 957 1776 potuit.
987 1691 1222 1760 MONACHUS:
1274 1725 1275 1728 ¹

118 1823 122 1834 ·
193 1787 253 1846 Diu
280 1804 338 1847 non
365 1790 456 1862 stetit,
485 1789 552 1864 quia
581 1789 687 1846 crebris
706 1790 896 1846 tentationum
923 1788 1026 1846 ictibus
1055 1793 1221 1863 quassatus,
1274 1861 1275 1872 ἵ

193 1874 310 1934 tandem
338 1875 392 1934 sub
419 1877 516 1950 specie
542 1874 612 1933 boni
641 1873 777 1950 deceptus
807 1880 850 1932 est
883 1878 911 1932 et
938 1873 1074 1932 deiectus.
1117 1873 1221 1932 Factus
1274 1881 1275 1950 ᾗ

193 1977 262 2022 vero
283 1961 449 2035 monachus,
469 1967 503 2020 ut
518 1961 573 2020 sibi
592 1960 690 2020 liceret
711 1962 826 2020 visitare
839 1967 977 2037 cognatos
999 1977 1068 2020 suos
1088 1962 1119 2018 in
1132 1961 1222 2020 Fran·

194 2049 253 2122 cia,
285 2065 358 2123 quos
387 2053 452 2108 aute
481 2048 694 2108 conversionem
722 2049 751 2104 in
780 2049 880 2124 viginti
908 2049 989 2106 annis
1018 2063 1077 2105 non
1098 2047 1222 2120 viderat,

192 2151 247 2196 nec
267 2134 365 2194 videre
386 2139 543 2208 curaverat,
565 2138 593 2193 et
613 2133 670 2192 illic
685 2150 748 2192 esse
760 2150 812 2209 per
828 2151 936 2192 annum
956 2135 984 2193 in
998 2133 1125 2208 quadam
1140 2133 1221 2192 domo
1274 2167 1275 2178 1

193 2221 299 2281 ordinis
319 2222 422 2296 nostri,
449 2222 487 2280 ab
509 2220 625 2280 Abbate
654 2237 720 2280 cum
747 2220 838 2279 multa
863 2223 1077 2296 importunitate
1100 2221 1223 2280 extorsit.

192 2308 250 2367 Ivit
271 2314 305 2385 et,
320 2307 410 2381 rediit,
431 2324 466 2366 ac
488 2306 590 2366 deinde
611 2307 784 2382 apostasiam
808 2309 968 2380 incurrens,
995 2313 1076 2366 extra
1096 2307 1222 2369 ordinem

193 2393 342 2454 defunctus
363 2400 415 2452 est.
456 2393 566 2454 Retulit
582 2394 668 2453 nobis
689 2393 810 2469 quidam
826 2408 919 2470 vagus
941 2393 1074 2469 clericuS,
1105 2392 1222 2469 quidni
1274 2407 1275 2410 ’

194 2483 254 2540 eius
274 2480 413 2554 interfuit,
442 2480 520 2556 quod
540 2480 661 2539 'cuidam
693 2479 832 2540 saeculari
853 2480 993 2539 sacerdoti
1006 2476 1025 2559 τ)
1046 2479 1133 2539 fuerit
1154 2497 1221 2541 con·
1274 2493 1275 2504 ¹

191 2567 299 2642 fessus,
332 2573 361 2627 et
388 2567 425 2626 ab
448 2583 482 2626 eo
503 2568 635 2626 inunctus
662 2573 749 2642 atque
771 2565 1043 2646 communicatus-⁸),
1074 2569 1174 2643 sieque
1194 2567 1222 2624 iu
1274 2635 1275 2640 γ

191 2655 269 2714 bona
290 2655 457 2712 contritione
479 2651 628 2713 defunctus
650 2650 735 2733 ests).
772 2651 975 2713 NOVICIUS:
996 2653 1041 2713 Ex
1061 2655 1221 2736 nirnisim·
1274 2675 1275 2732 }

190 2746 314 2816 portuna
341 2740 511 2799 daemonum
539 2740 694 2800 tentatione
720 2739 767 2800 hic
796 2739 890 2815 diseo,
921 2739 985 2816 plus
1015 2757 1065 2799 eos
1094 2743 1220 2800 timuisse
1274 2745 1275 2758 ¹

190 2829 295 2890 novicii
314 2827 398 2886 huius
414 2827 610 2902 humilitatem,
634 2844 721 2901 quam
742 2826 897 2902 supradicti
917 2826 1050 2886 monaehi
1071 2829 1220 2903 virginita-
1274 2847 1275 2872 r

189 2920 256 2975 tem.
308 2912 543 2974 MONAOHUS:
577 2913 671 2990 Quam
699 2915 837 2972 contraria
867 2915 904 2972 sit
929 2913 1042 2972 illorum
1069 2914 1219 2989 superbiae
1274 2925 1275 2982 j

189 3019 259 3064 vera
270 3000 423 3075 humilitas,
444 3018 480 3060 ex
500 3002 630 3076 sequenti
643 3000 766 3075 capitulo
779 2999 891 3075 plenius
908 3016 1057 3077 agnosces.
1090 3000 1177 3076 Quod
1191 2996 1219 3078 ¹⁰)
1274 2995 1275 2998 ’

190 3087 316 3148 dicturus
338 3105 417 3161 sum,
439 3086 475 3146 de
494 3092 593 3146 saneto
614 3086 760 3146 Bemardo
781 3093 896 3164 gestum
911 3083 939 3166 ¹¹)
962 3086 1073 3161 audivi,
1104 3094 1133 3147 et
1156 3088 1220 3163 quia
1274 3103 1275 3144 3

187 3193 330 3252 nusquam
350 3176 486 3250 scriptum
508 3174 612 3248 iuveni,
633 3175 738 3249 scripto
760 3172 895 3241 mandare
918 3172 1035 3251 dignum
1057 3173 1135 3232 duxi.
1274 3179 1275 3196 l

204 3431 235 3499 1)
253 3429 293 3482 BP
310 3428 477 3496 disrumpi.
496 3458 527 3468 -
547 3427 618 3498 2)l)
642 3437 734 3480 erent
756 3431 837 3481 enim
863 3444 1015 3496 corpora,
1039 3427 1103 3480 ACP
1126 3435 1217 3496 erent

254 3515 364 3581 eorum
386 3513 530 3580 corpore.
547 3527 581 3581 .—
601 3498 632 3565 3)
655 3498 747 3550 dictum
766 3513 812 3599 p‘fo
839 3498 1100 3581 viderentumll,
1124 3501 1155 3551 5:
1179 3497 1217 3563 „in
1274 3503 1275 3536 i

253 3566 515 3704 ttttttillf‘tt
528 3568 928 3702 litttitttbrstlt
946 3566 1217 3706 &pislldrlld
1274 3663 1275 3714 r

253 3721 294 3757 orn
312 3705 383 3758 eur.
402 3734 433 3744 —
453 3707 469 3757 8
496 3705 516 3758 Ο
533 3707 789 3761 communicatus
808 3716 907 3775 etque
925 3709 1127 3758 inunctus—
1147 3706 1177 3773 9)
1194 3705 1214 3757 A

251 3776 298 3837 sit;
316 3774 382 3825 coni.
400 3773 442 3836 lV,
494 3812 501 3825 .
521 3804 549 3814 -
572 3775 620 3843 to)
638 3774 702 3832 ABG
720 3792 809 3843 quae.
824 3806 855 3819 -
870 3777 918 3846 11)
936 3776 956 3829 G
972 3785 1081 3848 geste,
1099 3784 1126 3827 et
1144 3775 1215 3843 paulo
1274 3791 1275 3824 l

250 3853 308 3920 post
326 3844 435 3901 inveni
454 3845 585 3922 scripto.
1274 3839 1275 3888 l
