2538 4314
395 275 457 334 DE
479 271 748 344 couaassiouu.
1033 277 1092 334 113

86 397 142 471 ian,
160 404 185 456 et
204 415 237 458 ex
259 399 350 458 verbo
375 397 489 457 iactum
508 397 683 474 intelligeret,
704 415 757 458 nec
779 403 876 456 tamen
897 402 992 456 meere
1007 395 1094 470 licuit,

84 492 107 541 nt
126 485 243 544 virtutem
271 486 466 545 consessionis
499 485 638 544 sacerdoti
669 485 841 545 ostenderet.
889 482 1093 544 NOVICIUS:

81 570 165 648 iiagna
184 578 225 631 est
244 575 338 632 virtrs
363 573 557 646 consessionis,
579 587 653 648 quac
676 577 704 630 et
726 573 833 631 crimen
854 570 984 630 adulteri
998 587 1016 630 a
1029 587 1094 630 mc·

80 661 148 716 moria
166 659 268 718 diaboli
290 659 412 734 delevit,
435 666 464 718 et
483 659 626 719 hominem
648 659 686 717 ab
706 659 864 717 imminenti
883 657 1094 732 periculoliba-

79 747 140 804 ravit
177 745 419 808 MONACHUS:
452 745 530 805 Audi
562 751 591 805 ct
624 746 748 804 inactum
783 745 868 806 huius
900 745 1094 804 consessionis.

77 832 191 892 Sacerdos
211 851 270 891 non
291 836 450 892 immemor
472 832 566 892 collati
580 832 782 906 sibibeneiicii,
803 830 1094 905 saeculumdesenait,

77 925 98 976 et
118 906 153 978 in⁸
167 920 292 994 quodam
324 921 468 980 coenubio
504 920 611 979 ordinis
639 922 727 978 nostri
760 918 934 978 monachum
960 935 992 980 se
1019 918 1094 977 iecit.

75 1005 158 1066 Adhuc
177 1009 273 1066 vivere
295 1013 433 1082 putatur,
462 1009 535 1065 sicut
557 1006 642 1066 didici
662 1023 681 1064 a
702 1005 828 1082 quodam
849 1004 966 1066 Abbate
988 1004 1094 1065 ordinis

75 1091 251 1153 iistercieusis.
296 1093 507 1154 NOVIGIUS:
539 1092 695 1169 Prophetis
720 1093 805 1152 huius
827 1094 953 1168 protervi
974 1091 1094 1150 memo

73 1181 112 1253 nis,
130 1197 211 1240 causa
232 1183 259 1240 ei
283 1182 397 1241 exstitit
418 1197 540 1256 magnac
554 1180 663 1240 salutis.
705 1178 941 1240 Montanus:
962 1179 1095 1239 Narravit

73 1267 124 1324 mihi
143 1274 169 1326 et
188 1268 267 1328 aliud
289 1285 367 1344 panc
390 1267 482 1326 simile
503 1267 579 1326 huic.

313 1495 316 1502 .
421 1409 654 1518 carmanum
676 1455 733 1516 111.

28 1565 30 1574 ’
86 1578 148 1636 Item
168 1579 202 1638 dc
222 1597 313 1639 ammo
337 1580 464 1637 attardus
485 1579 592 1651 militis,
614 1581 666 1654 qai
687 1596 755 1638 cam
776 1595 871 1638 ucoca
893 1579 1006 1638 mini
1025 1583 1072 1638 aad

100 1682 228 1740 amona,
251 1674 281 1726 ct
304 1669 338 1725 aia
359 1682 482 1723 nemore
502 1665 579 1722 idam
598 1672 751 1739 peccatam
772 1668 882 1724 matico
904 1665 1051 1742 cotrfiterts,

336 1771 357 1812 a
380 1751 500 1810 diabolo
515 1752 607 1828 prodi
627 1769 689 1811 aon
704 1755 815 1828 potuit.

119 1887 272 1950 Cuiusdam
294 1889 396 1950 militis
417 1906 490 1949 uxor
510 1891 656 1967 proprium
678 1907 793 1949 servum
814 1887 976 1963 admiserat,
996 1887 1094 1947 libidi-

70 1975 102 2032 nis
118 1979 178 2053 igne
199 1995 355 2038 succensa.
401 1975 475 2035 Cum
496 1994 554 2052 quo
577 1995 642 2036 eum
663 1995 715 2052 per
726 1983 841 2053 tempus
855 1975 973 2051 aliquod
982 1975 1095 2035 occulte

70 2071 211 2140 potensest,
240 2083 297 2125 nec
320 2067 381 2123 iam
402 2060 492 2122 latere
511 2070 623 2140 posset,
655 2063 694 2123 ad
722 2081 806 2124 aures
834 2065 929 2122 mariti
955 2063 1095 2139 pervenit

71 2145 110 2207 Ille
128 2169 191 2210 vcro
214 2150 252 2211 de
274 2151 369 2212 verbo
393 2150 500 2224 dolens,
520 2168 575 2210 nec
596 2157 694 2210 tamen
714 2151 811 2210 verbis
832 2149 1008 2225 adplenum
1031 2165 1094 2208 ere·

71 2233 138 2312 deus,
157 2240 262 2313 acuit,
297 2239 408 2312 sciens,
440 2255 472 2296 so
491 2239 695 2313 investigante,
723 2254 784 2296 rem
805 2243 866 2296 tam
886 2237 1025 2296 nefariam
1046 2235 1094 2294 diu

70 2337 115 2380 aon
131 2341 213 2400 posse
235 2325 389 2385 occultari.
432 2323 505 2400 Quia
526 2327 570 2382 vir
592 2330 652 2384 erat
674 2324 754 2383 dives
777 2323 961 2399 ethonestus,
982 2324 1095 2384 utone-

71 2423 114 2482 que
131 2411 204 2470 sama
224 2418 289 2472 tam
312 2413 397 2486 inops
420 2417 449 2469 et
475 2411 641 2486 inhonesta,
673 2408 774 2469 maluit
800 2427 860 2470 rem
887 2412 1065 2486 irrexpcrtam
1077 2407 1094 2488 ¹)

71 2497 267 2568 petulantium
290 2497 332 2558 ad
352 2505 466 2572 tempus
487 2504 585 2574 tegere
592 2495 621 2578 ²),
644 2515 732 2572 quam
752 2515 784 2556 se
806 2501 836 2556 et
855 2514 975 2556 uxorem
986 2513 1095 2574 genus·

71 2597 115 2654 que
132 2589 189 2644 taur
210 2604 299 2645 suum
322 2603 411 2661 quam
431 2584 514 2668 illius,
536 2602 588 2661 per
608 2586 786 2660 suspiciones
805 2583 1000 2644 dehonestare.
1042 2584 1095 2642 In·

71 2671 137 2728 terim
156 2673 263 2749 ubique
288 2671 468 2748 divulgatum
491 2678 548 2746 cst,
568 2674 598 2730 in
618 2671 670 2732 tali
690 2671 759 2730 villa
780 2671 930 2730 obsessum
951 2671 1095 2747 quendam

72 2771 134 2831 csse,
158 2762 254 2820 nescio
278 2765 378 2818 tamen
400 2761 424 2816 si
445 2757 522 2817 idem
548 2757 647 2834 daerit,
675 2757 711 2817 de
740 2775 798 2833 quo
827 2760 957 2834 superius
987 2758 1095 2819 dictum

72 2849 118 2916 cst,
144 2849 189 2920 qui
214 2847 326 2906 nemini
354 2851 498 2922 parceret,
531 2844 582 2904 sed
610 2845 810 2920 praesentibus
841 2851 963 2924 peccata
983 2844 1096 2906 occulta

73 2927 188 2991 obiceret
208 2939 238 2993 et
259 2936 477 3008 improperaret
521 2931 606 3007 Quod
628 2949 695 2993 cum
716 2930 843 2992 audisset
863 2932 953 3007 miles,
975 2949 1096 3008 sperans

73 3031 113 3086 per
129 3017 203 3078 illum
224 3023 267 3080 rei
290 3021 442 3078 veritatem
464 3019 588 3094 discere,
609 3025 737 3078 assumto
760 3036 859 3078 aecum
880 3037 979 3093 scrvo,
1002 3020 1097 3094 coepit

74 3099 111 3159 iilo
118 3100 135 3182 ³)
153 3123 281 3183 pergere,
304 3109 369 3165 viae
392 3123 510 3165 causam
530 3122 614 3165 servo
635 3107 749 3182 penitus
765 3108 923 3182 ignorante.
965 3106 1095 3166 Venien-

75 3188 135 3248 tibus
164 3195 204 3252 eis
232 3192 273 3252 ad
302 3209 404 3255 nemus
434 3191 595 3268 quoddam,
628 3211 695 3252 cum
723 3193 854 3252 dominus
883 3192 1039 3252 declinaret
1065 3195 1095 3252 in

76 3276 199 3347 rumdam
226 3281 377 3353 semitam,
410 3297 484 3354 quae
510 3279 550 3338 ad
577 3279 754 3339 daemoniosi
766 3276 788 3360 4)
820 3279 958 3340 tendebat
978 3279 1095 3357 villam,

77 3367 153 3438 coepit
171 3384 271 3426 servus
294 3366 381 3425 vaide
402 3383 522 3442 pavere,
545 3368 636 3426 scians
658 3383 710 3442 pro
732 3372 825 3442 certo,
848 3385 879 3426 se
900 3366 976 3427 ultra
996 3368 1095 3428 vivere

77 3461 122 3506 nou
138 3469 227 3528 posse,
249 3455 276 3512 si
298 3455 406 3512 crimen
426 3453 557 3512 adrdtcrii
576 3452 745 3529 proderetur
758 3471 776 3512 a
789 3454 936 3513 daemone.
979 3453 1096 3514 Positus

79 3533 100 3590 in
117 3543 187 3599 auto
207 3542 320 3614 timore,
344 3538 413 3597 dum
433 3542 462 3596 in
485 3540 703 3616 cogitationibus
725 3541 785 3600 suis
806 3541 971 3614 fluctuaret,
999 3539 1095 3598 horni-

80 3635 132 3680 nem
150 3627 176 3683 iu
197 3627 299 3687 eodem
321 3642 440 3685 nemore
459 3625 537 3704 ligna
557 3626 730 3687 incidentem
758 3626 882 3687 audivit
917 3627 1095 3701 Immisitque

95 3771 340 3846 puerperium.
370 3805 402 3816 -·
429 3777 541 3846 2JADP
567 3777 735 3846 detegere·
756 3808 786 3819 -
815 3777 847 3846 3)
865 3777 928 3832 BGD
954 3775 1042 3828 iiiuc.
1062 3806 1093 3815 -

135 3844 162 3912 4)
178 3847 195 3898 Ρ
212 3846 424 3900 daemoniaci.
