2538 4314
168 269 207 328 78
466 265 693 330 DISTINOTIO
715 267 899 330 SECUNDA
1115 337 1117 346 Ι

62 447 77 476 ,s
167 389 218 448 tali
238 387 435 465 verecundiae,
456 389 507 451 tali
527 393 727 467 poenitentiae,
747 391 852 450 nulhus
872 390 983 467 peccati
996 405 1120 465 poenam
1130 405 1200 465 pos·

168 493 200 536 se
221 480 359 551 resistere,
381 493 477 536 coram
499 479 631 537 omnibus
653 478 722 536 dixit
742 478 781 537 ad
801 478 961 537 muHerem:
982 477 1142 536 Dimissum
1158 482 1201 536 cst

168 570 319 640 peccatum
337 570 436 639 tuum3
465 565 540 624 vade
561 567 590 623 in
611 581 692 641 pace.
734 564 772 624 Et
800 565 840 623 nil
868 564 988 640 amplius
1017 565 1138 622 iniunxit
1167 565 1201 622 ei.

94 681 95 686 κ
168 649 289 708 Audiuit
310 650 383 710 haec
405 651 521 726 quddam
543 669 588 711 ex,
601 651 807 726 Cardinalibus,
823 658 858 710 'et
879 668 945 711 cum
957 650 1115 709 Pharisaeo
1130 666 1201 709 con·

168 743 214 797 tra
234 738 345 813 Papam
366 755 560 813 murmurans,
579 739 716 798 iudicium
737 740 798 797 eius
818 737 1012 814 reprehendit,
1044 737 1143 796 diceus
1164 736 1201 795 ad

169 830 279 884 tantm
302 823 415 900 culpam
436 830 496 884 tam
516 826 635 884 brevem
655 827 859 900 poenitentiam
868 827 961 883 miuus
973 823 1159 884 sufficientem
1175 820 1201 904 ¹).

171 911 225 970 Curi
244 910 292 970 ille
313 911 473 986 respondit:
501 912 531 972 Si
561 927 616 988 ego
643 913 747 970 iniuste
776 914 822 988 egi
843 929 909 970 cum
930 911 1047 970 muderc
1075 912 1143 984 ista,
1173 916 1202 969 et

168 997 340 1058 insufficiens
362 1005 406 1056 est
427 1001 488 1058 eius
510 1015 607 1072 coram
616 998 681 1056 Deo
702 995 883 1073 poenitentia,
904 1003 1077 1074 potestatem
1095 997 1202 1056 habeat

170 1085 301 1145 diabolus
320 1085 497 1161 ingrediendi
529 1102 632 1161 corpus
663 1101 772 1159 meum,
806 1091 835 1144 et
862 1101 959 1144 coram
991 1084 1125 1144 omnibus
1155 1100 1201 1142 mc

169 1178 270 1248 vexet3
300 1174 413 1232 sivero
435 1169 500 1252 tu²)
521 1173 624 1232 iniuste
645 1187 691 1230 me
712 1171 909 1248 reprehendis,
942 1171 1033 1230 simile
1061 1171 1115 1230 tibi
1142 1169 1200 1229 liat.

143 1258 272 1346 ,Statim
294 1258 424 1318 diabolus
447 1257 625 1317 Cardinalem
647 1257 770 1340 eundem
790 1275 896 1318 vexare
918 1260 1027 1334 coepit,
1047 1273 1101 1332 per
1123 1259 1201 1317 cuius

168 1347 351 1405 vexationem
370 1345 527 1421 perfectam
547 1345 672 1404 mulieris
685 1347 887 1420 poententiam
897 1345 979 1404 Deus
991 1344 1090 1420 palam
1104 1350 1202 1404 osten·

170 1432 219 1492 dit.
261 1431 391 1491 Tandem
413 1434 539 1491 omnium
560 1434 687 1492 oratioue
708 1438 847 1510 purgatus
869 1431 1034 1506 Cardinaha
1055 1429 1155 1492 didicit
1173 1432 1201 1488 in

168 1537 222 1578 sua
243 1522 409 1592 vexatione,
431 1518 543 1579 divinae
564 1518 774 1578 misericordiae
797 1518 832 1578 de
854 1526 949 1580 cetero
969 1535 1029 1578 non
1050 1518 1201 1578 oblatrare.

169 1607 246 1666 Ecce
267 1605 368 1664 muher
388 1607 458 1680 ista,
486 1608 560 1664 sieut
588 1605 768 1680 supradictus
790 1606 923 1680 clericus,
951 1604 1063 1664 infirma
1086 1603 1201 1678 cecidit,

170 1699 200 1752 et
226 1694 376 1752 sanissima
402 1695 531 1751 surrexit
582 1690 786 1751 NOVIGIUS:
817 1692 927 1770 Magna
953 1691 1010 1750 Dei
1038 1691 1201 1764 clementia,

155 1779 248 1855 ¹quod
267 1786 327 1837 tarn
348 1796 486 1855 magnum
506 1785 664 1854 paccatum,
687 1773 733 1838 e'ui
754 1781 928 1855 poenitentia
949 1776 1201 1854 debenuquinde·

171 1868 227 1926 cim
248 1882 396 1939 auuonrm,
417 1872 477 1924 tam
497 1866 593 1924 brevis
615 1864 691 1926 delet
712 1868 852 1924 contritio.
883 1863 1118 1925 MONAOHUS:
1139 1864 1201 1924 De-

169 1953 210 2012 let
230 1957 350 2028 peccata
371 1952 460 2011 multo
481 1954 598 2010 maiora.
629 1950 831 2012 NOVIOIUS:
854 1951 935 2028 Quae
949 1951 1097 2011 suntilla?
1125 1949 1200 2010 MO-

170 2037 343 2100 NACHUS:
376 2035 561 2118 Idolatria³),
588 2038 729 2112 haeresis,
758 2039 911 2118 abnegatio
943 2037 1093 2098 Creatoris.
1142 2037 1201 2096 Ista

170 2133 237 2186 sunt
259 2145 294 2186 ex
313 2127 425 2185 insania
446 2125 595 2199 diabohca,
616 2130 736 2201 peccata
757 2142 827 2185 vcro
850 2125 974 2186 carnalia
995 2142 1031 2184 ex
1040 2123 1201 2184 infirmitate

169 2214 304 2273 humana.
347 2211 431 2272 Unde
453 2212 491 2270 ad
512 2213 698 2288 mitigandam
717 2214 790 2271 iram
811 2212 937 2272 divinam
958 2215 988 2270 in
1017 2211 1200 2273 commenda·

169 2303 246 2360 tione
268 2299 467 2359 defunctorum
489 2299 603 2358 dieitur:
646 2299 729 2358 Licet
748 2299 800 2358 tibi
821 2301 997 2375 peccaverit,
1026 2315 1084 2358 non
1107 2305 1200 2357 tamm

170 2383 232 2467 te⁴)
254 2389 379 2462 negavit.
421 2384 624 2445 NOVIGIUS:
645 2385 738 2462 Rogo,
760 2387 784 2444 si
804 2390 880 2445 nosti
901 2386 1026 2462 aliquem
1048 2387 1098 2461 qui
1108 2384 1201 2444 Deum

170 2474 340 2550 abnegando
362 2472 472 2548 cecidit,
494 2478 523 2532 et
542 2489 594 2550 per
615 2475 820 2532 contritionem·
833 2475 961 2546 surrexit,
982 2472 1105 2549 exempli
1116 2487 1201 2532 cama

169 2561 340 2620 manifestes.

523 2748 755 2810 CAPITULUM
778 2749 849 2809 XII.

169 2876 216 2934 De
236 2875 409 2932 contritione
430 2843 535 2932 nobilia
556 2875 678 2945 invente,
702 2875 754 2947 qul
776 2870 924 2931 Olanetnns
945 2874 1073 2946 scopavit,
1101 2878 1129 2930 et
1144 2888 1199 2946 pec

238 2963 469 3018 intercessionem
492 2957 595 3018 beatae
622 2959 750 3034 Vinptnic
771 2961 888 3033 pretias
908 2961 1060 3018 restitutus
1082 2963 1132 3018 est.

232 3093 468 3156 MONACHUS:
489 3095 567 3156 Infra
594 3096 649 3156 hoc
679 3098 903 3172 quinquennium
923 3097 1003 3154 iuxta
1022 3071 1197 3166 Fl'oreffiarm

170 3183 339 3243 coenobium
372 3182 476 3254 ordinis
504 3183 794 3243 Prasmonstratensis
822 3185 852 3242 in
880 3181 1014 3242 Dioecesi
1034 3179 1197 3252 Lecdiensi,

169 3268 335 3348 adolescens
357 3269 473 3343 quidam
495 3263 597 3329 nobilis
610 3270 758 3344 habitavit,
780 3272 826 3329 cui
847 3276 929 3346 pater
948 3271 1079 3344 moriens,
1101 3271 1197 3343 utpote

168 3359 212 3415 vir
233 3373 352 3432 mamus
376 3361 403 3414 et
424 3361 539 3431 potens,
567 3356 671 3415 multas
693 3356 806 3416 divitias
827 3357 948 3432 reliquit
991 3356 1097 3416 Factus
1118 3353 1196 3412 miles

168 3442 384 3517 idemiuvenis,
405 3449 438 3500 ut
451 3442 570 3518 gloriam
586 3443 640 3501 sibi
663 3447 841 3518 conquireret
861 3443 1056 3519 temporalem,
1077 3445 1105 3500 in
1118 3439 1195 3500 bravi

168 3529 207 3590 ad
234 3545 368 3604 magnam
397 3527 535 3588 deductus
564 3535 607 3588 est
633 3537 839 3605 paupertatem.
884 3530 979 3590 Causa
1005 3532 1080 3589 euim
1107 3526 1195 3586 laudis

167 3617 310 3675 humanae
338 3618 539 3676 torneamentis
567 3609 644 3675 t'otus
674 3616 785 3676 deditus
808 3623 882 3692 erat,
909 3617 1091 3676 histrionibus
1117 3613 1195 3688 larga

186 3748 217 3833 1]
234 3765 254 3817 B
273 3763 445 3816 sulficere.
465 3796 496 3805 -
515 3765 547 3835 2)
564 3766 585 3818 Β
604 3768 631 3818 si
648 3782 741 3830 vero,
758 3767 779 3820 (l
796 3770 822 3822 si
840 3778 874 3822 to
890 3783 975 3822 vero.
995 3798 1025 3809 -
1045 3767 1076 3837 3)
1093 3765 1114 3818 ll
1131 3761 1194 3816 ido·

235 3833 380 3886 lolatria.
400 3863 430 3875 -
450 3835 482 3904 4)
499 3835 519 3889 G
536 3844 644 3890 tamen
662 3846 694 3892 te
716 3851 784 3890 nou.
816 3870 819 3876 ·
