2538 4314
170 253 210 312 eo
244 212 250 232 ⁸
460 248 687 313 orsurucnrc
707 247 890 312 succuum

167 391 228 434 rem
248 373 364 433 solitum
384 371 460 450 flere,
480 390 555 450 pene
576 391 668 451 usque
689 372 727 432 ad
748 373 872 432 mediam
893 373 1015 447 noctem,
1035 377 1068 430 ut
1083 369 1196 431 tandan

167 462 270 520 timens
293 453 379 536 capiti
399 476 479 535 meo,
511 463 560 519 vin
586 477 633 519 me
662 460 793 521 cohibere
821 477 937 536 possem
958 477 977 519 a
997 460 1075 519 flatu.
1118 458 1197 534 Quae

169 563 234 606 cum
255 547 324 606 milri
344 547 522 622 mandasset,
551 546 629 623 quod
650 547 700 606 tali
721 554 806 606 noete
827 550 948 624 gratiam
968 546 1046 606 illam
1066 544 1198 605 lacrima-

167 651 230 692 rum
251 634 320 692 mihi
341 636 535 710 impetrasset,
562 636 664 693 iterum
685 651 816 694 reversum
838 651 902 694 sum
924 633 961 693 ad
983 651 1063 708 earn,
1092 638 1121 692 ct
1142 633 1197 691 sci·

168 723 285 780 scitatus
307 737 371 779 sum
392 721 429 780 ab
453 737 502 795 ea,
526 720 638 780 dicens:
666 720 761 780 Dicite
782 721 852 779 mihi
872 723 902 779 in
924 723 1056 795 caritate,
1078 718 1198 796 qualiter

167 807 237 866 milri
258 807 435 868 obtinueritis
456 809 577 884 gratiam
598 807 685 867 illam.
728 806 810 883 Quae
831 809 977 883 respondit
997 808 1067 866 mihi
1089 806 1143 865 snb
1156 805 1198 864 his

167 894 278 953 verbis:
310 894 406 953 Primo
429 894 545 970 quidem
567 894 722 953 Dominum
743 894 846 954 durum
866 897 976 971 inveni3
1006 894 1058 954 sed
1080 893 1199 952 dirici:

166 979 306 1056 Domine,
327 998 385 1040 non
407 981 513 1041 evades
534 999 636 1042 manus
656 997 753 1056 meas,
774 983 828 1041 nisi
848 982 1006 1048 monachus
1027 981 1073 1040 illa
1095 980 1200 1041 habeat

167 1070 288 1145 gratiam
319 1067 507 1128 lacrimanrm.
560 1067 599 1125 Et
626 1070 722 1128 statim
754 1072 896 1130 concessit
921 1069 982 1128 tibi.
1032 1067 1148 1128 Adiecit
1173 1072 1200 1126 ct

167 1157 281 1215 tortium
303 1154 465 1230 exemplum
486 1153 521 1214 de
543 1154 627 1213 simili
648 1157 776 1214 materia.

516 1308 749 1370 CAPITULUM
769 1308 873 1370 xxi*

209 1430 285 1491 Item
307 1432 343 1491 dc
363 1432 516 1505 monacho,
539 1435 591 1507 qui
613 1432 703 1577 ogeru
726 1431 859 1492 Waltero
881 1431 1004 1492 cautim
1025 1434 1159 1508 qratiam

624 1536 642 1578 c
663 1522 759 1580 uouit.
1222 1541 1224 1550 ’

118 1654 121 1662 ’
232 1636 315 1713 Alio,
337 1641 442 1715 inquit,
470 1645 613 1714 tempore,
640 1642 740 1717 rogari
761 1657 850 1698 unum
872 1639 1076 1699 exmonachis
1098 1639 1201 1698 nostis

167 1725 261 1785 bonae
283 1727 422 1801 opinionis
443 1728 545 1800 virum,
566 1733 600 1785 ut
619 1731 735 1804 rogaret
744 1725 842 1786 Deum
858 1723 874 1806 ¹)
895 1743 947 1802 pro
969 1743 1024 1786 mc.
1058 1725 1201 1801 Quicum

167 1812 238 1870 mihi
260 1811 340 1872 daret
362 1815 521 1889 optionem,
554 1812 622 1889 quid
650 1813 721 1873 mihi
746 1813 850 1874 vellem
877 1831 896 1872 a
922 1812 987 1872 Deo
999 1810 1020 1894 ²)
1041 1811 1201 1888 impetrari,

167 1899 267 1959 volens
289 1902 426 1960 sermonis
449 1903 509 1960 eius
530 1900 666 1960 fiduciam
686 1901 823 1976 probare,
844 1899 977 1976 respondi
998 1901 1039 1959 ei:
1071 1898 1150 1959 Volo
1171 1902 1202 1956 ut

168 1986 298 2046 obtineas
318 1987 388 2046 mili
408 1993 475 2063 post
496 1984 645 2068 missam⁸)
667 1991 789 2065 gratiam
803 1987 991 2061 haumarum,
1013 1987 1118 2062 quibus
1132 2001 1201 2062 pec·

170 2079 235 2133 cata
255 2091 321 2134 mea
342 2073 521 2151 deplangam.
563 2074 602 2132 Et
621 2077 751 2150 promisit
771 2074 841 2132 mihi
867 2073 989 2132 multum
1010 2072 1201 2134 'confidenter

170 2158 308 2236 Sequenti
328 2159 374 2220 die
397 2178 463 2221 cum
483 2165 549 2237 post
569 2157 704 2242 missas⁴)
726 2178 836 2222 moram
856 2162 980 2221 facerem
1007 2167 1074 2220 ante
1108 2157 1201 2236 quod·

170 2246 238 2306 dam
259 2247 357 2322 altars,
378 2253 408 2306 et
429 2264 521 2308 essem
542 2247 620 2307 solus
640 2251 670 2306 in
683 2249 818 2324 oratione,
839 2253 919 2308 tanta
933 2247 1002 2306 mihi
1015 2247 1200 2306 affiutabun·

170 2333 267 2392 dantia
287 2333 487 2409 lacrimarum,
508 2340 541 2393 ut
561 2335 687 2394 mirarer.
728 2333 836 2396 Postea
857 2353 923 2395 cum
942 2334 1062 2408 vidisset
1082 2351 1131 2393 me
1151 2325 1201 2392 su·

169 2419 316 2496 pradictus
343 2419 515 2495 monachus,
552 2438 670 2497 corpore
699 2421 814 2497 quidem
841 2422 966 2496 iuvenis,
995 2419 1046 2480 scd
1073 2420 1202 2479 moribus

170 2506 254 2566 vaide
275 2513 418 2583 maturus,
447 2508 541 2583 coepit
562 2508 632 2566 mihi
651 2510 763 2586 signare
776 2506 812 2590 ⁵),
834 2511 859 2567 si
878 2508 953 2568 benc
975 2513 1050 2567 esset
1070 2523 1201 2578 mecum,

169 2595 290 2670 matiam
310 2601 414 2654 notans
434 2594 503 2652 mihi
525 2594 666 2654 collatam.
707 2595 771 2672 Ego
793 2597 906 2672 signum
928 2597 989 2654 eius
1016 2611 1075 2653 non
1094 2592 1202 2654 intelli-

109 2750 112 2756 ,
169 2697 256 2757 gens,
289 2686 318 2740 et
338 2686 404 2741 ante
425 2680 554 2744 Priorem
573 2680 653 2740 illum
675 2682 797 2758 ducens,
826 2683 957 2758 quaesiui
978 2680 1047 2756 quid
1067 2682 1201 2758 signaret.

171 2766 227 2843 Qui
249 2766 318 2826 dixit
338 2767 419 2826 mihi:
451 2767 598 2843 Numquid
626 2785 685 2828 non
714 2771 827 2846 copiose
848 2767 934 2828 hodie
954 2767 1094 2827 habuistis
1115 2767 1201 2828 lacri-

170 2851 254 2914 mas?
298 2854 391 2930 Quem
413 2871 479 2914 cum
499 2857 726 2932 interrogassem,
748 2857 773 2915 si
794 2855 912 2916 vidisset
932 2872 979 2915 mc
998 2854 1201 2926 lacrimantem,

170 2941 329 3016 respondit:
362 2942 440 3000 Estis
467 2957 522 3001 vos
547 2947 608 3000 tam
628 2942 744 3018 stultus,
773 2942 851 3017 quod
878 2943 984 3018 putatis
1005 2958 1051 3000 me
1072 2938 1201 3000 vidisse?

169 3028 232 3105 Ego
254 3030 343 3086 minui
364 3030 546 3106 sanguinem,
574 3046 628 3088 nee
655 3029 735 3088 licuit
755 3029 826 3088 mihi
846 3029 928 3088 dictis
949 3021 1075 3108 missis⁶)
1097 3027 1223 3087 morari·

169 3117 200 3174 in
222 3117 353 3174 oratorio.
396 3114 478 3176 Tunc
498 3116 688 3192 interrogatus
709 3134 729 3175 a
749 3132 804 3190 me,
827 3113 969 3192 quomodo
991 3113 1061 3173 mihi
1081 3117 1201 3190 gratiam

171 3201 292 3262 eandem
314 3202 493 3276 obtinuisset,
525 3202 671 3278 respondit
698 3219 772 3279 pene
800 3205 874 3261 sicut
902 3201 1065 3278 supradicta
1092 3200 1201 3260 mulier.

170 3287 341 3363 Dominum,
368 3290 473 3364 inquit,
501 3291 591 3364 primo
615 3288 717 3347 durum
737 3291 849 3364 inveni3
877 3288 929 3348 sed
952 3288 1008 3346 dixi
1028 3287 1080 3346 illi:
1109 3287 1200 3360 Ecce,

171 3375 303 3449 Domine,
324 3392 381 3434 non
404 3374 544 3434 dimittam
565 3381 602 3450 te,
623 3378 677 3434 nisi
699 3377 787 3434 iacias
810 3374 887 3451 quod
907 3391 986 3452 rogo.
1029 3374 1083 3434 His
1106 3374 1201 3434 verbis

132 3470 138 3484 “
170 3461 313 3538 placatus,
343 3461 487 3521 exaudivit
506 3479 562 3521 mc.
604 3460 807 3522 NOVICIUS:
836 3462 925 3522 Miror
952 3462 1109 3521 bonitatem
1129 3460 1202 3532 Dei,

172 3548 249 3626 quod
271 3551 312 3608 sic
325 3545 345 3628 ²)
369 3550 433 3625 cogi
452 3555 549 3624 potest
570 3554 599 3607 et
619 3547 682 3606 vult
703 3566 721 3606 a
742 3551 831 3608 servis
853 3552 912 3608 suis
934 3555 962 3608 et
983 3547 1105 3622 ancillis,
1126 3563 1201 3622 quo-

190 3683 220 3751 1)
238 3681 259 3736 G
275 3682 447 3734 llominum.
467 3711 497 3722 -
525 3682 558 3750 2)
575 3698 590 3732 a
607 3682 671 3734 ileo
688 3681 776 3752 cnunc.
795 3713 828 3723 -
855 3678 1202 3751 inmissus-01²

240 3753 427 3874 ἱηίἱεὲἓέιῂὸ-
447 3752 478 3822 5)
496 3751 516 3806 0
533 3752 738 3821 significare.
758 3783 788 3794 -
808 3753 840 3822 6)
857 3753 878 3807 0
895 3752 980 3805 dicta
996 3753 1099 3805 missa.
1117 3780 1149 3790 -
1168 3749 1202 3816 7)
