2622 4322
140 281 203 342 116
456 267 685 340 oleumcum
708 275 873 356 QUARTA

138 403 252 481 hyeme,
272 400 403 480 regulare
423 402 566 461 ieiunium¹
581 407 610 460 et
622 397 638 482 ¹)
660 407 775 462 tenuem
798 401 941 476 diaetam,
963 405 993 462 ct
1013 406 1108 462 cetera
1129 400 1177 463 his

54 523 59 542 ι
138 489 242 551 similia
250 486 281 570 ²).
322 489 501 570 Inquorum
522 491 649 549 omnium
672 489 897 549 consideratione
927 490 969 548 ita
989 485 1178 566 pusillanimis

139 578 258 638 effeetus
280 582 332 652 est,
352 583 386 635 ut
408 578 522 637 omnino
545 575 581 636 de
602 577 820 652 perseverantia
835 576 1007 651 desperaret
1050 575 1089 640 Et
1106 575 1177 636 dixit

138 664 221 724 mihi:
253 663 320 724 Non
340 664 480 740 putabam
502 662 629 722 ordinem
649 667 747 722 tantae
770 659 861 742 esse³)
883 661 1074 722 *districtionis
1116 661 1176 722 Us-

119 768 196 828 squs
217 749 332 810 adhoc
354 755 467 826 tempus
489 752 657 825 aestimavi,
691 749 768 825 quod
795 751 896 808 minuti
910 741 1018 810 dames
1040 748 1176 810 comede-

138 843 210 912 rent,
232 844 261 897 et
282 836 360 913 quod
381 837 514 897 monachi
535 839 596 896 sinc
619 836 737 896 cucullis
759 839 818 896 suis
839 836 1002 896 dormirent.
1045 836 1177 896 Poenitet

138 940 185 984 me
206 924 264 986 huc
285 926 407 984 venisse.
448 924 632 1000 Propositum
653 941 749 982 meum
771 929 823 998 est,
849 929 881 982 ut
901 926 1176 1000 persemetipsum

140 1017 253 1072 cantem
273 1012 303 1070 in
325 1011 446 1071 aeclesia
466 1027 532 1070 mea
552 1013 582 1069 in
603 1006 820 1092 Herusheimt),
859 1012 939 1070 cuius
960 1009 1065 1069 Pastor
1096 1027 1176 1086 sum,

139 1115 215 1176 quae
237 1101 306 1158 satis
328 1097 404 1158 male
424 1097 510 1157 modo
532 1097 627 1157 locata
650 1103 708 1173 est;
731 1103 760 1157 et
780 1114 864 1173 spero
885 1113 938 1172 per
958 1096 1016 1168 Dei
1036 1099 1174 1174 gratiam,

139 1184 218 1263 quod
238 1185 369 1254 honeste
382 1191 411 1244 et
432 1187 493 1244 sine
514 1182 629 1259 querela
655 1181 753 1261 regere
783 1183 905 1243 debeam
932 1185 963 1241 in
996 1201 1030 1244 ea
1061 1182 1177 1260 plebem

139 1273 209 1332 mihi
231 1274 421 1332 commissam.
465 1270 518 1330 Cui
538 1270 684 1354 respondi:
707 1271 840 1330 Tantalio
863 1270 968 1330 diaboli
989 1276 1041 1345 est,
1063 1272 1176 1345 quivos

139 1360 194 1418 sub
216 1361 311 1436 speeie
331 1359 400 1417 boni
422 1359 523 1418 eiicere
546 1363 673 1417 conatur.
716 1357 799 1417 Tunc
821 1360 875 1418 ait:
902 1357 933 1417 Si
953 1357 1032 1415 istud
1051 1373 1110 1416 non
1131 1362 1177 1416 'est

138 1445 256 1521 bonum,
278 1451 404 1505 revertar
425 1444 464 1504 ad
484 1444 679 1521 praebendam
700 1462 803 1520 meam,
821 1451 858 1517 ,et
878 1447 907 1504 in
929 1445 1039 1504 ambitu
1060 1443 1177 1505 claustri

140 1549 284 1593 cameram
305 1531 430 1607 aliquam
459 1529 561 1612 mihi⁶)
584 1531 704 1608 eligam,
733 1533 784 1591 ubi
812 1538 871 1591 tam
900 1533 1036 1591 canonice
1061 1533 1177 1607 vivam,

139 1625 173 1679 ut
194 1618 244 1678 alii
272 1619 402 1695 exemplo
429 1636 494 1678 meo
523 1618 716 1678 aedificentur.
760 1618 886 1678 Chorum
911 1618 1114 1695 frequentabo,
1147 1623 1177 1678 et

139 1704 276 1783 quicquid
296 1705 366 1764 mihi
395 1705 561 1765 subtrahere
593 1710 711 1782 potero,
742 1706 916 1781 pauperibus
949 1706 1084 1781 erogabo.
1126 1703 1176 1764 Ad

140 1793 219 1872 quod
239 1794 342 1852 iterum
363 1793 514 1868 respondi:
545 1793 585 1851 Et
605 1792 661 1853 hoc
684 1793 831 1851 consilium
853 1791 959 1851 diaboli
980 1797 1031 1850 est.
1075 1791 1107 1851 Si
1127 1809 1176 1851 rc·

139 1897 241 1939 versus
261 1879 382 1955 tuentis,
409 1880 541 1939 omnibus
570 1881 645 1939 eritis
675 1880 794 1954 derisui,
827 1886 856 1938 at
877 1881 925 1954 qui
946 1871 1049 1958 haec⁶)
1071 1881 1175 1954 suasit,

139 1967 201 2042 ipse
222 1968 252 2024 in
273 1971 394 2044 peccata
414 1969 533 2043 pristina
553 1983 607 2026 vos
628 1967 835 2042 praecipitabit.
877 1965 925 2025 Sic
947 1982 982 2024 eo
1004 1965 1174 2040 fluctuante,

141 2070 206 2114 cum
229 2053 274 2112 die
296 2053 421 2129 quadam
443 2071 497 2130 ego
519 2053 557 2113 ad
577 2053 653 2112 latus
675 2056 735 2112 eius
758 2053 902 2127 sederem,
937 2058 965 2111 et
991 2052 1081 2111 verba
1104 2069 1175 2111 con-

139 2141 287 2201 solationis
308 2140 508 2216 impenderem,
532 2140 660 2200 codicem
674 2139 855 2199 Psalmorum
868 2141 993 2215 arripuit,
1015 2140 1131 2214 aparuit,
1146 2144 1176 2198 et

139 2229 193 2287 ait:
225 2227 384 2288 Videamus
406 2228 474 2302 quid
497 2228 532 2286 de
553 2245 600 2287 mc
623 2228 724 2286 dicturi
745 2229 801 2285 sint
821 2226 921 2286 danes
943 2228 1007 2300 mei,
1029 2227 1052 2284 si
1073 2241 1172 2285 rever-

139 2331 190 2374 sus
211 2313 301 2373 fuero.
343 2314 456 2374 Primus
478 2321 575 2374 autem
595 2313 752 2374 versiculus
775 2315 823 2389 qui
845 2315 975 2387 occurrit,
996 2315 1050 2372 iste
1064 2317 1124 2371 erat
1133 2307 1173 2392 ⁷):

139 2398 307 2460 Adversaris
327 2419 373 2460 me
395 2400 601 2476 loquebantur,
623 2405 675 2477 qai
695 2400 835 2460 cedebant
854 2403 886 2458 in
902 2407 1004 2475 ponta,
1027 2406 1055 2458 at
1075 2402 1107 2457 tn
1127 2417 1174 2456 me

134 2486 319 2562 psallebant,
353 2490 405 2562 qai
433 2487 569 2547 bibebant
594 2491 698 2547 vinam
711 2485 744 2567 8).
798 2487 958 2561 Statimque
988 2485 1174 2545 exclamavit:

139 2574 249 2642 Verum
270 2576 481 2649 praenosticum
489 2571 526 2654 9)1
558 2575 631 2652 Ego,
651 2577 751 2650 inquit,
772 2575 824 2655 tibi
839 2590 980 2649 exponam
995 2571 1176 2649 prophetiam
1245 2597 1251 2605 =

138 2660 239 2720 istam:
261 2660 293 2720 Si
313 2660 422 2720 rediero
445 2661 484 2720 ad
497 2668 628 2721 sanctum
638 2659 793 2735 Andriam,
815 2662 1001 2721 concanonici
1014 2662 1078 2734 mei,
1099 2676 1175 2736 quo-

139 2744 263 2806 tiens‘in
284 2749 395 2824 porticu
418 2747 554 2813 ccclesiae
587 2765 657 2808 suaa
690 2748 846 2823 sedebunt,
878 2749 933 2823 ipsi
960 2746 1099 2806 adversus
1126 2763 1175 2806 me

73 2909 79 2918 ι
138 2832 306 2910 loquentur,
337 2852 384 2893 ma
401 2834 584 2910 iudicantes,
617 2841 645 2894 et
667 2835 702 2894 de
724 2835 817 2894 salute
842 2851 909 2894 mea
924 2831 953 2914 ¹⁰)
986 2833 1174 2910 disputantes.

82 2929 88 2948 ⁸
138 2919 279 2980 Noctibus
300 2937 378 2997 vero,
400 2921 516 2997 quando
537 2922 679 2996 sedebunt
699 2921 737 2980 ad
758 2923 861 2998 ignem,
884 2928 913 2981 et
932 2922 1079 2980 vacabunt
1088 2926 1175 2996 pota-

138 3007 281 3084 tionibus,
314 3025 362 3068 ero
395 3008 522 3084 psalmus
551 3026 658 3069 eorum.
700 3007 806 3085 Sicque
837 3008 894 3067 Dei
921 3007 1115 3067 misericordia
1136 3006 1176 3066 ad

138 3100 264 3154 mentem
285 3094 427 3170 reductus,
449 3101 478 3154 et
499 3113 518 3155 a
539 3113 570 3156 se
590 3098 653 3171 ipso
676 3095 859 3170 confortatus,
879 3095 1038 3154 monachus
1057 3094 1176 3154 effectas

139 3187 191 3258 est,
213 3187 242 3240 et
261 3199 320 3240 non
341 3182 431 3242 multo
452 3189 518 3260 post
538 3184 568 3242 in
588 3182 666 3243 bona
674 3184 847 3254 ,contritione
862 3182 1021 3257 defunctus,
1041 3183 1177 3258 migravit

139 3267 180 3341 ad,
197 3267 362 3328 Dominum.
888 3283 891 3291 ’

914 3393 924 3438 1

156 3504 188 3574 1)
206 3512 237 3556 et
253 3519 295 3557 orn
313 3504 361 3558 BG.
381 3535 412 3546 -
431 3505 463 3574 2)
481 3521 518 3558 src
535 3506 667 3560 emendavi
683 3507 803 3560 librarum
821 3508 969 3571 lectionem,
987 3514 1097 3562 catara
1119 3504 1176 3555 hu·

208 3573 348 3626 iusmodi
376 3575 503 3628 similia.
521 3575 593 3630 Conl.
610 3577 660 3642 lli,
677 3578 719 3632 26.
740 3608 770 3618 -
791 3578 822 3646 3]
841 3577 882 3630 110
899 3591 975 3628 esse
997 3582 1121 3627 tantae.
1140 3603 1174 3614 -

207 3643 404 3712 4)}1erlrshsnn
430 3654 469 3698 est
492 3646 637 3715 oppidulum
659 3647 685 3698 in
703 3648 798 3700 Alsatia
815 3649 949 3714 Superiora
971 3661 1051 3713 prope
1075 3643 1176 3697 Colman

174 3711 178 3720 “
207 3715 291 3766 situm.
310 3744 341 3754 -
362 3715 393 3783 5)
411 3714 451 3767 Gi)
469 3717 546 3768 mihi
565 3716 711 3784 aliquam.
725 3747 756 3756 -
776 3718 807 3784 6)
825 3716 867 3769 BD
886 3725 912 3768 ct
929 3716 989 3784 pro
1006 3715 1080 3778 hoc3
1098 3713 1175 3780 paulo

207 3792 268 3851 post
284 3785 357 3852 ipse
375 3784 425 3836 add
442 3785 490 3840 Bc.
509 3817 542 3826 —-
561 3787 592 3855 7]
610 3786 652 3838 BD
671 3796 741 3838 erat
759 3788 871 3838 iste.-
891 3786 923 3854 8)
941 3784 1005 3838 Psai.
1025 3786 1067 3847 68,
1086 3784 1128 3835 13.
1141 3812 1173 3823 -

208 3854 240 3924 9)
258 3853 299 3908 BC
317 3859 557 3923 pronosticum
575 3856 640 3908 coni.
659 3857 691 3921 X,
708 3857 751 3910 24.
771 3886 802 3896 -
822 3856 870 3926 to)
888 3855 933 3908 Al)
949 3871 1017 3941 maa
1035 3853 1151 3918 salute.
