2654 4308
388 257 443 318 DE
464 257 906 324 ntvuuslsuluorussus.
1109 261 1170 321 155

421 449 654 520 CAPITULUM
689 452 880 514 LXXXVII.
903 504 905 508 ,

168 559 217 631 Do
245 572 366 630 Victore
387 575 440 648 qui
461 573 497 632 dc
518 587 624 633 corum
647 575 788 651 reliquiis·
800 575 975 634 mirocrrlosc
997 565 1131 634 obtinuit.

192 692 290 754 Homo
311 687 436 770 squidem
457 694 606 772 religiosus
630 695 665 756 de
687 695 794 772 ordine
806 692 982 771 Victorum,
1006 713 1072 756 curn
1093 696 1172 773 apud

128 781 276 857 quandam
299 788 460 856 matronam
483 782 675 860 Tuycieusem
696 783 904 864 hospitaretur,
927 786 1100 858 conquestus
1127 793 1172 845 cst

126 867 168 926 illi
199 867 276 944 quod
305 867 405 928 tlcccm
427 871 509 928 annis
530 869 690 944 laborasset
711 886 763 946 pro
785 869 909 944 reliquiis
931 877 1094 930 sanctarum
1116 891 1171 932 uu-

127 953 220 1014 dccim
231 955 352 1014 millium
361 957 512 1032 virgiuum,
526 971 580 1016 nec
594 956 701 1032 aliquid
714 963 810 1015 temen
824 959 911 1016 exeis
925 963 1024 1032 posset
1035 958 1172 1019 obtinere.

128 1040 217 1101 Cuius
239 1041 277 1100 ad
299 1041 355 1102 hoc
377 1059 442 1102 cum
463 1043 602 1103 auxilium
613 1044 802 1120 implorasset,
822 1043 871 1107 illa
891 1043 1000 1104 homini
1021 1062 1172 1121 compassa

128 1128 280 1188 ecclesiam
303 1145 401 1189 carum
422 1129 506 1206 adiit,
534 1133 679 1190 cornubus
699 1147 752 1206 pro
775 1147 809 1189 eo
831 1125 931 1206 preces
952 1133 1095 1207 porrigere
1117 1149 1172 1192 vo-

127 1215 198 1274 lens.
242 1215 372 1290 Cumque
394 1217 432 1275 ad
454 1218 584 1278 tumbam
606 1221 688 1278 unius
707 1220 837 1294 virginis
852 1224 959 1293 oraret,
986 1235 1064 1294 genu
1084 1219 1172 1294 lapidi

127 1304 308 1378 superposito
332 1305 380 1377 qui
394 1305 535 1363 maximus
550 1312 611 1364 crat
624 1322 771 1381 epponem
787 1301 813 1382 ¹)
834 1308 962 1379 tentavit,
985 1304 1062 1380 quod
1075 1313 1171 1369 tarum

126 1388 189 1448 fieri
220 1407 306 1468 posse
339 1407 397 1448 nou
425 1393 559 1470 speravit
609 1391 684 1452 Mira
711 1394 803 1468 pietas
832 1409 976 1452 sacrarum
1004 1400 1171 1470 martyrum.

33 1555 35 1559 y
126 1475 199 1535 Mox
220 1483 253 1536 ut
273 1476 456 1538 imbecillius
454 1481 547 1538 emina
568 1475 693 1554 lapidem
714 1481 816 1554 pressit
835 1479 989 1554 modicum,
1009 1476 1056 1539 ille
1079 1483 1172 1555 cessit,

126 1561 201 1622 adeo
240 1571 272 1622 ut
301 1582 336 1625 ca
365 1580 441 1638 quae
468 1566 544 1624 intus
573 1573 653 1625 crant
681 1565 799 1626 videret.
849 1566 931 1642 Quae
967 1566 1036 1626 dum
1062 1567 1171 1628 nullum

127 1647 231 1710 adesse
253 1653 446 1728 conspiceret,
467 1669 555 1711 manu
579 1653 706 1718 immissa
727 1658 866 1728 quantum
886 1651 978 1712 voluit
1000 1653 1035 1716 de
1057 1641 1171 1716 ossibus

129 1735 209 1812 tulit,
232 1738 304 1798 dans
327 1755 362 1798 ea
391 1740 503 1797 viatori.
545 1739 705 1815 Statimque
733 1739 829 1815 lapide
851 1738 900 1816 qui
922 1743 970 1798 vix
992 1759 1083 1801 esox
1104 1744 1171 1800 viris

129 1823 240 1898 absque
267 1827 462 1888 instrumentis
490 1827 599 1885 moveri
619 1833 757 1902 poteret,
778 1826 879 1886 eadem
902 1843 959 1904 qua
979 1831 1058 1902 prius
1079 1828 1171 1894 lucili·

124 1916 188 1972 tate
209 1912 355 1988 revoluto,
383 1915 492 1990 parias
519 1915 625 1972 sanctis
647 1931 736 1990 agens
749 1909 769 1992 ²)
792 1913 963 1988 virginibus,
991 1914 1069 1975 laeta
1089 1915 1173 1975 rediit

56 1993 57 1998 ’
128 1998 167 2058 ad
188 2015 249 2060 sua
292 1999 465 2060 Sanctorum
486 2001 598 2060 animas
619 2000 686 2060 licet
707 2017 819 2076 semper
841 1998 952 2060 vultum
975 2001 1171 2079 contemplen-

129 2091 175 2144 tur
203 2087 346 2162 divinum,
378 2086 487 2149 habeut
515 2094 612 2166 tamen
639 2094 803 2176 respectum
831 2085 869 2145 ad
898 2105 1018 2162 corpora
1043 2107 1114 2164 sua,
1143 2096 1171 2149 et

130 2188 196 2230 cum
228 2175 352 2240 viderint
371 2191 425 2236 nos
455 2173 543 2236 dcvot
530 2159 609 2255 Nos)
639 2177 715 2236 circa
732 2169 812 2258 illp,
831 2173 983 2236 multum
976 2195 1004 2236 ιιι
1033 2174 1089 2236 hoc
1118 2173 1172 2238 de-

127 2257 276 2322 lectentur.

407 2437 652 2532 ‘oluuucuu
680 2424 888 2532 nxxuum.

180 2587 228 2654 Dc
249 2611 390 2656 convoco
413 2597 499 2672 'quem
521 2561 608 2655 sacru
629 2597 716 2672 oirpo
737 2575 900 2654 insomnis
923 2559 1122 2680 osculabatur.
1152 2584 1155 2592 ’

181 2732 359 2792 ·Conversus
388 2732 505 2808 quidum
533 2733 568 2792 de
590 2725 688 2794 oriline
708 2739 826 2808 nostro,
853 2751 918 2792 cum
940 2750 975 2792 ex
998 2732 1099 2792 cadem
1117 2741 1171 2792 ‘so-

130 2821 233 2879 cictate
255 2817 398 2894 quaedam
426 2822 569 2897 virginum
597 2824 693 2897 caplte
721 2821 759 2880 ad
786 2822 998 2880 monesterium·
1012 2837 1096 2878 suum
1118 2819 1171 2880 ‹le-

16 2929 18 2934 ·
129 2901 223 2978 ie'rret,
245 2921 280 2964 ex
304 2905 456 2964 devotione
477 2923 513 2965 ea
535 2925 601 2967 cum
621 2909 690 2967 uino
711 2907 790 2984 lavit,
811 2908 871 2967 lota
889 2906 1072 2966 deosculans
1110 2906 1171 2966 Ea-

131 2985 198 3050 dem
225 2997 310 3050 nocte
342 2991 438 3067 puella
466 2993 551 3052 valde
580 2997 711 3070 speciosa
738 2996 768 3052 in
797 2997 904 3054 somnis
924 2993 1018 3056 eidem
1039 2996 1172 3068 apparuit
1201 3061 1204 3068 ,

131 3091 280 3152 converso,
302 3093 425 3154 cumque
441 3077 652 3161 complexens)
674 3084 729 3139 ait:
750 3079 821 3140 Heri
835 3081 950 3158 quaudo
974 3087 1062 3156 caput
1074 3097 1175 3140 mcum

129 3164 241 3240 lavisti,
270 3172 330 3224 tam
358 3165 544 3225 amicabiliter
571 3185 619 3226 mc
649 3167 831 3227 deosculatus
861 3183 905 3244 es;
935 3184 989 3244 ego
1011 3168 1063 3226 tibi
1083 3167 1171 3226 modo

129 3254 226 3312 vicem
257 3251 421 3328 rependam.
457 3252 523 3312 ,ille
555 3255 760 3331 professionem
793 3272 875 3314 suam
909 3253 1106 3328 considerans,
1138 3261 1172 3313 ut

130 3339 264 3401 osculum
284 3338 397 3416 puellae
412 3341 522 3417 vitaret,
544 3348 631 3419 caput
650 3343 775 3418 retraxit,
796 3343 893 3418 sicque
916 3359 951 3402 ex
966 3340 1068 3402 eodem
1089 3348 1171 3400 motu

148 3545 298 3618 i)·pliap
303 3559 413 3598 cuens
430 3559 566 3608 manum
594 3555 623 3599 ut
647 3543 738 3598 llomil.
761 3545 792 3597 ll.
815 3561 840 3613 p.
860 3546 930 3598 111.
944 3552 1171 3615 moxutmunus

157 3639 160 3646 ¹
201 3618 328 3683 apposuit,
345 3614 408 3683 lapis
427 3617 519 3668 virtute
537 3615 621 3670 diviua
638 3615 737 3668 levatus
748 3615 851 3668 exiliit“
869 3615 922 3667 Seri
937 3577 1007 3666 loeus
1025 3616 1171 3666 sanissimus

200 3695 248 3749 est,
267 3690 354 3756 sicque
371 3685 562 3756 intelligendus·
575 3700 713 3755 appoucus
730 3701 798 3754 genu
815 3685 892 3753 lepidi
910 3701 952 3754 qur
946 3683 1067 3736 'tumbae
1079 3698 1171 3748 supcr-

200 3757 437 3824 posituscretff·
405 3755 571 3824 -··2)BGl)
600 3757 860 3826 ugcnssauctis.
879 3753 1171 3846 -SJBdcuotos
1228 3797 1236 3806 .

201 3845 333 3882 esse.-
353 3832 385 3899 1)
402 3828 423 3881 Β
441 3826 640 3896 amplexans.
