2664 4308
421 282 424 293 Ι
450 337 505 396 DE
527 335 684 397 Sinera
705 335 848 396 MARIA.
1131 338 1171 396 25

128 463 211 520 visio.
265 457 470 518 novicius:
509 459 598 518 Miror
637 461 662 517 si
703 461 744 518 sic
777 458 904 516 Domino
941 462 1041 529 nostra
1078 459 1174 516 visitet
1266 475 1268 480 ’

128 548 271 624 perfectas
300 546 433 620 feminas,
466 545 611 622 quomodo
641 549 727 605 viros.
770 543 1005 603 MONAOHUS:
1038 543 1103 603 Non
1131 551 1174 603 est

128 635 208 711 apud
229 636 322 710 ipsam
344 632 508 694 differentia.
555 633 676 691 Femina
696 639 766 690 nata
788 638 846 705 est,
868 633 994 689 omnium
1011 626 1026 708 ¹)
1049 633 1174 689 virorum

129 726 219 797 caput
249 715 393 780 Christum
422 737 458 778 ex
486 737 517 778 se
544 721 650 796 genuit.
693 718 854 792 Utrumque
883 733 983 775 sexum
1013 717 1176 776 consolatur

130 815 160 868 et
189 809 303 880 visitat,
336 808 449 880 utrique
479 824 533 864 sua
565 811 674 864 secreto
705 804 821 864 revelat
870 803 935 862 Hoc
965 821 1027 862 csse
1060 823 1174 878 verum,

132 895 227 971 magis
249 894 303 952 tibi
325 892 475 952 ostendam
499 892 636 968 exemplis
667 910 754 966 quam
774 891 878 949 verbis.

491 1029 726 1090 CAPITULUM
752 1029 825 1088 XX.
835 1024 865 1108 ὕ)

290 1152 339 1211 De
360 1151 520 1210 visionibus
546 1150 652 1209 nobilis
673 1153 796 1226 cirpinis
825 1150 871 1207 de·
885 1146 1022 1228 Quium).

200 1257 235 1314 In
263 1273 352 1332 regno
383 1255 523 1314 Franciae
551 1254 619 1313 villa
633 1251 652 1333 ⁵)
676 1241 761 1329 'quae
791 1249 917 1332 Quidot)
946 1253 1065 1327 dicitur,
1098 1255 1177 1329 virgo
1259 1243 1261 1249 ’

135 1343 280 1419 quaedam
301 1343 355 1401 iuit
375 1342 478 1400 nobilis
500 1348 529 1401 et
549 1341 695 1417 religiosa,
717 1341 769 1400 sed
790 1339 956 1416 paralytica.
999 1341 1076 1399 Huic
1097 1348 1178 1416 pater

134 1448 205 1489 suus
227 1435 327 1505 utpote
348 1431 392 1487 vir
412 1447 534 1506 magnus
556 1435 585 1486 ct
614 1427 710 1501 dives,
737 1427 916 1486 sacerdotem
945 1429 993 1502 qui
1023 1430 1049 1486 ei
1082 1427 1178 1488 divina

137 1517 296 1576 celebraret
315 1518 450 1589 instituit,
483 1517 625 1573 ministros
655 1531 823 1588 annuosque
852 1513 978 1572 redditus
1007 1513 1178 1573 sufficienter

137 1603 288 1683 ordinavit.
333 1601 415 1678 Quae
434 1619 500 1660 cum
523 1601 708 1674 orationibus,
729 1603 839 1659 ieiuniis
862 1607 891 1658 ct
913 1600 1025 1660 divinae
1048 1609 1178 1660 contem-

58 1747 61 1754 ,
137 1689 257 1766 plationi
289 1705 406 1764 operam
433 1689 529 1762 daret,
562 1691 603 1746 ita
631 1687 744 1745 illarum
772 1686 921 1745 dulcedine
953 1695 1037 1762 pasta
1066 1696 1117 1762 est,
1146 1695 1179 1746 ut

139 1779 232 1836 omnis
254 1777 335 1834 cibus
363 1775 517 1850 corporalis
541 1776 566 1832 ei
588 1777 617 1830 in
638 1791 777 1832 nauseam
798 1780 969 1848 verteretur,
997 1792 1050 1833 nec
1071 1774 1179 1850 aliquid

141 1881 177 1922 ex
199 1880 233 1921 eo
255 1879 367 1920 sumere
389 1868 494 1937 posset,
516 1862 570 1918 nisi
591 1877 709 1918 succum
730 1861 875 1919 modicum
896 1869 1026 1919 uvarum.
1069 1861 1179 1936 Hospi-

140 1949 206 2008 talis
237 1954 298 2007 erat
324 1948 423 2022 valde,
455 1966 506 2023 per
539 1965 626 2022 quam
653 1953 683 2005 ct
711 1949 841 2022 spiritum
873 1951 975 2005 meruit
1005 1949 1179 2022 prophetiae.

142 2035 279 2096 Ordinem
315 2042 443 2094 nostrum
476 2051 587 2092 summo
616 2035 725 2093 honore
757 2034 949 2092 venerabatur
958 2031 993 2114 ⁵);
1027 2042 1055 2092 et
1077 2035 1132 2093 hoc
1154 2037 1180 2092 ci

140 2125 306 2199 saepissime
334 2123 485 2197 contigisse
507 2122 609 2194 fertur,
642 2127 674 2178 ut
697 2139 761 2179 cum
783 2121 870 2195 aliqui
893 2121 1098 2180 monachorum
1120 2123 1180 2180 sive

141 2209 291 2278 Abbatum
324 2209 362 2267 ad
390 2211 450 2267 eius
483 2208 637 2283 hospitium
669 2207 809 2268 divertere
830 2214 1036 2283 proponerent,
1067 2208 1180 2266 illorum

141 2297 298 2356 adveutum
319 2298 382 2371 ipsa
399 2299 561 2370 praesciret,
583 2301 669 2370 atque
691 2298 719 2352 iu
741 2295 817 2353 hunc
840 2295 957 2352 modum
978 2295 1074 2353 hilaris
1095 2295 1179 2353 iami-

140 2384 197 2443 liae
225 2382 413 2458 praediceret:
446 2382 510 2440 Tali
542 2399 576 2440 ac
605 2381 654 2440 tali
687 2381 732 2440 die
763 2381 803 2439 illi
836 2387 864 2440 et
895 2382 935 2439 iili
966 2381 1098 2440 Abbates
1119 2385 1180 2441 sive

141 2469 277 2530 monachi
316 2469 353 2528 ad
385 2468 437 2527 nos
476 2471 589 2527 venturi
620 2474 702 2543 sunt,
741 2475 909 2543 praeparate
942 2471 982 2527 cis
1010 2472 1180 2528 necessaria.

142 2556 230 2633 Quod
250 2559 291 2615 ita
311 2556 420 2614 facturn
441 2562 493 2614 est.
535 2555 683 2615 Visionem
698 2555 843 2630 quandam
857 2555 1003 2615 mirificam
1025 2555 1061 2614 de
1083 2556 1180 2615 ordine

141 2639 271 2722 nostroi)
301 2643 399 2701 videre
421 2645 539 2716 meruit,
568 2645 692 2717 quaein
715 2642 820 2701 ordinis
843 2659 970 2701 amorem
986 2642 1069 2701 illam
1089 2643 1180 2719 pluri·

141 2729 222 2790 mum'
234 2729 374 2788 accendit.
386 2762 427 2772 -
438 2730 581 2804 Tempore
596 2728 721 2804 quodam
734 2729 858 2804 Capituli
868 2730 1016 2806 generalis,
1039 2729 1074 2788 de
1085 2727 1104 2810 ⁷)
1116 2733 1178 2806 ipso

142 2816 276 2893 Capitulo
305 2816 414 2875 scalam
442 2818 531 2878 mirae
559 2813 774 2891 pulchritudinis
795 2834 887 2891 usqua
910 2817 948 2876 ad
969 2817 1080 2875 coelum
1111 2816 1182 2875 vidit

142 2911 281 2978 erectam,
314 2903 519 2977 dominumque
547 2905 676 2961 innixum
704 2903 799 2962 scalae
827 2920 913 2977 super
941 2903 1105 2979 Capitulum
1133 2922 1181 2962 re-

141 2993 318 3066 spicientem.
363 2989 451 3048 Cuius
479 2990 570 3048 latera
599 2996 627 3049 et
659 2989 765 3066 gradus
797 2992 870 3047 tanti
898 2990 1056 3066 splendoris
1088 2992 1181 3065 erant,

141 3084 176 3136 ut
197 3077 292 3136 radios
311 3073 447 3155 solares⁸)
469 3083 644 3152 superarent.
687 3075 890 3136 NOVIOIUS:
913 3077 989 3152 Quid
1011 3083 1108 3136 autem
1129 3079 1181 3136 tibi

141 3163 318 3242 significasse
340 3163 453 3222 videtur
479 3163 552 3222 haec
578 3161 672 3222 visio?
715 3162 949 3223 MONACHUS:
977 3164 1059 3223 Licet
1087 3167 1182 3224 omnia

142 3252 271 3326 quaein
304 3250 405 3309 eodem
428 3249 559 3324 Capitulo
589 3252 786 3310 tractabantur
814 3251 851 3308 ab
875 3249 1053 3327 Abbatibus,
1075 3256 1124 3328 qui
1147 3269 1183 3311 ex

142 3338 263 3397 diversis
285 3337 385 3394 mundi
405 3339 535 3413 partibus
556 3337 623 3397 illuc
646 3337 854 3411 confluxerant,
883 3337 979 3396 divina
999 3341 1183 3414 inspiratione

141 3425 259 3498 fierent,
280 3424 360 3482 haud
383 3423 501 3482 dubium
523 3430 619 3483 tamen
653 3427 720 3499 quin
742 3427 833 3482 sancti
855 3425 949 3500 angeli
978 3423 1183 3486 descendentes

141 3518 174 3572 et
195 3511 383 3570 ascendentes
392 3507 428 3589 ⁹),
458 3510 559 3568 eadem
582 3510 711 3586 Christo,
741 3512 778 3569 ob
803 3513 882 3569 cuius
903 3512 1043 3571 honoram
1064 3513 1184 3588 fiebant,

162 3628 194 3696 i)
212 3627 232 3678 B
251 3629 461 3694 omniumque.
472 3656 502 3665 -
513 3627 546 3693 a)
564 3626 652 3678 Homil.
671 3627 711 3678 ΙΙΙ.
730 3643 755 3694 p.
774 3628 816 3696 37.
827 3657 858 3666 -
869 3628 901 3696 2,)
921 3631 957 3680 sic
972 3645 1059 3681 omnes
1076 3630 1141 3682 libri.
1153 3661 1184 3670 —

215 3697 247 3764 3]
266 3697 285 3748 B
308 3699 339 3747 in
363 3696 456 3760 villa,
480 3705 581 3764 praeter
603 3713 699 3748 morem
717 3698 860 3764 scriptoris3
883 3699 949 3749 coni.
969 3699 1016 3763 lv,
1040 3701 1081 3750 45.
1102 3730 1132 3739 -
1153 3701 1186 3768 t)

214 3765 235 3818 Β
260 3765 368 3829 Quina.
389 3795 420 3805 -
439 3767 471 3832 5)
490 3765 513 3816 Ρ,
531 3767 753 3818 reverebatur.
774 3796 804 3806 -
824 3767 856 3835 6)
880 3777 990 3823 nostro
1015 3768 1064 3820 add
1083 3769 1132 3822 Ol).
1151 3799 1184 3808 —

215 3835 362 3902 7]01³in.
383 3865 413 3874 -
432 3835 465 3903 8)
483 3834 522 3887 GP
540 3835 667 3889 solares
684 3836 805 3888 radios.
831 3866 861 3875 —
881 3837 913 3904 9)
931 3839 951 3890 B
969 3838 1186 3890 ascendentes

216 3914 248 3956 et
267 3903 524 4002 descendentes,
541 3907 610 3959 iuxta
629 3907 718 3960 (leues.
738 3907 780 3969 28,
800 3906 840 3957 12.
905 3981 928 4053 2
