2664 4308
109 263 110 268 '
157 282 198 342 so
463 276 689 340 nunmumo
712 277 887 340 snorum

156 409 275 462 ventum
297 407 373 461 esset
388 399 427 460 ad
446 401 527 460 illum
547 400 643 462 locum
655 398 686 481 ¹):
715 401 754 460 lu
776 409 803 460 te
824 401 954 460 Datame
974 403 1106 476 quavi,
1132 417 1198 458 nco

159 489 329 566 confundar
355 492 387 547 iu
409 496 578 561 commum,
611 505 746 546 coronam
768 490 885 547 retraxit
905 491 934 546 in
957 487 1084 562 coelum,
1117 485 1198 546 clara

158 593 232 635 voce
254 576 366 634 dicens:
398 574 479 634 Sicut
512 591 566 651 ego
599 573 684 634 hodie
706 592 771 634 sum
798 577 827 632 iu
857 574 948 651 gloria
974 591 1055 647 mea,
1087 575 1128 632 ita
1148 573 1198 632 isti

95 655 98 662 ’
160 679 260 723 omnes
286 679 400 722 mecum
429 667 512 722 erunt
539 664 568 720 in
598 668 753 720 aeternum.
798 661 871 720 Cum
891 661 961 719 nihil
983 660 1061 736 apud
1082 676 1137 719 nos
1159 659 1197 719 de

158 749 214 809 hac
234 751 342 809 visione
356 751 483 824 sciretur,
504 748 696 808 Theodericus
718 748 755 807 de
775 748 889 807 Lurelre
910 747 1070 807 monachus
1090 753 1198 820 noster,

159 853 244 896 mane
272 835 412 896 accedens
441 835 479 895 ad
507 833 653 898 Abbatem
690 842 819 894 nostrum
851 835 998 893 dominum
1024 834 1197 908 Hsnricum,

159 930 333 999 conquestus
351 928 395 982 est
417 925 443 982 ei
464 921 542 997 quod
564 921 666 982 eedem
688 924 866 981 sanctissima
886 928 972 981 nocte
992 921 1063 980 nihil
1082 921 1198 997 potuis-

159 1010 323 1070 esthabere
337 1009 506 1084 devotionis,
527 1014 682 1084 antequam
694 1015 814 1068 ventum
831 1009 932 1068 fuisset
958 1006 997 1067 ad
1018 1007 1198 1084 praedictum

158 1097 254 1157 locum
275 1097 388 1173 hymni,
419 1095 543 1170 scilicet,
571 1095 714 1168 Sanctus,
737 1101 870 1168 sanctus,
892 1102 1025 1169 saruttcs,
1046 1097 1199 1154 Dominus

158 1185 243 1244 Deus
271 1183 412 1243 Sabaoth.
454 1183 502 1242 De
524 1198 581 1258 quo
603 1183 692 1241 verbo
714 1188 816 1257 postea
837 1183 907 1241 satis
928 1183 1097 1256 mirabatur,
1130 1197 1199 1240 cum

160 1272 185 1330 ei
214 1272 283 1330 visio
312 1273 431 1330 recitata
457 1269 565 1342 luisset.
587 1302 628 1312 -
650 1268 815 1343 Antequam
844 1269 945 1328 eadem
974 1267 1199 1328 sanctimonialis

158 1360 269 1417 veniret
297 1357 335 1416 ad
364 1355 508 1429 ordinem,
540 1361 672 1431 essetque
693 1355 797 1414 nubilis
819 1361 848 1414 et
867 1355 980 1430 indulta,
1003 1356 1048 1416 die
1070 1353 1200 1430 quadam

159 1451 239 1504 stans
265 1443 446 1503 admissam
473 1445 502 1500 in
530 1442 651 1501 ecclesia
681 1442 820 1518 quadam,
850 1459 914 1501 cum
941 1442 1016 1502 lecto
1037 1441 1199 1518 Evangelio

160 1533 358 1606 campanarius
380 1533 499 1603 exisset,
526 1535 633 1604 putans
661 1547 692 1588 se
720 1547 807 1606 posse
835 1529 926 1588 redire
957 1536 1023 1589 ante
1052 1530 1198 1600 muas,

159 1625 292 1690 sauctus,
321 1624 456 1688 sunaus,
485 1617 635 1675 Dominus
655 1618 740 1676 Deus
761 1616 910 1689 Sabaoth,
940 1623 969 1675 et
988 1617 1122 1675 sacerdos
1144 1631 1199 1673 es-

160 1705 245 1780 pletis
273 1706 389 1764 secretis
420 1703 550 1778 dixisset,
578 1703 728 1762 Dominus
748 1703 913 1775 adducam,
940 1704 1068 1762 Sursum
1090 1702 1200 1774 cuda,
1302 1760 1309 1772 ,

161 1801 189 1852 et
207 1798 302 1851 cetera
324 1807 399 1865 quse
430 1791 471 1849 ibi
499 1795 671 1865 sequuntur,
700 1793 795 1867 imago
817 1790 873 1849 Dei
896 1789 1048 1849 Genitricis
1076 1788 1201 1864 desuper

160 1878 250 1939 altare
271 1879 308 1938 ad
321 1878 434 1955 singula
454 1876 608 1953 respondit.
650 1877 705 1936 Illa
725 1880 883 1937 novitatem
903 1879 984 1936 vocis
1007 1876 1201 1952 considerans,

158 1971 191 2024 ut
213 1968 425 2041 campanarium
439 1965 541 2024 abesse
564 1964 757 2039 deprehendit,
779 1964 921 2024 deiectum
941 1964 1022 2022 illum
1043 1962 1200 2039 gloriosam

159 2052 306 2128 Virginem
328 2052 506 2128 supplevisse
528 2067 580 2127 per
601 2069 633 2110 os
655 2069 725 2111 surae
746 2067 858 2128 yconae
879 2068 938 2109 nou
960 2049 1109 2110 dubitavit.
1152 2049 1200 2108 Ex

160 2156 217 2215 quo
239 2141 321 2199 nobis
348 2136 522 2198 verecundia
550 2140 699 2210 incutitur,
728 2141 752 2196 si
766 2139 813 2197 ,ibi
835 2138 948 2196 desides
970 2143 1000 2195 ct
1019 2136 1200 2214 negligentes

158 2227 308 2301 fuerimus,
340 2242 406 2285 cum
436 2227 513 2284 eirca
539 2224 610 2283 illnd
637 2225 780 2284 ineffabile
809 2232 1018 2300 sacramentum
1039 2225 1202 2282 tentarint

159 2320 324 2374 sanctorum
352 2313 499 2387 obsequia.
551 2310 636 2388 Quod
672 2319 769 2371 autern
804 2311 921 2388 gloriosi
948 2312 1070 2370 nominis
1098 2312 1201 2371 matris

158 2399 275 2458 Domini
309 2402 452 2460 invocatio
480 2401 605 2476 aegrotis
632 2399 711 2458 salus
742 2401 778 2459 sit
811 2406 841 2459 et
871 2399 1027 2472 medicina,
1067 2397 1201 2458 subiecta

159 2487 322 2563 probabunt
343 2486 475 2563 exempla
484 2482 515 2566 ²).

478 2623 732 2685 -cAPITULUM
755 2623 858 2684 XXII.

210 2748 259 2806 Da
281 2747 388 2806 Ottonc
409 2747 586 2823 Praeposito
608 2746 771 2820 Xouteusi,
793 2743 846 2822 qui
862 2745 1000 2822 proauo
1020 2751 1141 2804 salutas

324 2833 443 2892 Mariae
465 2851 485 2892 a
512 2833 622 2909 duplici
643 2834 813 2909 infiuuitatc
835 2840 959 2892 moetas
981 2839 1031 2892 est.

223 2953 334 3014 Nobilis
362 2956 406 3014 vir
427 2951 496 3015 Otto
518 2953 692 3030 quandoque
712 2953 871 3013 Xantensis
891 2953 1090 3030 Praepositus,
1121 2958 1200 3012 tem·

112 3059 115 3066 ·
158 3055 227 3118 pore
266 3040 392 3117 quodam
402 3037 423 3122 ³)
460 3040 669 3102 adolescentiae
697 3058 766 3102 suae
803 3039 908 3116 duplici
939 3039 1091 3100 laborabat
1116 3039 1200 3098 infir-

159 3131 267 3203 mitate,
286 3127 364 3189 febre
385 3125 518 3186 videlicet
539 3135 633 3203 acuta,
655 3134 683 3187 et
704 3126 800 3186 fistule
821 3128 851 3184 in
871 3127 941 3186 locis
959 3132 1078 3186 naturae
1099 3144 1200 3186 secre-

158 3216 285 3276 tioribus.
329 3214 423 3291 Quam
437 3214 628 3273 infirmitatem
651 3204 688 3274 ob
703 3213 906 3275 verecundiam
920 3213 1039 3275 medicis
1046 3210 1069 3293 ⁴)
1091 3213 1200 3289 celans,

160 3310 188 3362 et
209 3318 261 3378 pro
289 3301 414 3361 remedio
442 3303 571 3360 sanitatis
592 3301 748 3361 Dominam
776 3308 903 3360 nostram
930 3301 1091 3376 frequenter
1111 3302 1200 3359 invo-

160 3406 236 3463 cans,
252 3388 331 3448 lehre
341 3387 535 3448 invalescente
551 3388 726 3465 desperatus,
742 3395 770 3448 et
784 3385 968 3467 depositus⁶),
984 3386 1104 3447 candela
1117 3404 1201 3449 more

178 3503 271 3574 1)Αο
297 3503 397 3556 locum
423 3503 522 3556 illum.
546 3535 579 3544 -
603 3505 635 3574 2)
662 3504 683 3556 B
709 3505 767 3556 iam
794 3504 856 3556 cibi
882 3503 1033 3556 subiecta
1059 3500 1200 3570 prodere

228 3581 382 3642 poterunt
412 3574 566 3641 exempla.
590 3574 677 3643 -,3)
701 3572 836 3642 quodam
859 3589 901 3624 orn
923 3573 951 3625 B.
977 3603 1007 3616 -
1033 3573 1066 3642 4)
1088 3573 1109 3624 ll
1135 3589 1198 3624 me-

228 3642 331 3695 dicos.
376 3643 466 3696 homil.
485 3644 514 3696 tl.
532 3659 558 3710 p.
576 3645 623 3697 39:
644 3643 723 3710 ,ilinc
741 3642 867 3712 estquod
885 3641 1003 3711 quidam,
1029 3659 1086 3694 corn
1112 3650 1200 3696 troru-

228 3714 265 3780 ire
283 3713 370 3766 volunt
393 3713 426 3765 ad
448 3714 612 3783 religionem,
634 3713 779 3781 parentibus
804 3713 845 3766 vel
868 3713 954 3764 amicis
972 3727 1130 3780 summopere
1147 3711 1200 3765 hoo

211 3782 319 3848 ,celena
335 3798 368 3834 nc
386 3783 417 3835 uh
435 3783 493 3855 illis
504 3783 689 3836 retrahantur.“
710 3809 742 3824 -
760 3784 792 3853 5)
810 3783 941 3851 depositus
958 3781 991 3835 dc
1007 3781 1075 3837 lecto
1091 3781 1124 3835 ad
1142 3790 1199 3835 ter-

227 3868 290 3905 ram.
325 3852 396 3907 Cous.
415 3853 609 3920 vllt,30.xt1,
627 3857 652 3907 5.
703 3896 727 3918 ,,
