2538 4314
190 273 249 334 ιιι
466 299 473 308 -
503 267 731 336 nusnmouro
754 273 919 353 Qunam

186 399 307 474 figuram
328 411 396 453 mox
409 401 475 471 post
489 396 679 457 Pentecosten
699 397 763 457 libri
778 395 892 476 Regum
903 398 1044 476 legrmtur,
1063 400 1093 458 in
1113 397 1209 476 qubus

185 484 262 543 bella
282 481 373 541 fidelis
395 482 573 568 populi-cum
594 485 736 560 gentibus,
758 485 788 545 id
810 492 861 560 est,
882 487 1019 544 virtutum
1040 502 1105 545 cum
1124 487 1208 561 vitiis,

185 576 451 630 commemorantur.
497 569 700 632 NOVICIUS:
733 571 855 631 Videtur
880 574 905 630 is
933 580 1028 633 rectus
1056 589 1118 640 esse
1144 572 1208 632 ordo

182 657 398 730 iustificationis,
419 664 452 715 ut
472 659 546 730 sicut
564 659 760 717 contritionem
781 659 930 734 consessio,
951 662 992 718 ita
1013 659 1209 719 consessionem

183 747 265 821 sequi
287 743 390 802 debeat
412 743 575 802 satisfactio.
602 737 836 804 MONACHUS:
858 745 942 806 Juste
958 745 1073 821 quidem
1086 747 1208 818 moveris,

183 832 235 891 sed
262 832 426 890 tentationis
455 833 514 890 vim
542 847 599 888 non
630 831 770 907 intelligis.
815 832 899 908 Quod
921 831 999 908 apud
1020 832 1163 909 religiosos
1184 837 1209 890 et

134 987 136 991 ,
183 922 305 978 maxime
327 919 355 976 in
378 919 475 978 ordine
496 920 662 991 monastico,
685 921 753 978 satis
718 919 839 977 tiaotio
861 935 912 994 pro
932 922 1059 995 peccatis
1074 922 1208 994 sivepoc-

182 1007 300 1064 nitentia
314 1007 350 1063 sit
371 1009 498 1079 tentatio,
520 1003 602 1062 facile
623 1006 676 1063 tibi
697 1022 732 1064 ex
753 1006 859 1064 verbis
866 1006 940 1065 bene
962 1009 1080 1082 experti,
1107 1005 1136 1064 id
1157 1010 1208 1080 est,

182 1092 274 1152 sancti
294 1092 353 1152 Job
367 1094 506 1182 probabo.
534 1090 585 1150 Ait
608 1093 696 1150 enim:
719 1091 828 1150 Militia
843 1100 893 1151 est
906 1096 969 1152 vita
989 1093 1117 1152 bominis
1127 1108 1209 1166 cuper

183 1177 338 1256 mmarnp
371 1177 448 1238 Alia
475 1176 624 1237 translatio
645 1178 747 1244 habet:
778 1179 895 1238 Tentat
873 1187 913 1238 teo
936 1185 978 1238 est
998 1183 1062 1238 cita
1084 1180 1208 1237 basiate.

181 1266 219 1324 Et
239 1265 338 1324 militia
360 1273 403 1326 cst
425 1274 454 1326 et
442 1268 609 1339 ttentatio3
632 1265 730 1323 militia
752 1272 868 1341 propter
890 1267 1070 1340 exercitium,
1097 1265 1207 1324 tentatio

180 1356 296 1430 propter
317 1353 444 1414 laborem
467 1358 495 1412 et
508 1342 674 1427 periculum.
716 1351 755 1410 Et
776 1358 852 1426 ncta,
874 1352 952 1427 quod
972 1369 1031 1411 non
1053 1351 1129 1426 dicit,
1149 1357 1207 1408 teu-

180 1441 250 1498 tatio
273 1445 316 1498 est
337 1442 396 1499 vita
418 1439 557 1512 animalis,
579 1438 630 1497 scd
651 1438 781 1512 bominis,
803 1438 833 1496 id
855 1445 906 1513 cst,
928 1439 1053 1498 humane
1078 1445 1107 1498 et
1126 1440 1207 1496 ratio-

179 1525 312 1584 nabiliter
333 1529 463 1601 vivemis,
486 1525 577 1602 qualis
600 1531 643 1584 est
664 1528 724 1585 vita
746 1525 956 1601 religiosorum,
987 1527 1035 1600 qui
1058 1524 1207 1585 secundum

179 1613 307 1688 spiritum
320 1614 428 1687 vivunt,
451 1619 479 1672 et
502 1614 593 1682 carnis
609 1611 748 1672 desideria
760 1630 818 1671 non
835 1612 984 1687 perficiunt
996 1608 1025 1691 ²).
1047 1611 1209 1672 Saeculares

179 1716 247 1758 vero
262 1706 347 1775 atque
363 1700 498 1775 carnales,
521 1701 569 1775 qui
581 1700 737 1759 secundum
749 1717 864 1758 carnem
885 1699 1041 1773 ambulant,
1063 1698 1208 1774 improprie

179 1788 281 1845 tentari
302 1784 442 1862 dicuntur,
464 1789 532 1862 quia
552 1803 621 1845 mox
634 1793 667 1845 ut
680 1792 856 1846 tentamenta
870 1787 1002 1860 sentiunt,
1023 1785 1072 1845 vel
1093 1802 1207 1846 consen-

177 1875 265 1948 tiunt,
286 1872 333 1932 vel
355 1873 450 1949 tepide
471 1875 621 1948 resistunt,
643 1873 748 1932 similes
765 1891 844 1949 ¹equo
857 1878 896 1932 ,et
917 1871 1010 1947 mulo,
1031 1874 1136 1948 quibus
1155 1887 1207 1934 non

178 1966 222 2018 est
242 1958 401 2020 intellectus
413 1957 444 2040 ³).
487 1960 518 2019 Si
540 1977 607 2036 ergo
629 1963 748 2019 tentatio
771 1967 814 2020 est
834 1960 1031 2038 religiosorum
1060 1963 1135 2034 vita,
1163 1956 1207 2032 qul
1248 1957 1249 1960 ’

178 2046 331 2123 vigilando,
351 2045 512 2121 ieiunando,
535 2046 652 2121 orando,
665 2049 694 2105 in
710 2049 852 2123 prosperis
864 2052 892 2107 et
905 2047 1031 2106 adversis
1044 2044 1206 2118 obediendo,

177 2140 206 2192 et
226 2140 342 2210 propter
364 2132 507 2193 Christrun
528 2133 597 2192 nihil
624 2135 654 2191 in
680 2133 736 2193 hoc
758 2134 864 2193 mundo
893 2135 997 2193 terreni
1024 2131 1206 2209 possidendo,
1248 2199 1249 2204 η

175 2237 290 2296 semper
310 2222 386 2280 vitiis
408 2228 438 2279 ct
459 2222 694 2295 concupiscentiis
723 2221 932 2296 contradicunt,
961 2237 1080 2280 neccsse
1102 2226 1158 2294 est,
1178 2223 1206 2276 ut
1248 2287 1249 2290 Ἴ

176 2309 268 2382 ipsam
281 2310 468 2366 tentationem
483 2306 623 2366 concedas
636 2324 687 2382 pro
702 2310 828 2388 peccatis
849 2307 962 2366 illorum
980 2307 1205 2366 satisfactionem.

175 2392 363 2452 Venientibus
385 2395 429 2454 ad.
445 2394 573 2454 ordinem
593 2399 731 2469 nostrum,
753 2397 864 2454 etiamsi
878 2396 1027 2452 innumera
1048 2400 1078 2453 et
1099 2393 1205 2470 gravis-
1248 2465 1249 2470 ἵ

175 2482 248 2539 sima
282 2481 483 2540 commiserunt
509 2488 643 2556 peccata,
671 2480 741 2539 nihil
770 2483 810 2540 eis
837 2477 948 2560 aliud⁴)
978 2481 1134 2557 iniungitur
1158 2493 1204 2553 pro

175 2567 374 2641 satisfactione,
395 2571 449 2627 nisi
471 2575 503 2626 ut
517 2567 645 2626 ordinem
666 2569 789 2627 servent.
831 2567 907 2627 Hinc
930 2566 1073 2643 estquod
1096 2571 1206 2626 sanctus

174 2653 346 2728 chardus,
369 2673 435 2714 cum
457 2662 584 2731 tempore
607 2654 732 2730 quodam
754 2654 898 2730 quendam
911 2655 1021 2729 Regem
1032 2654 1205 2712 Francorum
1248 2677 1249 2688 ι

173 2741 203 2798 in
214 2741 341 2799 ordinem
352 2739 541 2820 recepisset⁵),
551 2741 591 2799 illi
602 2741 781 2800 solummodo
794 2746 860 2817 post
869 2742 975 2800 iactam
994 2741 1204 2811 confessionem,
1248 2817 1249 2822 ἵ

173 2826 357 2886 Dominicam
378 2831 537 2894 orationem
557 2829 685 2886 iniunxit.
729 2828 793 2904 Quo
816 2829 946 2902 turbato,
975 2833 1080 2903 putans
1109 2827 1162 2887 sibi
1180 2839 1205 2908 ⁸a
1248 2867 1249 2896 3

174 2920 273 2974 sancto
295 2912 383 2989 dludi,
405 2914 551 2990 respondit
571 2909 675 2973 'Abbas
696 2916 815 2974 beatus:
842 2915 887 2972 Tu
910 2919 1022 2972 tantum
1043 2913 1121 2973 hanc
1141 2929 1204 2972 ora-

152 3003 280 3074 tionem
309 3000 376 3060 dicit
364 3008 409 3075 to,
437 3008 466 3062 at
493 3000 621 3060 ordinem
643 3000 769 3076 custodi,
799 3007 827 3060 et
854 3017 908 3077 ego
930 3017 981 3076 pro
1003 3003 1204 3076 pcccatistns
1151 2999 1204 3058 tuis

145 3101 148 3110 ’
172 3090 312 3147 rabonem
333 3088 487 3148 reddam'
479 3106 509 3147 ιιι
532 3088 577 3147 dic
598 3086 693 3146 rudrcu
704 3084 734 3167 )
777 3087 867 3146 Item:
891 3086 964 3146 Cum
992 3086 1048 3147 alio
1077 3092 1203 3162 ternpore

171 3173 248 3250 idem
270 3182 386 3235 sanctus
408 3177 540 3234 transiret
562 3191 647 3248 casu,
679 3176 730 3233 ubi
750 3174 837 3233 homo
859 3191 925 3233 reus
946 3178 1007 3232 erat
1028 3172 1204 3249 suspenden-
1248 3241 1249 3250 ,

172 3261 240 3338 dus,
269 3267 298 3332 et
324 3268 434 3350 peteret
463 3279 529 3320 eum
557 3262 626 3320 sibi
639 3261 716 3334 dari,
742 3260 885 3335 iudexque
910 3260 1030 3320 diceret:
1069 3260 1203 3332 Domine,
1248 3267 1249 3316 i

171 3347 216 3406 fur
237 3355 289 3423 cst,
313 3355 341 3408 et
363 3348 516 3424 suspendio
539 3346 654 3423 dignus,
677 3346 951 3422 responditAbbas:
973 3347 1022 3408 Da
1042 3346 1111 3405 mihi
1133 3361 1203 3418 cum,
1248 3413 1249 3420 ,

172 3442 201 3514 pt
223 3453 277 3511 ego
310 3434 389 3495 illum
425 3433 617 3510 suspendam;
652 3434 755 3493 ordinis
788 3435 990 3494 districtionem
1022 3431 1203 3509 suspendium
1248 3437 1249 3530 ,

172 3521 320 3600 appellans
333 3519 362 3602 τ.)
405 3522 470 3581 Hoc
492 3519 584 3579 indult
572 3528 634 3579 tum
655 3527 699 3580 est
721 3521 811 3580 ordini
832 3539 852 3580 a
872 3521 947 3580 Sede
968 3519 1152 3597 Apostolica,
1171 3522 1249 3576 ut
1248 3567 1249 3596 ,

189 3635 992 3707 1)Job712JGrlar5,16.-3)Pra1319
1010 3631 1201 3705 rpnnnrnrr

241 3705 455 3758 sliudeis.-
475 3705 1020 3776 5)Bin0rdinesuscepisset.—
988 3702 1249 3780 —6ldesimilil

215 3775 363 3842 Arnnlphi
381 3775 508 3828 cuiusdam
526 3778 691 3828 conversione
708 3775 792 3830 vide
785 3793 810 3828 ru
828 3776 930 3830 Vitas
947 3776 1070 3831 Bernard.
1087 3773 1145 3839 Vll,
1161 3772 1200 3825 22.

241 3875 273 3886 -
293 3845 325 3914 7)
342 3844 391 3897 Vit.
410 3845 436 3898 S.
453 3846 528 3899 Born.
546 3845 599 3912 llll,
618 3846 659 3899 15.
