2664 4308
157 311 196 368 28
462 304 690 369 Drsrmomo
713 306 888 369 SEPTIMA
981 350 983 361 .

155 431 240 490 flores
272 429 443 504 eminentes,
484 431 533 505 qui
565 431 613 489 ea'
631 431 760 490 intuente
788 447 903 490 sursum
931 428 1133 505 ascendentes,
1167 436 1198 490 et

156 517 272 593 virginis
286 517 435 577 cerebrum
448 523 644 576 excrescentes
657 513 683 595 ¹),
704 519 734 575 in
747 534 842 577 ramos
857 518 993 577 arboreos
1007 517 1197 592 proiecerunt,

156 611 185 664 et
213 601 326 664 modico
354 606 447 680 spatio
477 605 612 679 temporis
642 620 752 663 emerso
762 601 798 682 ²),
829 610 952 679 quatuor
979 605 1078 663 mundi
1099 609 1197 680 partes

155 689 352 765 implevenmt.
397 689 526 766 Quorum
537 691 646 749 frustm
668 689 960 766 erantpuleherrimi,
982 689 1077 750 odoris
1090 692 1195 765 eximii,

155 779 275 853 nririque
304 779 423 852 saporis.
465 777 503 834 Et
533 793 599 838 eoae
626 777 680 835 snb
710 779 797 836 ramis
820 777 928 836 eisdem
957 781 1197 853 appamitomne

155 881 246 942 genus
278 865 435 942 humanum
463 881 482 922 a
507 863 704 940 prothoplasto
741 862 838 922 Adam
866 880 959 939 usque
987 863 1025 923 ad
1053 864 1197 924 >ultimum

156 953 205 1027 qui
235 953 265 1008 in
296 949 353 1010 fine
381 949 481 1009 mundi
508 953 669 1009 nasciturus
698 956 751 1010 est.
794 950 854 1010 Soli
885 968 955 1011 vero
985 951 1068 1010 electi
1087 951 1197 1011 nucum

155 1039 265 1098 arboris
288 1039 444 1114 carpebant
472 1039 570 1112 eisque
592 1038 791 1112 vescebantur,
812 1039 929 1113 reprobi
949 1044 1046 1097 autem
1067 1038 1138 1097 nihil
1159 1055 1197 1097 ex

156 1127 196 1184 eis
223 1126 386 1201 contingere
415 1123 462 1184 vel
489 1125 569 1183 vesci
597 1130 760 1200 potnerunt.
810 1124 845 1183 In
874 1142 932 1200 qua
953 1127 1063 1185 visione
1084 1131 1201 1184 tantam

156 1211 292 1270 divinitus
324 1213 435 1285 aceepit
463 1213 626 1285 scientiam,
658 1217 691 1268 ut
722 1217 824 1285 postea
855 1211 977 1287 loquens
1000 1229 1067 1271 cum
1088 1212 1197 1286 aliquo,

154 1315 222 1358 mox
253 1297 423 1374 intelligeret
450 1303 545 1355 utrum
574 1302 649 1356 esset
677 1297 919 1373 praedestinatus,
951 1299 999 1358 vel
1027 1302 1196 1374 praescitus.

155 1385 186 1448 si
213 1401 282 1445 vero
314 1383 557 1460 praedestinatus,
590 1386 659 1445 satis
692 1401 757 1442 oum
785 1384 833 1444 illo
866 1387 949 1461 quasi
978 1403 1045 1444 oum
1075 1387 1197 1445 oonoive

154 1472 233 1547 loqui
266 1470 475 1547 delectabatur,
511 1473 535 1529 si
567 1478 663 1529 curtem
691 1473 866 1545 praescitus,
897 1487 966 1530 mox
998 1488 1029 1531 se
1062 1473 1099 1532 ab
1133 1474 1196 1534 eius

155 1559 296 1634 colloquio
312 1558 452 1617 liberavit.
494 1556 697 1617 NOVICIUS:
719 1557 794 1616 Mira
808 1563 875 1616 sunt
897 1575 971 1633 quae
994 1558 1072 1622 dicis.
1116 1557 1196 1618 Mo-

154 1644 329 1705 NACHUS:
362 1645 394 1706 Si
424 1644 514 1703 Deus·
538 1651 618 1703 tanta
650 1662 685 1703 ao
717 1644 787 1703 talia
818 1647 899 1703 iustis
933 1645 1057 1704 ostendit
1085 1647 1196 1721 inuia,

155 1738 263 1809 quanta
290 1739 376 1809 putas
403 1731 458 1790 illis
477 1730 618 1812 ¹ostendet
638 1734 667 1790 in
689 1730 800 1808 patriai
843 1732 971 1807 Revera,
992 1749 1067 1807 quae
1091 1734 1196 1792 anuos

153 1837 216 1878 non
228 1819 310 1893 vidit,
331 1837 384 1878 nac
397 1821 480 1877 anrb
496 1819 619 1893 audivit,
643 1837 696 1878 nae
709 1823 742 1878 in
758 1819 947 1900 certaminis
961 1817 1196 1893 ascenderunt³).

155 1941 197 1950 -
214 1906 270 1965 Die
283 1905 408 1982 quadarn
423 1923 488 1965 oum
503 1905 650 1981 corporale
673 1905 751 1981 quod
767 1908 831 1980 ipsa
851 1905 969 1980 laverat,
989 1923 1085 1982 panno
1107 1916 1196 1964 mun-

155 1993 270 2053 dissimo
305 1993 461 2067 substrato,
494 1992 580 2052 radiis
609 1991 749 2052 solaribus
786 2009 838 2067 per
875 1992 1028 2052 fenestram
1063 1982 1199 2053 immissis

154 2097 240 2156 snper
266 2097 362 2156 genua
389 2097 442 2139 sua
471 2076 671 2159 desiccareti),
698 2084 830 2138 matrona
851 2079 1078 2139 reverendissimi
1099 2079 1200 2140 vultus

154 2166 192 2228 ad
229 2166 307 2226 illam
339 2169 482 2242 ingressa,
510 2167 645 2225 infantem
677 2166 914 2241 pulcherrimum,
947 2184 1032 2242 quem
1063 2167 1199 2226 manibus

153 2255 301 2332 gestabat,
330 2251 423 2312 eidem
450 2253 591 2329 corporali
612 2255 807 2328 superposuit,
836 2257 865 2311 et
887 2252 965 2311 abiit
1009 2253 1103 2328 Quem
1130 2271 1199 2313 curn

153 2357 288 2400 amovere
310 2340 410 2415 vellat,
438 2343 572 2416 ignorans
594 2341 657 2414 quis
686 2344 774 2414 esset,
800 2341 841 2398 ait
861 2339 1031 2398 infantulus:
1061 2339 1129 2399 Sine
1149 2356 1199 2400 me

154 2428 252 2490 sedere
275 2443 360 2502 super
374 2415 547 2486 lintheam'en
564 2443 676 2501 meum;
689 2429 796 2501 sicque
818 2427 847 2483 in
869 2425 959 2486 oculis
977 2429 1037 2486 eius
1051 2427 1198 2503 disparuit

153 2515 192 2574 Et
213 2517 362 2591 cognovit,
389 2516 457 2590 qnia
479 2514 607 2572 Christus
631 2518 719 2587 esset,
742 2515 792 2587 qui
813 2514 867 2571 snb
890 2515 985 2587 specie
1006 2515 1088 2589 panis
1111 2531 1199 2589 super

153 2608 286 2662 sanetum
318 2601 408 2660 altare
438 2600 531 2660 eidem
562 2599 669 2658 lintheo
691 2599 800 2658 involvi
823 2602 981 2659 consuevit.
1024 2600 1118 2660 Multa
1139 2600 1200 2660 alia

153 2689 220 2748 lruio
248 2688 377 2748 revelata
405 2692 471 2746 sunt
499 2689 613 2762 virgini,
642 2702 716 2761 quae
738 2685 808 2744 milri
828 2703 887 2745 non
909 2693 975 2745 sunt
995 2687 1098 2762 relata,
1121 2704 1199 2763 quae

153 2778 225 2836 iorte
254 2776 292 2834 ab
325 2774 388 2834 aliis
417 2779 484 2833 sunt
513 2775 681 2849 conscripta.
724 2772 790 2832 Non
820 2779 863 2832 est
891 2773 953 2848 diu,
981 2773 1059 2848 qnod
1080 2775 1117 2833 ab
1140 2773 1198 2834 hac

153 2865 218 2924 luce
240 2864 386 2940 migravit,
417 2861 524 2920 laboris
550 2861 595 2919 sui
621 2876 656 2919 ac
677 2861 832 2936 patientiae
854 2860 1016 2920 mercedem
1037 2867 1198 2937 receptura.

504 3031 738 3093 CAPITULUM
757 3033 846 3092 XXL

153 3161 201 3218 Da
231 3157 379 3218 &tablina
407 3157 638 3228 sanctimoniali,
672 3174 750 3231 qnae
771 3161 907 3214 sanctona
928 3155 1063 3214 Mariana
1084 3159 1117 3214 in
1138 3173 1198 3216 sna

253 3247 462 3319 Assnrnptione
483 3260 624 3302 coronans
647 3242 682 3301 de
704 3243 783 3301 coelo
804 3261 893 3317 snper
915 3249 1090 3301 conventum

343 3331 436 3389 Vallis
457 3333 553 3388 sanati
573 3331 658 3389 Petri
683 3329 832 3388 darnittere
853 3333 1010 3405 conspexit.

217 3453 252 3510 In
265 3451 365 3511 Monte
387 3458 503 3512 sanotae
517 3451 683 3528 Walbnrgis
706 3451 846 3512 coenobio
870 3450 975 3509 ordinis
996 3453 1095 3524 nostri,
1118 3449 1198 3525 qnod

154 3541 267 3600 duobus
287 3539 454 3598 milliaribus
467 3535 487 3618 ⁵)
510 3538 597 3598 distat
618 3556 636 3597 a
655 3537 787 3613 Colonia,
809 3536 952 3613 quaedam
973 3536 1198 3596 sanctimonialis

173 3675 203 3743 1)
220 3673 310 3726 llomil.
328 3673 358 3725 ll.
376 3689 401 3740 p.
421 3674 468 3725 28:
489 3676 548 3742 „qni
565 3687 611 3740 per
628 3671 710 3724 bonae
726 3673 794 3724 vitae
806 3671 983 3723 sublimitatem
997 3680 1023 3722 et
1033 3672 1198 3737 incorruptae

182 3757 184 3762 ·
223 3745 304 3796 lernae
318 3743 421 3795 odorem
434 3743 495 3795 alios
514 3757 709 3795 excrescere
727 3741 845 3792 debent.“
874 3742 903 3793 ll.
923 3757 947 3808 p.
967 3743 1014 3794 70:
1035 3754 1109 3807 „spes
1121 3756 1199 3792 men-

223 3829 307 3866 snram
320 3829 523 3879 excrescens,
534 3821 640 3882 generat
652 3813 905 3880 praesumptionem.“
918 3840 948 3850 -
960 3811 991 3878 2)
1001 3809 1046 3862 ΑΙ)
1059 3825 1197 3862 emenso.

221 3883 365 3953 -3)cor.
379 3885 398 3950 l,
416 3885 441 3951 2,
459 3883 603 3952 e-4J1s
621 3885 821 3936 exsiccaret.
835 3879 1196 3948 -5)ABDPmilliariis.
