2594 4302
168 242 231 302 aco
513 237 741 306 normmro
763 237 875 302 noun
949 209 952 218 '

502 395 735 458 CAPITULUM
762 395 875 456 XLIV.

186 517 234 576 Dc
250 509 381 594 pacato
407 520 460 594 qai
480 517 607 578 tonitam
628 535 690 576 ama
719 515 899 576 benedictam
920 533 1029 592 comas
1048 532 1111 578 nco
1131 533 1191 578 estc

514 604 643 666 Domini
665 603 861 682 decedendo.

234 721 332 785 Simile
352 727 472 802 contigit
484 724 599 786 cuidam
611 725 759 802 infuntrdo,
779 727 864 786 sicuti
882 725 984 784 tratres
1005 723 1066 783 eius
1081 720 1211 782 annales

169 809 339 887 Ludnlphus
366 818 397 872 et
421 811 621 889 Heydcmieus
649 813 782 873 monachi
801 815 893 872 nostri
919 809 989 870 mihi
1014 813 1213 870 narraverunt

170 895 228 973 Qui
254 915 321 958 oum
341 898 545 975 irrfirmaretnr,
572 899 680 976 Spiritu
699 905 800 960 saneto
822 899 950 975 afflatus,
980 915 1085 974 corpus
1107 895 1213 956 unum

170 985 225 1044 sibi
254 985 315 1044 dari
335 988 445 1061 petivit
487 985 618 1062 cumque
643 1003 713 1046 eum
738 991 873 1062 parentes
900 989 1134 1061 compescerent,
1165 981 1213 1041 iiio

170 1071 279 1132 sortitor
300 1072 449 1132 ciamaritr
471 1073 549 1133 Date
570 1074 639 1132 mihi
659 1090 765 1150 eorpus
779 1073 905 1149 Domini,
927 1073 994 1133 date
1015 1069 1085 1130 mihi
1106 1085 1213 1146 eorpus

169 1159 295 1218 Domini.
337 1159 474 1220 Deiatum
495 1167 541 1220 est
561 1147 683 1220 v'erbum
704 1160 743 1219 ad
764 1160 954 1220 sacerdotem.
997 1158 1055 1235 Qui
1077 1173 1146 1217 eum
1170 1155 1214 1215 di-

171 1252 262 1322 oeret,
286 1263 344 1306 non
367 1253 411 1306 est
430 1264 564 1307 soenrum
584 1247 636 1306 tati
651 1263 745 1323 ¹puero
768 1249 897 1324 quinon
917 1245 1049 1323 inteligit
1067 1243 1142 1320 quid
1163 1245 1214 1317 sit,

112 1364 114 1374 =
170 1333 239 1394 darc
274 1349 378 1410 corpus
409 1334 545 1409 Domini,
580 1333 704 1394 hostiam
740 1336 767 1394 ei
800 1333 901 1394 detulit
930 1350 990 1394 non
1020 1331 1215 1392 benedictam

171 1419 266 1496 Quam
285 1437 355 1480 'arm
376 1421 559 1498 eipcrrigem
579 1421 675 1497 vellet,
694 1427 726 1481 et
747 1421 867 1496 aeae:
888 1422 966 1481 Ecce
987 1415 1063 1499 Ην)
1085 1424 1133 1478 est
1149 1435 1214 1479 cor·

170 1523 225 1585 pus
245 1507 376 1584 Domini3
404 1514 436 1567 ut
457 1508 599 1568 Dominus
621 1525 657 1568 ex
679 1524 728 1568 ore
745 1509 863 1570 minatis
881 1507 1033 1584 peffioemt
1052 1501 1215 1584 londoni,

172 1602 201 1654 et
229 1593 386 1655 destrueret
410 1595 559 1671 perfidiam
580 1595 749 1669 multorum,
778 1597 828 1671 qui
850 1593 886 1654 de
908 1594 1011 1655 codem
1031 1598 1214 1653 sacramento

171 1681 247 1742 male
282 1684 420 1758 sentiunt,
453 1683 603 1758 inspiravit
637 1698 727 1760 puero
754 1688 787 1742 ut
807 1680 1008 1758 responderet:
1045 1679 1147 1757 Quare
1169 1696 1214 1740 me

171 1767 259 1828 mltis
288 1768 439 1844 decipere?
481 1769 548 1829 Non
576 1774 620 1828 est
640 1786 745 1845 corpus
766 1767 883 1828 Domini
904 1767 983 1844 quod
1004 1766 1074 1826 mihi
1097 1767 1215 1827 offertis

171 1853 221 1915 Ad
242 1855 320 1932 quod
332 1857 455 1916 verbum
475 1854 609 1916 sacerdos
628 1855 781 1931 admnans,
802 1861 832 1916 at
852 1871 944 1930 puero
963 1853 1073 1930 aiiqrdd
1095 1848 1214 1932 divini⁸)
1260 1849 1261 1912 i

169 1945 339 2019 inspiratum
360 1944 517 2018 arbitrans,
545 1959 657 2003 sacram
677 1945 705 2002 ei
735 1944 964 2002 communionem
985 1941 1095 2016 attulit,
1125 1957 1214 2018 qnam

169 2030 217 2089 ille
246 2030 350 2089 devote
377 2033 446 2089 satis
473 2032 608 2104 suscepit.
649 2028 854 2092 NOVICIUS:
881 2028 963 2090 Sicut
990 2026 1143 2090 considero
1162 2043 1215 2104 ⁴per

171 2116 343 2176 desiderium
371 2117 560 2177 eucharistiae
587 2123 706 2192 uterque
727 2119 846 2176 istorum
867 2117 971 2176 meruit
990 2115 1123 2192 spiritum
1145 2131 1214 2192 pro-

171 2203 295 2282 phetiae.
337 2203 571 2264 MONACHUS:
592 2203 704 2264 Tantae
719 2205 832 2264 virtutis
846 2209 890 2262 est
905 2198 1009 2283 illius⁴)
1031 2199 1214 2276 desiderium,

169 2287 419 2458 ggupaetfpsum)
440 2290 557 2367 quidam
573 2293 660 2352 etiem
672 2289 895 2352 revelationum
909 2289 1093 2352 illustrentur.
1122 2289 1214 2352 Verbi

515 2533 749 2596 CAPITULUM
772 2533 869 2598 XLV.
924 2562 927 2566 ·

282 2653 330 2718 Dc
356 2672 496 2718 caucaso
518 2661 571 2733 qai
589 2677 645 2736 pec
666 2658 841 2720 &ammom
863 2653 1102 2720 cmmmamdt

457 2748 595 2822 spiritum
616 2749 725 2806 meruit
741 2747 925 2822 prophetiae.

236 2863 399 2926 Conversus
430 2867 548 2942 quidam
581 2865 617 2928 ds
650 2865 760 2944 Campo
794 2873 912 2928 sanotae
940 2866 1051 2926 Marias
1085 2877 1154 2926 aum
1183 2868 1212 2924 in

169 2952 296 3028 quadam
322 2952 511 3027 sollemnitate
540 2959 650 3030 peteret
678 2971 697 3014 a
724 2956 861 3030 magistro
883 2969 937 3014 suo
959 2954 1104 3014 liemtiam
1127 2951 1212 3014 mnndi

139 3115 145 3121 .
167 3040 207 3100 ad
228 3042 433 3100 monasterium
453 3043 546 3118 gratia
567 3039 804 3117 communicandi,
826 3047 856 3101 et
875 3041 930 3100 ille·
944 3057 1003 3100 non
1025 3039 1211 3114 concederet,

91 3201 93 3210 x
169 3130 272 3188 ceteris
286 3128 427 3203 euntibus,
446 3130 509 3203 ipse
529 3130 617 3202 tristis
630 3129 775 3188 remansit
806 3127 946 3188 Habebat
967 3129 1041 3188 enim
1054 3129 1211 3188 monum

169 3213 340 3274 desiderium
374 3214 611 3274 communicandi.
653 3215 764 3274 Eadem
792 3221 877 3275 nocte
905 3221 936 3276 et
961 3217 1093 3290 sequenti
1121 3209 1210 3294 din'),

169 3303 266 3361 omnia
286 3317 361 3378 quae
373 3301 448 3361 intra
465 3304 668 3362 monasterium
683 3302 866 3378 spiritualiter
886 3303 1054 3379 agebantur,
1074 3300 1210 3362 divinitus

169 3390 195 3448 ei
216 3395 283 3448 sunt
303 3387 440 3447 revelata.
475 3388 514 3447 Et
527 3387 601 3449 'lieet
622 3389 726 3449 absens
748 3396 825 3450 essct
842 3405 971 3467 corpore,
992 3389 1093 3465 spiritu
1113 3395 1209 3448 tamen

167 3492 304 3552 praesens
324 3476 389 3550 suit,
411 3479 627 3536 communicans
648 3476 843 3552 spiritualiter,
866 3483 896 3536 et
917 3479 941 3535 si
963 3493 1021 3536 non
1042 3491 1209 3536 sacramen*-

167 3562 269 3622 taliter.
318 3563 454 3622 Reversis
485 3563 619 3624 iratribus
652 3565 714 3640 ipso
747 3565 788 3623 sis
820 3579 872 3640 per
901 3563 1032 3623 ordinem
1059 3561 1207 3635 indicarit,

185 3678 216 3747 1)
235 3677 255 3731 G
279 3679 345 3731 hoc.
364 3709 397 3718 -
416 3679 448 3748 2)
466 3679 530 3730 Psal.
549 3679 581 3741 8,
604 3681 629 3732 3.
650 3709 680 3720 -
700 3679 732 3746 3)
751 3677 772 3732 G
794 3677 956 3742 divinum,
978 3679 1018 3732 BP
1041 3678 1207 3732 divinitas.

236 3778 268 3787 -
287 3749 320 3868 ⁴?
338 3747 359 3800 Ο
376 3747 465 3799 illud.
480 3777 509 3787 -
524 3749 556 3817 5)
573 3748 631 3801 libri
648 3750 809 3817 spiritum.
829 3778 860 3791 -
879 3750 912 3818 6)
929 3748 973 3803 BG
990 3751 1108 3820 gratia.
1127 3778 1159 3792 -
1176 3745 1206 3814 t)

235 3815 278 3870 BC
318 3818 347 3869 io
364 3818 523 3886 sequenti.
