2538 4314
380 263 445 324 DIi
470 261 743 326 CONPESSIONE.
1024 267 1085 328 145

67 382 330 466 ctdcutsanotus1)
358 384 547 464 Augustinus
567 384 668 446 iecisse
688 386 800 464 legitur,
819 383 942 446 in’libro
965 384 1087 448 Contes-

66 475 161 532 sionnm.
199 473 353 538 scholaris
377 473 429 532 ille
452 473 633 548 ParIsicnsis,
662 473 698 533 dc
727 489 785 549 quo
806 490 893 548 supra
914 472 1022 533 dictum
1044 481 1089 535 est

65 558 214 619 deductione
242 560 385 620 secunda
416 558 541 636 capitulo
571 559 697 634 decimo,
730 562 798 635 quia
827 566 944 636 propter
970 562 1087 621 nimiam

64 649 285 722 compunctionem
307 647 400 722 loqui
421 663 482 705 non
494 653 614 722 poterat,
635 646 779 706 desectum
790 645 869 706 illum
888 649 993 725 scripto
1015 665 1087 724 sup-

63 732 138 809 plevit
166 732 381 794 NOVIGIUS:
405 732 483 810 Quid
504 739 548 792 est
562 750 630 810 crgo
645 733 723 808 quod
744 735 773 792 in
787 733 856 792 Vita
869 735 960 793 sancti
973 733 1088 794 Joban·

63 823 96 878 cis
108 820 236 898 Eleymon
245 817 267 900 ²)
290 821 415 898 legitur,
436 818 582 896 mullerem
605 819 750 895 quandam
759 815 780 899 ³)
801 826 923 894 peecata
942 838 996 880 sua
1016 823 1089 881 scri·

63 909 141 982 psicse,
160 914 187 966 ct
207 909 343 985 sigillata
365 905 463 966 eidem
484 913 582 966 sancto
604 906 761 980 tradidisse,
783 912 812 964 et
833 909 894 966 sine
908 910 964 966 oris
976 907 1089 968 confes·

63 995 137 1070 sione,
163 1011 250 1070 quam
278 995 351 1054 sola
380 993 528 1068 prohibuit
548 993 735 1068 verecundia,
760 992 966 1069 indulgentiam
987 1011 1089 1054 consc-

64 1087 139 1140 cotam
150 1079 256 1140 tuisse?
294 1077 541 1142 MONACIIUS:
564 1079 662 1140 Simile
683 1077 790 1154 aliouid
811 1077 913 1156 legitur
935 1079 1089 1142 deKarolo

64 1165 215 1244 Imperatore
236 1171 269 1226 in
291 1169 370 1228 Vita
393 1167 487 1226 sancti
506 1164 636 1243 Aegidii3
666 1166 717 1226 sed
738 1167 876 1226 mbaoula
896 1184 954 1226 non
975 1169 1107 1228 suntin·

64 1255 202 1330 exemplum
223 1253 384 1314 trahenda.
414 1252 481 1312 Hoc
502 1255 589 1312 etiam
608 1255 699 1328 scias,
727 1253 804 1328 quod
831 1253 994 1318 huiusmodi
1019 1256 1091 1316 seri·
1117 1295 1122 1304 ·

63 1346 143 1416 ptorac
169 1342 360 1402 authenticae
393 1355 455 1397 non
482 1345 557 1398 sunt
599 1338 804 1400 NOVICIUS:
831 1339 939 1400 Iterum
968 1358 1090 1418 quaero,

63 1431 82 1485 si
103 1429 231 1488 confitens
263 1428 430 1488 consessori
456 1424 576 1501 prodere
605 1426 710 1485 debeat
735 1443 901 1502 porsonam,
939 1445 1004 1487 cum
1033 1447 1091 1504 qua

63 1514 192 1594 peccavit?
228 1511 477 1574 MONAGHUS:
499 1511 697 1589 Nequaquam,
719 1515 786 1588 quia
805 1515 1014 1588 poenitentialis
1035 1516 1092 1576 hoo

64 1602 182 1675 probibet
238 1597 461 1672 NOVICIUS:
508 1598 603 1674 Quare
642 1598 800 1674 prohibet?
854 1599 1091 1664 MONACHUS:

64 1686 164 1763 Ptoptcr
184 1688 304 1748 diversa
327 1703 407 1762 quae
429 1684 495 1744 inde
517 1688 631 1746 evenim
651 1694 770 1761 possent
790 1684 875 1746 mala.
919 1687 998 1748 Talis
1019 1689 1092 1750 forte

66 1782 125 1834 essct
142 1775 303 1849 confessor,
327 1775 381 1849 qui
401 1788 553 1847 pomonam
574 1771 717 1849 proditam
739 1780 768 1832 et
787 1776 846 1833 iam
866 1791 917 1849 per
938 1778 1089 1851 poeniten-

67 1861 313 1922 tiaminstificatam
327 1860 492 1934 despiceret
512 1859 559 1919 vel
571 1859 683 1936 aliquas
704 1867 820 1937 propter
839 1859 913 1922 illius
925 1864 1091 1924 inconstan-

67 1947 120 2010 ian
137 1952 313 2011 tentationes
334 1951 502 2006 incurreret

376 2133 609 2196 CAPITULUM
627 2135 776 2197 XXVIII.

84 2259 160 2335 Quod
181 2261 335 2337 ooorfitonti
357 2274 423 2316 non
443 2258 527 2318 liceat
543 2257 672 2333 prodero
687 2276 850 2334 personam
865 2263 982 2335 peccati
999 2278 1071 2322 oon-

153 2355 273 2420 sortcm,
296 2353 326 2405 ct
349 2345 515 2419 eomnplocm
537 2345 572 2404 de
590 2345 693 2404 clerico
716 2352 744 2404 et
763 2349 989 2406 sanodmono'oli.

120 2467 299 2529 Adolescens
323 2465 445 2543 quidam
464 2465 600 2542 infirmus,
622 2483 688 2527 oum
701 2467 814 2527 oudam
828 2486 880 2528 suo
893 2473 1093 2550 concanonico,
1185 2537 1191 2544 ,

70 2555 180 2616 nondum
200 2554 363 2627 sacerdoti,
387 2553 574 2628 compellente
595 2556 780 2629 necesstiate,
812 2556 960 2616 consessus
987 2557 1094 2635 fuisset,

71 2641 171 2713 quoda
193 2642 324 2718 quadam
345 2640 458 2700 illectus
478 2641 703 2715 sanctimoniali,
735 2641 880 2702 osculatus
901 2643 1000 2702 fuisset
1021 2663 1093 2721 cam,

71 2726 246 2806 interrogatus
268 2735 344 2802 est,
356 2729 382 2786 si
403 2744 463 2786 rem
484 2726 603 2787 haberet
623 2745 690 2786 cum
709 2727 767 2787 illa.
812 2729 1023 2806 ¹Respondente
1050 2750 1094 2808 eo,

72 2829 136 2891 non,
155 2816 206 2875 sed
228 2815 278 2874 illa
299 2815 424 2875 libenter
444 2813 576 2888 vidisset,
599 2816 667 2873 satis
689 2812 765 2893 mei)
786 2815 882 2874 verbis
909 2818 1034 2877 invitans
1055 2820 1093 2879 ad

74 2904 305 2977 commixtionem,
333 2903 427 2978 ipsam
455 2902 542 2960 etiam
567 2918 719 2976 personam
741 2905 916 2977 exprimens,
950 2905 1105 2985 confessor¹

75 2987 181 3047 undem
201 3006 357 3065 personam
385 2988 423 3047 ab
454 2987 502 3072 illo
534 2993 662 3063 tempore
694 3005 807 3064 semper
818 2985 838 3067 ⁵)
867 2991 897 3046 in
924 2991 1009 3051 cordo
1041 3011 1094 3054 suo

76 3070 198 3151 despexit,
219 3093 272 3136 nec
293 3077 390 3151 potuit
410 3092 475 3134 cam
495 3080 607 3133 tantum
629 3073 746 3151 diligere
768 3082 796 3134 et
806 3079 944 3151 venerari,
965 3084 998 3136 ut
1019 3087 1094 3142 ante.

77 3155 137 3218 Sunt
154 3163 194 3220 ibi
216 3162 311 3222 adbuc
334 3160 391 3221 aba
411 3161 547 3236 pericula.
578 3159 679 3220 Talem
699 3168 798 3237 posset
820 3161 958 3223 confitens
974 3165 1095 3239 prodere

77 3261 229 3324 personam,
254 3255 287 3308 ut
317 3251 392 3307 inter
419 3249 513 3323 ipsum
546 3253 575 3306 et
595 3249 784 3308 consessorem
808 3249 906 3308 odium
926 3260 1095 3326 perpetuum

79 3340 235 3394 nascmetur.
276 3333 480 3396 NOVICIUS:
501 3334 592 3393 Verbi
614 3352 709 3394 causa
752 3333 986 3396 MONACHUS:
1008 3339 1040 3399 Si
1050 3341 1097 3399 di·

81 3428 144 3479 cerco
163 3421 312 3481 confitens:
334 3420 474 3497 Domine,
497 3437 550 3497 ego
571 3425 692 3504 peccavi
713 3439 779 3481 oum
800 3440 909 3498 sorore,
931 3419 1027 3505 filia⁶),
1049 3430 1095 3488 vel

97 3552 123 3620 l)
138 3562 262 3606 sanctus
280 3570 322 3607 om
338 3553 387 3607 Bc.
404 3584 435 3594 -
456 3553 1096 3625 2JPE1cymcnis,sscEleemosynarii.

140 3622 208 3676 Coro.
231 3623 300 3688 lllll,
322 3625 365 3676 77.
399 3624 492 3676 Beatus
518 3623 663 3688 lohannes,
686 3633 790 3692 propter
813 3625 903 3678 multas
922 3627 1096 3696 eleemosynas

104 3695 110 3712 ⁶
138 3691 256 3759 Elepnron
274 3695 472 3758 cognominatus,
488 3693 628 3761 Episcopus
646 3695 693 3745 fuit
714 3694 909 3748 Alexandrinus:
926 3697 1016 3749 Hamil.
1034 3699 1053 3750 l.
1072 3716 1096 3767 p.

143 3761 198 3814 113.
215 3763 256 3814 lll.
272 3780 299 3829 p.
318 3764 359 3815 51.
372 3793 403 3803 -
418 3764 450 3831 3)
468 3779 554 3816 omnes
572 3763 629 3816 libri
645 3764 760 3816 mulier
778 3765 939 3832 quaedam.
960 3797 991 3806 -
1011 3767 1043 3836 t)
1062 3770 1098 3819 sic

142 3828 202 3882 libri.
223 3861 252 3874 -
271 3832 303 3900 5)
320 3849 446 3900 semper
464 3849 504 3886 om
521 3833 573 3887 llll.
594 3863 624 3873 —
644 3835 676 3902 6)
694 3833 714 3887 B
733 3849 846 3886 sorore
865 3844 982 3888 vestra.

815 3909 837 3977 7
