2594 4302
169 256 229 315 176
510 251 738 316 DISTINGTIO
759 253 871 317 NONA

168 377 252 452 quasi
263 371 281 457 ¹)
302 373 452 452 plumbum
485 373 691 437 descendentes
718 379 748 436 in
775 375 948 453 prolrmdnm
969 381 1037 437 sunt
1057 376 1201 436 submersi

167 462 246 522 Fixis
277 477 346 522 vero
377 479 444 522 cum
472 470 651 524 sacramento
679 465 776 524 statim
805 464 842 523 ab
872 462 982 540 engolis
1010 460 1124 524 sublata
1153 469 1202 523 cst

167 547 278 608 Videns
306 546 441 609 sacerdos
461 547 534 610 haee
547 552 664 625 omnia,
697 551 733 610 de
755 550 891 611 miraculo
914 548 1030 626 quidem
1052 549 1204 626 exedtavit,

168 634 222 696 sed
243 633 279 696 de
299 637 410 696 iactura
425 639 596 696 sacramenti
617 636 715 696 doluit
746 636 851 698 Totam
872 654 941 697 vero
961 637 1042 696 illam
1049 634 1071 717 ²)
1091 642 1205 697 noctem

168 724 198 781 iu
225 721 347 782 lacrimis
370 728 398 782 et
418 725 526 799 gemitu
547 727 687 784 transiens
695 719 732 802 ³),
763 742 849 785 mane
869 723 996 800 pixidem
1018 740 1085 784 cum
1106 736 1206 784 sacra·

170 813 267 869 mento
287 811 391 884 reperit
411 827 498 886 super
511 809 609 870 altare.
641 810 723 870 Haec
744 811 828 870 nobis
850 809 952 870 eodem
965 817 1096 887 tempore
1116 809 1207 871 relata

168 902 244 956 sunt.
285 893 374 955 Aliud
401 898 431 955 in
459 900 532 957 mari
564 895 601 958 de
622 913 740 975 corpore
760 897 879 959 Domini
900 897 1020 976 contigit
1038 896 1207 959 miraculum

170 981 249 1065 quod
268 998 327 1043 non
347 981 448 1044 silebo.

517 1173 856 1237 CAPITULUMXIII.

254 1296 331 1356 Item
352 1296 388 1356 de
408 1287 532 1373 corpore
552 1298 677 1357 Domine·
698 1297 780 1373 quod
804 1315 883 1362 moe
903 1296 1062 1376 confracta
1083 1298 1127 1358 ad

491 1385 622 1460 reliquos
649 1402 741 1444 moes
761 1388 889 1444 notovit.
989 1443 992 1448 .

236 1501 361 1578 Quando
391 1505 421 1562 in
448 1505 514 1563 iata*
532 1521 639 1582 magua
660 1503 840 1580 expeditione
860 1521 956 1564 naves
972 1521 1010 1566 ex
1031 1505 1110 1564 omni
1132 1508 1210 1580 parte

171 1587 359 1650 Alamanniae
381 1597 571 1668 congregatae
591 1609 670 1652 mare
691 1594 877 1665 intraverunt,
898 1591 936 1651 ob
959 1607 1061 1651 musas
1083 1589 1210 1652 diversus

169 1682 356 1753 praeceptum
377 1683 421 1736 est
441 1677 639 1738 sacerdotibus
665 1695 703 1738 ne
723 1679 753 1736 in
774 1677 871 1753 aliqua
892 1679 960 1737 navi
981 1693 1085 1754 corpus
1106 1677 1210 1737 Domi·

171 1765 268 1824 nicum
299 1771 470 1824 servaretur.
518 1764 601 1841 Quae
631 1782 697 1825 cum
726 1781 826 1824 omncs
853 1766 938 1824 iussis
965 1765 1211 1840 obtemperarent,

172 1867 231 1910 nna
259 1851 322 1912 sola
349 1853 432 1911 navis
452 1849 605 1913 Frisonum
626 1851 743 1912 obedire
763 1850 869 1927 noluit,
902 1867 977 1926 quae
1005 1853 1089 1911 citius
1110 1851 1211 1912 inobe·
1272 1863 1273 1908 ξ

171 1936 294 1998 dientiae
319 1954 445 2014 poenam
473 1937 566 1999 solvit.
608 1939 666 1998 Dei
693 1937 835 2014 siquidem
861 1937 967 1997 iudicio
989 1937 1139 1998 contacta
1158 1941 1212 2010 eet,

173 2030 203 2084 et
234 2026 308 2101 pixis
335 2043 454 2086 servans
482 2037 586 2101 corpus
614 2024 732 2100 Domini
761 2042 827 2084 cum
855 2025 955 2085 ceteris
983 2041 1059 2101 quae
1086 2025 1119 2083 in
1146 2023 1211 2084 navi

174 2117 255 2172 mant
276 2113 375 2172 eiecta.
406 2109 547 2172 Homines
563 2129 633 2172 vero
655 2112 717 2171 aliis
738 2112 862 2171 navibus
879 2106 1118 2171 subvenientibus
1138 2110 1210 2170 libe-

173 2199 228 2258 rati
259 2205 334 2258 sunt.
377 2197 416 2257 Et
443 2215 511 2260 cece
532 2197 631 2259 vident
652 2201 763 2258 eminus
783 2196 909 2274 pixidem
929 2200 960 2257 in
980 2197 1084 2282 pelago
1106 2203 1210 2258 natan-

173 2296 240 2362 tem,
262 2303 338 2362 quae
357 2291 419 2345 tam
440 2285 524 2345 celeri
544 2294 626 2345 motu
647 2285 686 2346 ad
706 2302 796 2346 naves
817 2286 987 2360 festinabat,
1013 2291 1047 2344 ut
1067 2283 1210 2346 velificare

174 2372 325 2434 videretur.
368 2371 450 2448 Quae
472 2389 538 2432 cum
558 2374 588 2432 in
608 2375 706 2432 navim
713 2368 735 2452 ⁴)
756 2389 845 2443 unam
865 2378 983 2447 recepta
1005 2371 1115 2447 fuisset,
1136 2367 1211 2432 eliud

173 2459 203 2517 in
235 2476 271 2521 ca
301 2460 396 2520 visum
429 2465 472 2519 est
499 2459 677 2520 miraculum.
720 2458 794 2518 (lum
822 2458 989 2535 operculum
1017 2454 1108 2538 cius⁶)
1139 2461 1212 2518 essct

172 2544 319 2624 patulum,
350 2563 405 2606 nec
429 2563 503 2606 nona
532 2548 608 2606 circa
628 2545 738 2606 nodum
757 2545 916 2621 firmatum,
944 2547 1018 2605 inter
1037 2543 1132 2605 unum
1152 2543 1212 2604 illes

153 2631 348 2708 procellosas
383 2649 438 2692 nec
472 2651 532 2692 una
563 2633 678 2709 quidem
709 2632 822 2710 guttula
852 2634 978 2712 intravit.
1029 2631 1212 2692 Hermannus

174 2719 311 2792 Decsnus
332 2721 424 2780 sancti
445 2719 585 2780 Gereonio
605 2722 635 2778 in
648 2719 768 2780 Colonia
789 2720 838 2795 qui
859 2735 996 2794 praesens
1016 2717 1070 2778 luit
1090 2717 1211 2802 ethaeo

175 2806 261 2883 vidit,
288 2823 340 2883 pro
369 2824 474 2884 magno
502 2807 640 2867 miraculo
665 2824 701 2867 ea
720 2806 795 2867 solet
813 2808 943 2866 recitare.
964 2825 965 2828 ¹
985 2805 1076 2866 Terra
1097 2797 1211 2881 etiam)

173 2896 203 2954 in
224 2893 282 2956 hoc
301 2900 481 2956 sacramento
503 2911 588 2956 suum
608 2895 789 2971 recognoscit
808 2899 965 2954 auctorem.
1025 2899 1049 2930 -’

453 3037 455 3044 '
517 3065 751 3128 oneruunuu
780 3065 867 3142 xxv.

196 3189 245 3250 De
264 3181 389 3265 corpore
406 3189 531 3248 Domini
552 3191 635 3266 quod
656 3188 796 3249 Coloniae
817 3187 854 3247 dc
873 3184 1013 3247 monibus
1033 3183 1193 3246 sucerdotis

354 3273 455 3335 tatem
482 3277 575 3353 lapidi
595 3277 772 3336 mbocootose
791 3277 965 3350 impressum
988 3279 1038 3332 eat.

240 3395 386 3458 Plebanus
416 3404 533 3458 sanctae
555 3379 712 3458 Columbae
739 3397 769 3455 in
791 3393 911 3456 Colonia
938 3411 1005 3455 cum
1030 3394 1061 3452 in
1089 3389 1211 3470 quadam

177 3484 367 3546 sollemnitate
386 3485 515 3562 paschali
535 3484 674 3562 populum
696 3483 933 3558 communicaret,
953 3481 1048 3542 hostia
1069 3478 1106 3540 de
1125 3491 1210 3538 manu

174 3597 176 3603 '
195 3620 226 3690 1)
244 3617 306 3672 our
323 3603 389 3684 ure
407 3618 487 3671 raon
505 3619 603 3740 puter.
623 3648 654 3658 -
674 3618 706 3685 a)
724 3615 812 3668 rrum
830 3616 880 3669 aar
897 3614 950 3670 su.
969 3644 1001 3655 -
1021 3614 1052 3682 a)
1069 3612 1092 3666 n
1108 3619 1211 3666 orans-

245 3689 348 3758 igens.
384 3687 489 3757 Gregor.
529 3687 569 3740 iul.
587 3687 623 3752 tl,
644 3688 700 3740 init.
734 3695 844 3739 aetatem
862 3687 956 3756 quippe
973 3683 1085 3736 moribus
1107 3690 1210 3735 treus·

245 3759 329 3822 iens,
352 3756 414 3810 nulli
435 3761 544 3810 animum
567 3755 691 3826 voluptati
717 3725 814 3808 deiru<
836 3785 868 3798 -
893 3755 966 3826 01)
988 3769 1106 3808 nutem.
1123 3781 1155 3791 -
1179 3747 1209 3817 5)

246 3829 377 3881 eiueom
393 3825 742 3896 Ab-cJAGPentm.
807 3829 809 3836 ’

620 4025 644 4074 3
675 3997 678 4002 .
