<?xml version="1.0" encoding="UTF-8"?>
<!DOCTYPE html PUBLIC "-//W3C//DTD XHTML 1.0 Transitional//EN"
    "http://www.w3.org/TR/xhtml1/DTD/xhtml1-transitional.dtd">
<html xmlns="http://www.w3.org/1999/xhtml" xml:lang="en" lang="en">
 <head>
  <title>
</title>
<meta http-equiv="Content-Type" content="text/html;charset=utf-8" />
  <meta name='ocr-system' content='tesseract 3.04.00' />
  <meta name='ocr-capabilities' content='ocr_page ocr_carea ocr_par ocr_line ocrx_word'/>
</head>
<body>
  <div class='ocr_page' id='page_1' title='image "./caesariiheister05stragoog/caesariiheister05stragoog_0673.png"; bbox 0 0 2594 4302; ppageno 0'>
   <div class='ocr_carea' id='block_1_1' title="bbox 173 205 896 270">
    <p class='ocr_par' dir='ltr' id='par_1_1' title="bbox 173 205 896 270">
     <span class='ocr_line' id='line_1_1' title="bbox 173 205 896 270; baseline 0 -2"><span class='ocrx_word' id='word_1_1' title='bbox 173 212 233 270; x_wconf 79' lang='lat'>248</span> <span class='ocrx_word' id='word_1_2' title='bbox 485 205 713 270; x_wconf 76' lang='lat' dir='ltr'>ursumcuru</span> <span class='ocrx_word' id='word_1_3' title='bbox 739 205 896 268; x_wconf 71' lang='lat' dir='ltr'>nucula</span> 
     </span>
    </p>
   </div>
   <div class='ocr_carea' id='block_1_2' title="bbox 260 397 1124 598">
    <p class='ocr_par' dir='ltr' id='par_1_2' title="bbox 260 397 1124 598">
     <span class='ocr_line' id='line_1_2' title="bbox 508 397 879 459; baseline -0.003 -1"><span class='ocrx_word' id='word_1_4' title='bbox 508 397 740 459; x_wconf 80' lang='lat' dir='ltr'>cAPIuULUM</span> <span class='ocrx_word' id='word_1_5' title='bbox 767 397 879 457; x_wconf 90' lang='lat' dir='ltr'>XLIII.</span> 
     </span>
     <span class='ocr_line' id='line_1_3' title="bbox 260 519 1124 598; baseline -0.006 -17"><span class='ocrx_word' id='word_1_6' title='bbox 260 523 308 582; x_wconf 84' lang='lat' dir='ltr'>De</span> <span class='ocrx_word' id='word_1_7' title='bbox 331 537 455 598; x_wconf 73' lang='lat' dir='ltr'>popano</span> <span class='ocrx_word' id='word_1_8' title='bbox 477 521 561 597; x_wconf 78' lang='lat' dir='ltr'>apud</span> <span class='ocrx_word' id='word_1_9' title='bbox 580 520 766 598; x_wconf 76' lang='lat' dir='ltr'><em>Babylonem</em></span> <span class='ocrx_word' id='word_1_10' title='bbox 788 519 939 596; x_wconf 77' lang='lat' dir='ltr'>captante</span> <span class='ocrx_word' id='word_1_11' title='bbox 960 525 989 579; x_wconf 83' lang='lat' dir='ltr'>et</span> <span class='ocrx_word' id='word_1_12' title='bbox 1008 524 1124 578; x_wconf 76' lang='lat' dir='ltr'>amanto.</span> 
     </span>
    </p>
   </div>
   <div class='ocr_carea' id='block_1_3' title="bbox 123 631 1216 2196">
    <p class='ocr_par' dir='ltr' id='par_1_3' title="bbox 123 631 1216 2196">
     <span class='ocr_line' id='line_1_4' title="bbox 241 631 1212 720; baseline -0.006 -18"><span class='ocrx_word' id='word_1_13' title='bbox 241 640 363 720; x_wconf 82' lang='lat' dir='ltr'>Quando</span> <span class='ocrx_word' id='word_1_14' title='bbox 384 631 508 716; x_wconf 85' lang='lat' dir='ltr'>peccatis</span> <span class='ocrx_word' id='word_1_15' title='bbox 529 643 633 700; x_wconf 89' lang='lat' dir='ltr'>nostris</span> <span class='ocrx_word' id='word_1_16' title='bbox 656 642 834 718; x_wconf 87' lang='lat' dir='ltr'>exigentibus</span> <span class='ocrx_word' id='word_1_17' title='bbox 854 643 883 698; x_wconf 92' lang='lat' dir='ltr'>in</span> <span class='ocrx_word' id='word_1_18' title='bbox 898 639 1046 700; x_wconf 83' lang='lat' dir='ltr'>obsidione</span> <span class='ocrx_word' id='word_1_19' title='bbox 1058 639 1212 697; x_wconf 84' lang='lat' dir='ltr'>Damiatae</span> 
     </span>
     <span class='ocr_line' id='line_1_5' title="bbox 177 725 1213 804; baseline -0.005 -15"><span class='ocrx_word' id='word_1_20' title='bbox 177 728 353 789; x_wconf 80' lang='lat' dir='ltr'>christianus</span> <span class='ocrx_word' id='word_1_21' title='bbox 375 730 514 788; x_wconf 87' lang='lat' dir='ltr'>exercitus</span> <span class='ocrx_word' id='word_1_22' title='bbox 536 745 571 788; x_wconf 87' lang='lat' dir='ltr'>ex</span> <span class='ocrx_word' id='word_1_23' title='bbox 592 734 674 804; x_wconf 89' lang='lat' dir='ltr'>parte</span> <span class='ocrx_word' id='word_1_24' title='bbox 697 727 780 788; x_wconf 90' lang='lat' dir='ltr'>datus</span> <span class='ocrx_word' id='word_1_25' title='bbox 802 733 846 787; x_wconf 87' lang='lat' dir='ltr'>est</span> <span class='ocrx_word' id='word_1_26' title='bbox 866 729 895 785; x_wconf 95' lang='lat' dir='ltr'>in</span> <span class='ocrx_word' id='word_1_27' title='bbox 916 744 1019 786; x_wconf 88' lang='lat' dir='ltr'>manus</span> <span class='ocrx_word' id='word_1_28' title='bbox 1037 725 1213 785; x_wconf 86' lang='lat' dir='ltr'>Sarraceno-</span> 
     </span>
     <span class='ocr_line' id='line_1_6' title="bbox 123 810 1213 893; baseline -0.006 -17"><span class='ocrx_word' id='word_1_29' title='bbox 123 863 128 876; x_wconf 83' lang='grc'><em>,</em></span> <span class='ocrx_word' id='word_1_30' title='bbox 176 833 248 892; x_wconf 87' lang='lat' dir='ltr'>rum,</span> <span class='ocrx_word' id='word_1_31' title='bbox 268 815 428 893; x_wconf 80' lang='lat' dir='ltr'>Episcopus</span> <span class='ocrx_word' id='word_1_32' title='bbox 448 813 633 874; x_wconf 88' lang='lat' dir='ltr'>Belnaceusis</span> <span class='ocrx_word' id='word_1_33' title='bbox 644 810 660 893; x_wconf 84' lang='lat'>¹)</span> <span class='ocrx_word' id='word_1_34' title='bbox 683 812 785 874; x_wconf 87' lang='lat' dir='ltr'>ductus</span> <span class='ocrx_word' id='word_1_35' title='bbox 807 821 850 873; x_wconf 92' lang='lat' dir='ltr'>est</span> <span class='ocrx_word' id='word_1_36' title='bbox 870 818 900 872; x_wconf 93' lang='lat' dir='ltr'>iu</span> <span class='ocrx_word' id='word_1_37' title='bbox 916 813 1097 890; x_wconf 84' lang='lat' dir='ltr'>Babylonem</span> <span class='ocrx_word' id='word_1_38' title='bbox 1119 814 1213 887; x_wconf 88' lang='lat' dir='ltr'>capti-</span> 
     </span>
     <span class='ocr_line' id='line_1_7' title="bbox 175 898 1215 977; baseline -0.006 -14"><span class='ocrx_word' id='word_1_39' title='bbox 175 919 239 977; x_wconf 84' lang='lat' dir='ltr'>vus,</span> <span class='ocrx_word' id='word_1_40' title='bbox 261 908 289 963; x_wconf 89' lang='lat' dir='ltr'>at</span> <span class='ocrx_word' id='word_1_41' title='bbox 310 918 376 962; x_wconf 90' lang='lat' dir='ltr'>cum</span> <span class='ocrx_word' id='word_1_42' title='bbox 397 918 432 961; x_wconf 92' lang='lat' dir='ltr'>eo</span> <span class='ocrx_word' id='word_1_43' title='bbox 453 901 544 961; x_wconf 88' lang='lat' dir='ltr'>multi.</span> <span class='ocrx_word' id='word_1_44' title='bbox 587 901 717 976; x_wconf 83' lang='lat' dir='ltr'>Cumque</span> <span class='ocrx_word' id='word_1_45' title='bbox 738 903 807 960; x_wconf 89' lang='lat' dir='ltr'>satis</span> <span class='ocrx_word' id='word_1_46' title='bbox 828 901 953 960; x_wconf 89' lang='lat' dir='ltr'>humane</span> <span class='ocrx_word' id='word_1_47' title='bbox 975 898 1139 960; x_wconf 84' lang='lat' dir='ltr'>aSoldano</span> <span class='ocrx_word' id='word_1_48' title='bbox 1152 911 1215 958; x_wconf 86' lang='lat' dir='ltr'>tra·</span> 
     </span>
     <span class='ocr_line' id='line_1_8' title="bbox 176 985 1214 1064; baseline -0.006 -14"><span class='ocrx_word' id='word_1_49' title='bbox 176 995 327 1064; x_wconf 81' lang='lat' dir='ltr'>clarentnr,</span> <span class='ocrx_word' id='word_1_50' title='bbox 348 987 453 1049; x_wconf 81' lang='lat' dir='ltr'>semina</span> <span class='ocrx_word' id='word_1_51' title='bbox 475 987 617 1063; x_wconf 86' lang='lat' dir='ltr'>quaedam</span> <span class='ocrx_word' id='word_1_52' title='bbox 638 1005 753 1064; x_wconf 86' lang='lat' dir='ltr'>pagana</span> <span class='ocrx_word' id='word_1_53' title='bbox 775 989 844 1047; x_wconf 91' lang='lat' dir='ltr'>civis</span> <span class='ocrx_word' id='word_1_54' title='bbox 861 987 1040 1064; x_wconf 89' lang='lat' dir='ltr'>Babylonica</span> <span class='ocrx_word' id='word_1_55' title='bbox 1060 985 1151 1044; x_wconf 92' lang='lat' dir='ltr'>filium</span> <span class='ocrx_word' id='word_1_56' title='bbox 1173 987 1214 1044; x_wconf 87' lang='lat' dir='ltr'>sic</span> 
     </span>
     <span class='ocr_line' id='line_1_9' title="bbox 175 1072 1215 1150; baseline -0.005 -15"><span class='ocrx_word' id='word_1_57' title='bbox 175 1076 303 1138; x_wconf 85' lang='lat' dir='ltr'>habebat</span> <span class='ocrx_word' id='word_1_58' title='bbox 329 1073 486 1149; x_wconf 88' lang='lat' dir='ltr'>infirmum,</span> <span class='ocrx_word' id='word_1_59' title='bbox 514 1081 548 1134; x_wconf 93' lang='lat' dir='ltr'>ut</span> <span class='ocrx_word' id='word_1_60' title='bbox 574 1074 653 1134; x_wconf 91' lang='lat' dir='ltr'>nulla</span> <span class='ocrx_word' id='word_1_61' title='bbox 681 1091 747 1150; x_wconf 86' lang='lat' dir='ltr'>spes</span> <span class='ocrx_word' id='word_1_62' title='bbox 775 1076 853 1133; x_wconf 87' lang='lat' dir='ltr'>vitae</span> <span class='ocrx_word' id='word_1_63' title='bbox 875 1080 951 1134; x_wconf 87' lang='lat' dir='ltr'>esset</span> <span class='ocrx_word' id='word_1_64' title='bbox 970 1076 999 1131; x_wconf 93' lang='lat' dir='ltr'>in</span> <span class='ocrx_word' id='word_1_65' title='bbox 1020 1072 1078 1131; x_wconf 92' lang='lat' dir='ltr'>illo.</span> <span class='ocrx_word' id='word_1_66' title='bbox 1121 1072 1215 1131; x_wconf 82' lang='lat' dir='ltr'>Nocte</span> 
     </span>
     <span class='ocr_line' id='line_1_10' title="bbox 176 1158 1215 1240; baseline -0.005 -17"><span class='ocrx_word' id='word_1_67' title='bbox 176 1163 300 1240; x_wconf 87' lang='lat' dir='ltr'>quadam</span> <span class='ocrx_word' id='word_1_68' title='bbox 328 1169 481 1222; x_wconf 67' lang='lat' dir='ltr'>ostensum*</span> <span class='ocrx_word' id='word_1_69' title='bbox 497 1166 541 1221; x_wconf 88' lang='lat' dir='ltr'>est</span> <span class='ocrx_word' id='word_1_70' title='bbox 561 1163 588 1221; x_wconf 89' lang='lat' dir='ltr'>ci</span> <span class='ocrx_word' id='word_1_71' title='bbox 609 1164 638 1219; x_wconf 93' lang='lat' dir='ltr'>in</span> <span class='ocrx_word' id='word_1_72' title='bbox 659 1162 780 1236; x_wconf 86' lang='lat' dir='ltr'>somnis,</span> <span class='ocrx_word' id='word_1_73' title='bbox 808 1168 841 1219; x_wconf 89' lang='lat' dir='ltr'>ut</span> <span class='ocrx_word' id='word_1_74' title='bbox 861 1163 886 1220; x_wconf 93' lang='lat' dir='ltr'>si</span> <span class='ocrx_word' id='word_1_75' title='bbox 906 1160 1068 1236; x_wconf 87' lang='lat' dir='ltr'>praedictos</span> <span class='ocrx_word' id='word_1_76' title='bbox 1089 1158 1215 1236; x_wconf 87' lang='lat' dir='ltr'>Episco-</span> 
     </span>
     <span class='ocr_line' id='line_1_11' title="bbox 174 1249 1215 1330; baseline -0.006 -20"><span class='ocrx_word' id='word_1_77' title='bbox 174 1250 328 1330; x_wconf 88' lang='lat' dir='ltr'>pusillum</span> <span class='ocrx_word' id='word_1_78' title='bbox 349 1249 517 1325; x_wconf 86' lang='lat' dir='ltr'>baptizaret,</span> <span class='ocrx_word' id='word_1_79' title='bbox 535 1264 603 1306; x_wconf 89' lang='lat' dir='ltr'>mox</span> <span class='ocrx_word' id='word_1_80' title='bbox 625 1264 740 1307; x_wconf 90' lang='lat' dir='ltr'>omnem</span> <span class='ocrx_word' id='word_1_81' title='bbox 762 1249 888 1324; x_wconf 89' lang='lat' dir='ltr'>corporis</span> <span class='ocrx_word' id='word_1_82' title='bbox 910 1249 1076 1323; x_wconf 86' lang='lat' dir='ltr'>sospitatem</span> <span class='ocrx_word' id='word_1_83' title='bbox 1091 1262 1215 1322; x_wconf 88' lang='lat' dir='ltr'>recupe—</span> 
     </span>
     <span class='ocr_line' id='line_1_12' title="bbox 175 1331 1215 1413; baseline -0.003 -19"><span class='ocrx_word' id='word_1_84' title='bbox 175 1342 258 1396; x_wconf 86' lang='lat' dir='ltr'>raret</span> <span class='ocrx_word' id='word_1_85' title='bbox 299 1335 354 1396; x_wconf 87' lang='lat' dir='ltr'>Illa</span> <span class='ocrx_word' id='word_1_86' title='bbox 375 1335 496 1396; x_wconf 90' lang='lat' dir='ltr'>sollicita</span> <span class='ocrx_word' id='word_1_87' title='bbox 517 1334 553 1393; x_wconf 91' lang='lat' dir='ltr'>dc</span> <span class='ocrx_word' id='word_1_88' title='bbox 574 1333 649 1409; x_wconf 89' lang='lat' dir='ltr'>filio,</span> <span class='ocrx_word' id='word_1_89' title='bbox 677 1351 762 1393; x_wconf 87' lang='lat' dir='ltr'>mane</span> <span class='ocrx_word' id='word_1_90' title='bbox 785 1331 879 1413; x_wconf 82' lang='lat' dir='ltr'>cum²)</span> <span class='ocrx_word' id='word_1_91' title='bbox 901 1335 1008 1393; x_wconf 86' lang='lat' dir='ltr'>familia</span> <span class='ocrx_word' id='word_1_92' title='bbox 1028 1349 1063 1392; x_wconf 90' lang='lat' dir='ltr'>ac</span> <span class='ocrx_word' id='word_1_93' title='bbox 1085 1334 1215 1408; x_wconf 89' lang='lat' dir='ltr'>parenti·</span> 
     </span>
     <span class='ocr_line' id='line_1_13' title="bbox 177 1419 1215 1498; baseline -0.005 -16"><span class='ocrx_word' id='word_1_94' title='bbox 177 1425 230 1482; x_wconf 91' lang='lat' dir='ltr'>bus</span> <span class='ocrx_word' id='word_1_95' title='bbox 251 1421 289 1482; x_wconf 93' lang='lat' dir='ltr'>ad</span> <span class='ocrx_word' id='word_1_96' title='bbox 303 1423 477 1498; x_wconf 82' lang='lat' dir='ltr'>Episcopum</span> <span class='ocrx_word' id='word_1_97' title='bbox 491 1423 584 1497; x_wconf 79' lang='lat' dir='ltr'>venit3</span> <span class='ocrx_word' id='word_1_98' title='bbox 607 1422 675 1497; x_wconf 86' lang='lat' dir='ltr'>qnid</span> <span class='ocrx_word' id='word_1_99' title='bbox 696 1421 799 1480; x_wconf 84' lang='lat' dir='ltr'>viderit</span> <span class='ocrx_word' id='word_1_100' title='bbox 814 1423 960 1496; x_wconf 80' lang='lat' dir='ltr'>exposuit3</span> <span class='ocrx_word' id='word_1_101' title='bbox 983 1421 1122 1495; x_wconf 87' lang='lat' dir='ltr'>baptizari</span> <span class='ocrx_word' id='word_1_102' title='bbox 1135 1419 1215 1478; x_wconf 88' lang='lat' dir='ltr'>illum</span> 
     </span>
     <span class='ocr_line' id='line_1_14' title="bbox 176 1505 1215 1585; baseline -0.004 -17"><span class='ocrx_word' id='word_1_103' title='bbox 176 1509 317 1569; x_wconf 86' lang='lat' dir='ltr'>humiliter</span> <span class='ocrx_word' id='word_1_104' title='bbox 340 1511 442 1585; x_wconf 87' lang='lat' dir='ltr'>petivit</span> <span class='ocrx_word' id='word_1_105' title='bbox 470 1514 499 1568; x_wconf 88' lang='lat' dir='ltr'>ct</span> <span class='ocrx_word' id='word_1_106' title='bbox 519 1509 650 1567; x_wconf 88' lang='lat' dir='ltr'>obtinuit.</span> <span class='ocrx_word' id='word_1_107' title='bbox 693 1507 773 1568; x_wconf 86' lang='lat' dir='ltr'>Sicut</span> <span class='ocrx_word' id='word_1_108' title='bbox 794 1507 891 1566; x_wconf 91' lang='lat' dir='ltr'>retulit</span> <span class='ocrx_word' id='word_1_109' title='bbox 910 1507 1052 1567; x_wconf 89' lang='lat' dir='ltr'>Henricus</span> <span class='ocrx_word' id='word_1_110' title='bbox 1073 1505 1157 1566; x_wconf 89' lang='lat' dir='ltr'>miles</span> <span class='ocrx_word' id='word_1_111' title='bbox 1180 1505 1215 1564; x_wconf 89' lang='lat' dir='ltr'>de</span> 
     </span>
     <span class='ocr_line' id='line_1_15' title="bbox 175 1593 1215 1677; baseline -0.007 -19"><span class='ocrx_word' id='word_1_112' title='bbox 175 1593 325 1677; x_wconf 81' lang='lat' dir='ltr'>Ulmeue⁸)</span> <span class='ocrx_word' id='word_1_113' title='bbox 348 1598 398 1671; x_wconf 90' lang='lat' dir='ltr'>qui</span> <span class='ocrx_word' id='word_1_114' title='bbox 417 1612 552 1671; x_wconf 87' lang='lat' dir='ltr'>praeseus</span> <span class='ocrx_word' id='word_1_115' title='bbox 574 1599 649 1670; x_wconf 86' lang='lat' dir='ltr'>erat,</span> <span class='ocrx_word' id='word_1_116' title='bbox 670 1593 868 1670; x_wconf 83' lang='lat' dir='ltr'>baptisterium</span> <span class='ocrx_word' id='word_1_117' title='bbox 889 1596 995 1671; x_wconf 89' lang='lat' dir='ltr'>pagani</span> <span class='ocrx_word' id='word_1_118' title='bbox 1016 1596 1215 1653; x_wconf 85' lang='lat' dir='ltr'>circumstete-</span> 
     </span>
     <span class='ocr_line' id='line_1_16' title="bbox 176 1679 1216 1759; baseline -0.006 -16"><span class='ocrx_word' id='word_1_119' title='bbox 176 1689 256 1758; x_wconf 88' lang='lat' dir='ltr'>runt,</span> <span class='ocrx_word' id='word_1_120' title='bbox 284 1689 313 1743; x_wconf 88' lang='lat' dir='ltr'>et</span> <span class='ocrx_word' id='word_1_121' title='bbox 338 1685 473 1759; x_wconf 79' lang='lat' dir='ltr'>riserunt3</span> <span class='ocrx_word' id='word_1_122' title='bbox 502 1699 626 1758; x_wconf 86' lang='lat' dir='ltr'>quornm</span> <span class='ocrx_word' id='word_1_123' title='bbox 650 1684 724 1748; x_wconf 84' lang='lat' dir='ltr'>risus</span> <span class='ocrx_word' id='word_1_124' title='bbox 745 1698 845 1740; x_wconf 87' lang='lat' dir='ltr'>versus</span> <span class='ocrx_word' id='word_1_125' title='bbox 868 1688 912 1740; x_wconf 91' lang='lat' dir='ltr'>est</span> <span class='ocrx_word' id='word_1_126' title='bbox 939 1684 967 1738; x_wconf 92' lang='lat' dir='ltr'>in</span> <span class='ocrx_word' id='word_1_127' title='bbox 989 1679 1216 1739; x_wconf 86' lang='lat' dir='ltr'>admirationem</span> 
     </span>
     <span class='ocr_line' id='line_1_17' title="bbox 175 1764 1216 1848; baseline -0.005 -18"><span class='ocrx_word' id='word_1_128' title='bbox 175 1769 251 1830; x_wconf 86' lang='lat' dir='ltr'>Nam</span> <span class='ocrx_word' id='word_1_129' title='bbox 272 1768 439 1830; x_wconf 82' lang='lat' dir='ltr'>adolescens</span> <span class='ocrx_word' id='word_1_130' title='bbox 461 1764 538 1848; x_wconf 58' lang='lat' dir='ltr'>quit)</span> <span class='ocrx_word' id='word_1_131' title='bbox 561 1767 729 1843; x_wconf 87' lang='lat' dir='ltr'>desperatos</span> <span class='ocrx_word' id='word_1_132' title='bbox 749 1769 876 1841; x_wconf 89' lang='lat' dir='ltr'>intravit,</span> <span class='ocrx_word' id='word_1_133' title='bbox 899 1768 1073 1844; x_wconf 83' lang='lat' dir='ltr'>baptizatus,</span> <span class='ocrx_word' id='word_1_134' title='bbox 1094 1767 1216 1825; x_wconf 87' lang='lat' dir='ltr'>sanissi-</span> 
     </span>
     <span class='ocr_line' id='line_1_18' title="bbox 176 1852 1216 1932; baseline -0.004 -16"><span class='ocrx_word' id='word_1_135' title='bbox 176 1875 241 1916; x_wconf 89' lang='lat' dir='ltr'>mus</span> <span class='ocrx_word' id='word_1_136' title='bbox 269 1859 366 1920; x_wconf 84' lang='lat' dir='ltr'>exivit.</span> <span class='ocrx_word' id='word_1_137' title='bbox 408 1855 498 1932; x_wconf 84' lang='lat' dir='ltr'>Spero</span> <span class='ocrx_word' id='word_1_138' title='bbox 528 1854 605 1930; x_wconf 85' lang='lat' dir='ltr'>quod</span> <span class='ocrx_word' id='word_1_139' title='bbox 633 1872 725 1930; x_wconf 91' lang='lat' dir='ltr'>usque</span> <span class='ocrx_word' id='word_1_140' title='bbox 753 1853 838 1915; x_wconf 91' lang='lat' dir='ltr'>hodie</span> <span class='ocrx_word' id='word_1_141' title='bbox 859 1857 888 1912; x_wconf 92' lang='lat' dir='ltr'>in</span> <span class='ocrx_word' id='word_1_142' title='bbox 909 1854 966 1914; x_wconf 90' lang='lat' dir='ltr'>fide</span> <span class='ocrx_word' id='word_1_143' title='bbox 989 1852 1092 1912; x_wconf 81' lang='lat' dir='ltr'>Christi</span> <span class='ocrx_word' id='word_1_144' title='bbox 1113 1870 1216 1929; x_wconf 90' lang='lat' dir='ltr'>perse-</span> 
     </span>
     <span class='ocr_line' id='line_1_19' title="bbox 169 1937 1216 2020; baseline -0.005 -17"><span class='ocrx_word' id='word_1_145' title='bbox 169 1948 270 2020; x_wconf 51' lang='lat' dir='ltr'>¹veret3</span> <span class='ocrx_word' id='word_1_146' title='bbox 292 1950 322 2003; x_wconf 90' lang='lat' dir='ltr'>et</span> <span class='ocrx_word' id='word_1_147' title='bbox 333 1943 406 2003; x_wconf 84' lang='lat' dir='ltr'>sorte</span> <span class='ocrx_word' id='word_1_148' title='bbox 428 1942 476 2002; x_wconf 89' lang='lat' dir='ltr'>alii</span> <span class='ocrx_word' id='word_1_149' title='bbox 489 1943 550 2002; x_wconf 89' lang='lat' dir='ltr'>eius</span> <span class='ocrx_word' id='word_1_150' title='bbox 565 1937 695 2018; x_wconf 85' lang='lat' dir='ltr'>exemplo</span> <span class='ocrx_word' id='word_1_151' title='bbox 710 1941 897 2001; x_wconf 89' lang='lat' dir='ltr'>credidemnt.</span> <span class='ocrx_word' id='word_1_152' title='bbox 925 1939 984 2000; x_wconf 83' lang='lat' dir='ltr'>Sed</span> <span class='ocrx_word' id='word_1_153' title='bbox 998 1939 1066 2016; x_wconf 92' lang='lat' dir='ltr'>quid</span> <span class='ocrx_word' id='word_1_154' title='bbox 1079 1940 1216 2017; x_wconf 83' lang='lat' dir='ltr'>baptismi</span> 
     </span>
     <span class='ocr_line' id='line_1_20' title="bbox 176 2027 1216 2104; baseline -0.004 -14"><span class='ocrx_word' id='word_1_155' title='bbox 176 2032 309 2090; x_wconf 85' lang='lat' dir='ltr'>vittutcm</span> <span class='ocrx_word' id='word_1_156' title='bbox 329 2031 359 2088; x_wconf 89' lang='lat' dir='ltr'>in</span> <span class='ocrx_word' id='word_1_157' title='bbox 380 2028 442 2089; x_wconf 88' lang='lat' dir='ltr'>aliis</span> <span class='ocrx_word' id='word_1_158' title='bbox 455 2028 633 2104; x_wconf 87' lang='lat' dir='ltr'>commendo,</span> <span class='ocrx_word' id='word_1_159' title='bbox 655 2046 721 2088; x_wconf 93' lang='lat' dir='ltr'>cum</span> <span class='ocrx_word' id='word_1_160' title='bbox 740 2027 820 2088; x_wconf 87' lang='lat' dir='ltr'>illam</span> <span class='ocrx_word' id='word_1_161' title='bbox 837 2027 1002 2088; x_wconf 88' lang='lat' dir='ltr'>mirabiliter</span> <span class='ocrx_word' id='word_1_162' title='bbox 1022 2028 1092 2087; x_wconf 86' lang='lat' dir='ltr'>satis</span> <span class='ocrx_word' id='word_1_163' title='bbox 1110 2043 1216 2104; x_wconf 84' lang='lat' dir='ltr'>exper-</span> 
     </span>
     <span class='ocr_line' id='line_1_21' title="bbox 175 2113 589 2196; baseline 0 -21"><span class='ocrx_word' id='word_1_164' title='bbox 175 2125 222 2176; x_wconf 87' lang='lat' dir='ltr'>tus</span> <span class='ocrx_word' id='word_1_165' title='bbox 242 2113 325 2196; x_wconf 84' lang='lat' dir='ltr'>sim⁶)</span> <span class='ocrx_word' id='word_1_166' title='bbox 347 2119 376 2175; x_wconf 91' lang='lat' dir='ltr'>in</span> <span class='ocrx_word' id='word_1_167' title='bbox 400 2113 589 2192; x_wconf 75' lang='lat' dir='ltr'>memetipso?</span> 
     </span>
    </p>
   </div>
   <div class='ocr_carea' id='block_1_4' title="bbox 509 2303 881 2366">
    <p class='ocr_par' dir='ltr' id='par_1_4' title="bbox 509 2303 881 2366">
     <span class='ocr_line' id='line_1_22' title="bbox 509 2303 881 2366; baseline 0 -2"><span class='ocrx_word' id='word_1_168' title='bbox 509 2303 742 2366; x_wconf 80' lang='lat' dir='ltr'>CAPITULUM</span> <span class='ocrx_word' id='word_1_169' title='bbox 770 2303 881 2366; x_wconf 88' lang='lat' dir='ltr'>XLIV.</span> 
     </span>
    </p>
   </div>
   <div class='ocr_carea' id='block_1_5' title="bbox 310 2426 1076 2588">
    <p class='ocr_par' dir='ltr' id='par_1_5' title="bbox 310 2426 1076 2588">
     <span class='ocr_line' id='line_1_23' title="bbox 310 2426 1076 2504; baseline -0.001 -17"><span class='ocrx_word' id='word_1_170' title='bbox 310 2427 386 2488; x_wconf 79' lang='lat' dir='ltr'>liam</span> <span class='ocrx_word' id='word_1_171' title='bbox 408 2427 444 2486; x_wconf 83' lang='lat' dir='ltr'>de</span> <span class='ocrx_word' id='word_1_172' title='bbox 465 2434 586 2487; x_wconf 85' lang='lat' dir='ltr'>auctore</span> <span class='ocrx_word' id='word_1_173' title='bbox 607 2427 694 2485; x_wconf 81' lang='lat' dir='ltr'>baias</span> <span class='ocrx_word' id='word_1_174' title='bbox 716 2427 848 2502; x_wconf 60' lang='lat' dir='ltr'>Diolopt}</span> <span class='ocrx_word' id='word_1_175' title='bbox 870 2429 922 2502; x_wconf 78' lang='lat' dir='ltr'>qai</span> <span class='ocrx_word' id='word_1_176' title='bbox 942 2426 1076 2504; x_wconf 73' lang='lat' dir='ltr'>beneflcio</span> 
     </span>
     <span class='ocr_line' id='line_1_24' title="bbox 529 2513 858 2588; baseline 0 -16"><span class='ocrx_word' id='word_1_177' title='bbox 529 2513 665 2588; x_wconf 81' lang='lat' dir='ltr'>bapb&#39;smi</span> <span class='ocrx_word' id='word_1_178' title='bbox 697 2515 858 2574; x_wconf 78' lang='lat' dir='ltr'>convaluit.</span> 
     </span>
    </p>
   </div>
   <div class='ocr_carea' id='block_1_6' title="bbox 173 2633 1216 3232">
    <p class='ocr_par' dir='ltr' id='par_1_6' title="bbox 173 2633 1216 3232">
     <span class='ocr_line' id='line_1_25' title="bbox 241 2633 1216 2710; baseline 0.002 -16"><span class='ocrx_word' id='word_1_179' title='bbox 241 2634 314 2694; x_wconf 80' lang='lat' dir='ltr'>Cum</span> <span class='ocrx_word' id='word_1_180' title='bbox 341 2634 436 2695; x_wconf 89' lang='lat' dir='ltr'>adhuc</span> <span class='ocrx_word' id='word_1_181' title='bbox 458 2633 595 2694; x_wconf 86' lang='lat' dir='ltr'>scholaris</span> <span class='ocrx_word' id='word_1_182' title='bbox 616 2635 753 2710; x_wconf 89' lang='lat' dir='ltr'>parvulus</span> <span class='ocrx_word' id='word_1_183' title='bbox 774 2641 902 2709; x_wconf 90' lang='lat' dir='ltr'>temporo</span> <span class='ocrx_word' id='word_1_184' title='bbox 924 2633 1050 2710; x_wconf 82' lang='lat' dir='ltr'>quodam</span> <span class='ocrx_word' id='word_1_185' title='bbox 1070 2635 1099 2692; x_wconf 92' lang='lat' dir='ltr'>in</span> <span class='ocrx_word' id='word_1_186' title='bbox 1122 2637 1216 2696; x_wconf 85' lang='lat' dir='ltr'>acutis</span> 
     </span>
     <span class='ocr_line' id='line_1_26' title="bbox 175 2715 1216 2799; baseline 0 -18"><span class='ocrx_word' id='word_1_187' title='bbox 175 2723 344 2798; x_wconf 84' lang='lat' dir='ltr'>laborarem,</span> <span class='ocrx_word' id='word_1_188' title='bbox 357 2728 386 2782; x_wconf 92' lang='lat' dir='ltr'>et</span> <span class='ocrx_word' id='word_1_189' title='bbox 397 2721 486 2781; x_wconf 88' lang='lat' dir='ltr'>semel</span> <span class='ocrx_word' id='word_1_190' title='bbox 496 2739 531 2782; x_wconf 86' lang='lat' dir='ltr'>ac</span> <span class='ocrx_word' id='word_1_191' title='bbox 545 2721 671 2781; x_wconf 88' lang='lat' dir='ltr'>secundo</span> <span class='ocrx_word' id='word_1_192' title='bbox 684 2728 751 2796; x_wconf 87' lang='lat' dir='ltr'>post</span> <span class='ocrx_word' id='word_1_193' title='bbox 764 2715 900 2799; x_wconf 84' lang='lat' dir='ltr'>chrisim⁶)</span> <span class='ocrx_word' id='word_1_194' title='bbox 914 2722 1126 2796; x_wconf 90' lang='lat' dir='ltr'>recidivassem‚</span> <span class='ocrx_word' id='word_1_195' title='bbox 1142 2739 1216 2784; x_wconf 91' lang='lat' dir='ltr'>con-</span> 
     </span>
     <span class='ocr_line' id='line_1_27' title="bbox 174 2808 1216 2886; baseline 0 -18"><span class='ocrx_word' id='word_1_196' title='bbox 174 2811 239 2886; x_wconf 84' lang='lat' dir='ltr'>tigit</span> <span class='ocrx_word' id='word_1_197' title='bbox 259 2815 291 2867; x_wconf 91' lang='lat' dir='ltr'>ut</span> <span class='ocrx_word' id='word_1_198' title='bbox 305 2808 403 2885; x_wconf 88' lang='lat' dir='ltr'>puella</span> <span class='ocrx_word' id='word_1_199' title='bbox 423 2808 565 2884; x_wconf 88' lang='lat' dir='ltr'>quaedam</span> <span class='ocrx_word' id='word_1_200' title='bbox 586 2825 708 2886; x_wconf 82' lang='lat' dir='ltr'>pagana,</span> <span class='ocrx_word' id='word_1_201' title='bbox 730 2826 816 2882; x_wconf 86' lang='lat' dir='ltr'>qnam</span> <span class='ocrx_word' id='word_1_202' title='bbox 839 2815 991 2868; x_wconf 85' lang='lat' dir='ltr'>matertera</span> <span class='ocrx_word' id='word_1_203' title='bbox 1012 2825 1077 2868; x_wconf 90' lang='lat' dir='ltr'>mea</span> <span class='ocrx_word' id='word_1_204' title='bbox 1091 2812 1216 2884; x_wconf 85' lang='lat' dir='ltr'>pecnnia</span> 
     </span>
     <span class='ocr_line' id='line_1_28' title="bbox 176 2895 1216 2972; baseline -0.001 -16"><span class='ocrx_word' id='word_1_205' title='bbox 176 2902 401 2972; x_wconf 86' lang='lat' dir='ltr'>comparaverat,</span> <span class='ocrx_word' id='word_1_206' title='bbox 422 2895 622 2970; x_wconf 83' lang='lat' dir='ltr'>baptizaretur.</span> <span class='ocrx_word' id='word_1_207' title='bbox 664 2895 802 2954; x_wconf 84' lang='lat' dir='ltr'>Habebat</span> <span class='ocrx_word' id='word_1_208' title='bbox 813 2897 887 2954; x_wconf 89' lang='lat' dir='ltr'>enirn</span> <span class='ocrx_word' id='word_1_209' title='bbox 904 2897 979 2954; x_wconf 88' lang='lat' dir='ltr'>circa</span> <span class='ocrx_word' id='word_1_210' title='bbox 1001 2895 1102 2954; x_wconf 87' lang='lat' dir='ltr'>decem</span> <span class='ocrx_word' id='word_1_211' title='bbox 1124 2912 1216 2955; x_wconf 89' lang='lat' dir='ltr'>annos</span> 
     </span>
     <span class='ocr_line' id='line_1_29' title="bbox 175 2978 1216 3063; baseline -0.002 -19"><span class='ocrx_word' id='word_1_212' title='bbox 175 2985 285 3044; x_wconf 69' lang='lat' dir='ltr'>nutatim</span> <span class='ocrx_word' id='word_1_213' title='bbox 312 2982 437 3042; x_wconf 83' lang='lat' dir='ltr'>Suasum</span> <span class='ocrx_word' id='word_1_214' title='bbox 451 2988 495 3042; x_wconf 87' lang='lat' dir='ltr'>est</span> <span class='ocrx_word' id='word_1_215' title='bbox 508 2984 590 3040; x_wconf 86' lang='lat' dir='ltr'>matri</span> <span class='ocrx_word' id='word_1_216' title='bbox 604 2999 687 3057; x_wconf 85' lang='lat' dir='ltr'>meaa</span> <span class='ocrx_word' id='word_1_217' title='bbox 698 2988 729 3040; x_wconf 94' lang='lat' dir='ltr'>ut</span> <span class='ocrx_word' id='word_1_218' title='bbox 743 2982 845 3042; x_wconf 90' lang='lat' dir='ltr'>eodem</span> <span class='ocrx_word' id='word_1_219' title='bbox 857 2981 1041 3042; x_wconf 81' lang='lat' dir='ltr'>lintheamina</span> <span class='ocrx_word' id='word_1_220' title='bbox 1057 3000 1114 3058; x_wconf 92' lang='lat' dir='ltr'>quo</span> <span class='ocrx_word' id='word_1_221' title='bbox 1123 2978 1143 3063; x_wconf 75' lang='lat'>¹)</span> <span class='ocrx_word' id='word_1_222' title='bbox 1168 2984 1216 3042; x_wconf 89' lang='lat' dir='ltr'>illa</span> 
     </span>
     <span class='ocr_line' id='line_1_30' title="bbox 175 3068 1216 3148; baseline 0 -19"><span class='ocrx_word' id='word_1_223' title='bbox 175 3071 210 3132; x_wconf 85' lang='lat' dir='ltr'>de</span> <span class='ocrx_word' id='word_1_224' title='bbox 225 3070 367 3146; x_wconf 90' lang='lat' dir='ltr'>baptismo</span> <span class='ocrx_word' id='word_1_225' title='bbox 382 3068 603 3142; x_wconf 85' lang='lat' dir='ltr'>exierat‚·adhno</span> <span class='ocrx_word' id='word_1_226' title='bbox 619 3068 735 3128; x_wconf 89' lang='lat' dir='ltr'>madido</span> <span class='ocrx_word' id='word_1_227' title='bbox 749 3086 795 3128; x_wconf 89' lang='lat' dir='ltr'>me</span> <span class='ocrx_word' id='word_1_228' title='bbox 808 3068 981 3145; x_wconf 61' lang='lat' dir='ltr'>involverem</span> <span class='ocrx_word' id='word_1_229' title='bbox 1004 3075 1032 3128; x_wconf 86' lang='lat' dir='ltr'>et</span> <span class='ocrx_word' id='word_1_230' title='bbox 1046 3072 1133 3130; x_wconf 86' lang='lat' dir='ltr'>sciret</span> <span class='ocrx_word' id='word_1_231' title='bbox 1144 3075 1216 3148; x_wconf 84' lang='lat' dir='ltr'>gre-</span> 
     </span>
     <span class='ocr_line' id='line_1_31' title="bbox 173 3154 1216 3232; baseline 0.001 -17"><span class='ocrx_word' id='word_1_232' title='bbox 173 3159 243 3216; x_wconf 86' lang='lat' dir='ltr'>tiam</span> <span class='ocrx_word' id='word_1_233' title='bbox 274 3157 403 3216; x_wconf 85' lang='lat' dir='ltr'>sanitatis</span> <span class='ocrx_word' id='word_1_234' title='bbox 424 3155 542 3214; x_wconf 88' lang='lat' dir='ltr'>celerius</span> <span class='ocrx_word' id='word_1_235' title='bbox 563 3163 735 3215; x_wconf 88' lang='lat' dir='ltr'>secuturam.</span> <span class='ocrx_word' id='word_1_236' title='bbox 779 3154 863 3232; x_wconf 87' lang='lat' dir='ltr'>Quod</span> <span class='ocrx_word' id='word_1_237' title='bbox 885 3172 951 3216; x_wconf 89' lang='lat' dir='ltr'>cum</span> <span class='ocrx_word' id='word_1_238' title='bbox 971 3155 1078 3216; x_wconf 80' lang='lat' dir='ltr'>factum</span> <span class='ocrx_word' id='word_1_239' title='bbox 1099 3156 1216 3232; x_wconf 85' lang='lat' dir='ltr'>suisset,</span> 
     </span>
    </p>
   </div>
   <div class='ocr_carea' id='block_1_7' title="bbox 193 3287 1216 3844">
    <p class='ocr_par' dir='ltr' id='par_1_7' title="bbox 193 3287 1216 3492">
     <span class='ocr_line' id='line_1_32' title="bbox 193 3287 1216 3357; baseline 0 -15"><span class='ocrx_word' id='word_1_240' title='bbox 193 3290 223 3357; x_wconf 84' lang='lat' dir='ltr'>i)</span> <span class='ocrx_word' id='word_1_241' title='bbox 241 3289 412 3352; x_wconf 79' lang='lat' dir='ltr'>bellovacum,</span> <span class='ocrx_word' id='word_1_242' title='bbox 429 3287 563 3340; x_wconf 87' lang='lat' dir='ltr'>Beauvais.</span> <span class='ocrx_word' id='word_1_243' title='bbox 578 3319 607 3329; x_wconf 90' lang='lat'><em>-</em></span> <span class='ocrx_word' id='word_1_244' title='bbox 620 3290 652 3356; x_wconf 88' lang='grc'>2)</span> <span class='ocrx_word' id='word_1_245' title='bbox 670 3289 692 3341; x_wconf 92' lang='grc' dir='ltr'><strong>Β</strong></span> <span class='ocrx_word' id='word_1_246' title='bbox 711 3288 760 3340; x_wconf 87' lang='lat' dir='ltr'>add</span> <span class='ocrx_word' id='word_1_247' title='bbox 779 3289 861 3347; x_wconf 81' lang='lat' dir='ltr'>filio,</span> <span class='ocrx_word' id='word_1_248' title='bbox 874 3289 947 3354; x_wconf 78' lang='lat'>-3]</span> <span class='ocrx_word' id='word_1_249' title='bbox 966 3287 1009 3342; x_wconf 83' lang='lat' dir='ltr'>CF</span> <span class='ocrx_word' id='word_1_250' title='bbox 1027 3288 1066 3340; x_wconf 86' lang='lat' dir='ltr'>da</span> <span class='ocrx_word' id='word_1_251' title='bbox 1083 3289 1216 3342; x_wconf 85' lang='lat' dir='ltr'>Olmene</span> 
     </span>
     <span class='ocr_line' id='line_1_33' title="bbox 243 3357 1216 3430; baseline 0.002 -20"><span class='ocrx_word' id='word_1_252' title='bbox 243 3358 340 3410; x_wconf 88' lang='lat' dir='ltr'>miles.</span> <span class='ocrx_word' id='word_1_253' title='bbox 366 3357 482 3411; x_wconf 85' lang='lat' dir='ltr'>Olivcrus</span> <span class='ocrx_word' id='word_1_254' title='bbox 494 3358 663 3411; x_wconf 86' lang='lat' dir='ltr'>Scholasticus</span> <span class='ocrx_word' id='word_1_255' title='bbox 675 3359 741 3426; x_wconf 84' lang='lat' dir='ltr'>apud</span> <span class='ocrx_word' id='word_1_256' title='bbox 755 3359 840 3411; x_wconf 87' lang='lat' dir='ltr'>Gelan.</span> <span class='ocrx_word' id='word_1_257' title='bbox 860 3359 908 3410; x_wconf 84' lang='lat' dir='ltr'>vu.</span> <span class='ocrx_word' id='word_1_258' title='bbox 921 3359 986 3423; x_wconf 83' lang='lat' dir='ltr'>Eug.</span> <span class='ocrx_word' id='word_1_259' title='bbox 998 3374 1023 3425; x_wconf 90' lang='lat' dir='ltr'>p.</span> <span class='ocrx_word' id='word_1_260' title='bbox 1037 3360 1103 3412; x_wconf 84' lang='lat'>335:</span> <span class='ocrx_word' id='word_1_261' title='bbox 1121 3359 1216 3430; x_wconf 82' lang='lat' dir='ltr'>„Capti</span> 
     </span>
     <span class='ocr_line' id='line_1_34' title="bbox 243 3426 1216 3492; baseline 0.003 -13"><span class='ocrx_word' id='word_1_262' title='bbox 243 3437 302 3480; x_wconf 84' lang='lat' dir='ltr'>suut</span> <span class='ocrx_word' id='word_1_263' title='bbox 320 3430 345 3479; x_wconf 94' lang='lat' dir='ltr'>in</span> <span class='ocrx_word' id='word_1_264' title='bbox 363 3426 404 3479; x_wconf 88' lang='lat' dir='ltr'>illa</span> <span class='ocrx_word' id='word_1_265' title='bbox 422 3427 567 3480; x_wconf 84' lang='lat' dir='ltr'>defensioue</span> <span class='ocrx_word' id='word_1_266' title='bbox 586 3429 679 3480; x_wconf 86' lang='lat' dir='ltr'>electus</span> <span class='ocrx_word' id='word_1_267' title='bbox 694 3428 866 3492; x_wconf 81' lang='lat' dir='ltr'>Belnacensis‚</span> <span class='ocrx_word' id='word_1_268' title='bbox 884 3438 910 3480; x_wconf 86' lang='lat' dir='ltr'>ct</span> <span class='ocrx_word' id='word_1_269' title='bbox 928 3429 1006 3480; x_wconf 85' lang='lat' dir='ltr'>irater</span> <span class='ocrx_word' id='word_1_270' title='bbox 1022 3429 1078 3480; x_wconf 88' lang='lat' dir='ltr'>eius</span> <span class='ocrx_word' id='word_1_271' title='bbox 1091 3428 1216 3482; x_wconf 84' lang='lat' dir='ltr'>Camera-</span> 
     </span>
    </p>

    <p class='ocr_par' dir='ltr' id='par_1_8' title="bbox 209 3495 1215 3631">
     <span class='ocr_line' id='line_1_35' title="bbox 209 3495 1215 3566; baseline 0.002 -16"><span class='ocrx_word' id='word_1_272' title='bbox 209 3527 213 3542; x_wconf 64' lang='grc' dir='ltr'>ι</span> <span class='ocrx_word' id='word_1_273' title='bbox 242 3499 294 3550; x_wconf 81' lang='lat' dir='ltr'>rius</span> <span class='ocrx_word' id='word_1_274' title='bbox 312 3495 448 3561; x_wconf 85' lang='lat' dir='ltr'>Franciac,</span> <span class='ocrx_word' id='word_1_275' title='bbox 470 3507 496 3550; x_wconf 88' lang='lat' dir='ltr'>et</span> <span class='ocrx_word' id='word_1_276' title='bbox 514 3498 578 3550; x_wconf 87' lang='lat' dir='ltr'>lilius</span> <span class='ocrx_word' id='word_1_277' title='bbox 596 3501 665 3558; x_wconf 81' lang='lat' dir='ltr'>cius,</span> <span class='ocrx_word' id='word_1_278' title='bbox 689 3500 767 3550; x_wconf 86' lang='lat' dir='ltr'>irater</span> <span class='ocrx_word' id='word_1_279' title='bbox 784 3497 980 3566; x_wconf 83' lang='lat' dir='ltr'>Andagaueusis</span> <span class='ocrx_word' id='word_1_280' title='bbox 998 3497 1134 3565; x_wconf 76' lang='lat' dir='ltr'>Episcopi,</span> <span class='ocrx_word' id='word_1_281' title='bbox 1158 3517 1215 3552; x_wconf 88' lang='lat' dir='ltr'>cum</span> 
     </span>
     <span class='ocr_line' id='line_1_36' title="bbox 240 3566 1214 3631; baseline 0.001 -12"><span class='ocrx_word' id='word_1_282' title='bbox 240 3567 337 3620; x_wconf 86' lang='lat' dir='ltr'>loanue</span> <span class='ocrx_word' id='word_1_283' title='bbox 349 3567 451 3620; x_wconf 82' lang='lat' dir='ltr'>Dorcies</span> <span class='ocrx_word' id='word_1_284' title='bbox 465 3566 520 3620; x_wconf 87' lang='lat' dir='ltr'>viro</span> <span class='ocrx_word' id='word_1_285' title='bbox 532 3566 609 3620; x_wconf 91' lang='lat' dir='ltr'>nobili</span> <span class='ocrx_word' id='word_1_286' title='bbox 621 3577 647 3620; x_wconf 84' lang='lat' dir='ltr'>at</span> <span class='ocrx_word' id='word_1_287' title='bbox 661 3567 733 3620; x_wconf 84' lang='lat' dir='ltr'>valde</span> <span class='ocrx_word' id='word_1_288' title='bbox 745 3577 859 3631; x_wconf 77' lang='lat' dir='ltr'>strenuo,</span> <span class='ocrx_word' id='word_1_289' title='bbox 877 3569 1036 3620; x_wconf 85' lang='lat' dir='ltr'>ilenricus</span> <span class='ocrx_word' id='word_1_290' title='bbox 1054 3567 1093 3619; x_wconf 88' lang='lat' dir='ltr'>de</span> <span class='ocrx_word' id='word_1_291' title='bbox 1112 3567 1214 3629; x_wconf 76' lang='lat' dir='ltr'>Ulma,</span> 
     </span>
    </p>

    <p class='ocr_par' dir='ltr' id='par_1_9' title="bbox 221 3635 1214 3844">
     <span class='ocr_line' id='line_1_37' title="bbox 221 3635 1214 3705; baseline 0.001 -16"><span class='ocrx_word' id='word_1_292' title='bbox 221 3701 222 3704; x_wconf 8' lang='grc' dir='ltr'><strong>Ἴ</strong></span> <span class='ocrx_word' id='word_1_293' title='bbox 241 3645 268 3689; x_wconf 81' lang='lat' dir='ltr'>et</span> <span class='ocrx_word' id='word_1_294' title='bbox 284 3637 326 3689; x_wconf 91' lang='lat' dir='ltr'>alii</span> <span class='ocrx_word' id='word_1_295' title='bbox 344 3635 480 3688; x_wconf 84' lang='lat' dir='ltr'>multi“.-</span> <span class='ocrx_word' id='word_1_296' title='bbox 495 3639 527 3703; x_wconf 83' lang='lat'>4)</span> <span class='ocrx_word' id='word_1_297' title='bbox 546 3637 566 3689; x_wconf 87' lang='grc' dir='ltr'><strong>Β</strong></span> <span class='ocrx_word' id='word_1_298' title='bbox 584 3640 637 3705; x_wconf 87' lang='lat' dir='ltr'>qui</span> <span class='ocrx_word' id='word_1_299' title='bbox 655 3640 798 3705; x_wconf 80' lang='lat' dir='ltr'>quasi-</span> <span class='ocrx_word' id='word_1_300' title='bbox 811 3639 842 3704; x_wconf 84' lang='lat'>5)</span> <span class='ocrx_word' id='word_1_301' title='bbox 855 3637 919 3690; x_wconf 83' lang='lat' dir='ltr'>BCF</span> <span class='ocrx_word' id='word_1_302' title='bbox 937 3638 1094 3705; x_wconf 83' lang='lat' dir='ltr'>sum-6)</span> <span class='ocrx_word' id='word_1_303' title='bbox 1107 3636 1214 3690; x_wconf 79' lang='lat' dir='ltr'>BOEFP</span> 
     </span>
     <span class='ocr_line' id='line_1_38' title="bbox 241 3705 1212 3782; baseline 0.003 -25"><span class='ocrx_word' id='word_1_304' title='bbox 241 3707 360 3758; x_wconf 78' lang='lat' dir='ltr'>crisim.</span> <span class='ocrx_word' id='word_1_305' title='bbox 387 3705 476 3758; x_wconf 89' lang='lat' dir='ltr'>llomil.</span> <span class='ocrx_word' id='word_1_306' title='bbox 493 3707 535 3758; x_wconf 90' lang='lat' dir='ltr'>ill.</span> <span class='ocrx_word' id='word_1_307' title='bbox 553 3722 578 3773; x_wconf 88' lang='lat' dir='ltr'>p.</span> <span class='ocrx_word' id='word_1_308' title='bbox 593 3707 643 3767; x_wconf 72' lang='lat'>28:</span> <span class='ocrx_word' id='word_1_309' title='bbox 667 3709 734 3782; x_wconf 76' lang='lat' dir='ltr'>„iarn</span> <span class='ocrx_word' id='word_1_310' title='bbox 751 3706 853 3760; x_wconf 85' lang='lat' dir='ltr'>chriairu</span> <span class='ocrx_word' id='word_1_311' title='bbox 870 3705 961 3762; x_wconf 82' lang='lat' dir='ltr'>iecisse</span> <span class='ocrx_word' id='word_1_312' title='bbox 979 3705 1051 3760; x_wconf 83' lang='lat' dir='ltr'>eos.“</span> <span class='ocrx_word' id='word_1_313' title='bbox 1069 3735 1101 3746; x_wconf 88' lang='lat'><em>-</em></span> <span class='ocrx_word' id='word_1_314' title='bbox 1120 3707 1153 3774; x_wconf 88' lang='grc'>7)</span> <span class='ocrx_word' id='word_1_315' title='bbox 1172 3705 1212 3761; x_wconf 80' lang='lat' dir='ltr'>CF</span> 
     </span>
     <span class='ocr_line' id='line_1_39' title="bbox 241 3791 673 3844; baseline 0.005 -18"><span class='ocrx_word' id='word_1_316' title='bbox 241 3791 307 3828; x_wconf 84' lang='lat' dir='ltr'>curn</span> <span class='ocrx_word' id='word_1_317' title='bbox 326 3791 395 3844; x_wconf 86' lang='lat' dir='ltr'>quo.</span> <span class='ocrx_word' id='word_1_318' title='bbox 672 3791 673 3796; x_wconf 53' lang='lat'>¹</span> 
     </span>
    </p>
   </div>
   <div class='ocr_carea' id='block_1_8' title="bbox 0 0 1302 4302">
    <p class='ocr_par' dir='ltr' id='par_1_10' title="bbox 0 0 1302 4302">
     <span class='ocr_line' id='line_1_40' title="bbox 0 0 1302 4302; baseline 0 0"><span class='ocrx_word' id='word_1_319' title='bbox 0 0 1302 4302; x_wconf 95' lang='lat' dir='ltr'> </span> 
     </span>
    </p>
   </div>
  </div>
 </body>
</html>
