2622 4322
462 291 517 353 DE
538 290 802 356 ΤΕΝΤΑΤῙΟΝΕ.
1091 288 1151 357 231

114 414 241 490 praelato
263 413 355 474 modo
378 415 555 492 supradictus
577 433 732 477 conversus
760 418 798 478 ab
820 415 1063 478 administratione
1085 436 1154 494 sua,

114 502 300 578 Praepositus
323 502 471 562 adunam
492 507 675 581 grangiarum
695 523 813 564 suarum
833 507 927 580 venit,
954 507 985 563 in
1007 521 1065 580 qua
1085 506 1154 582 pul·

114 587 174 648 lum
195 591 334 666 equinum
355 590 505 665 pulchrum
527 594 596 650 satis
617 591 697 651 vidit.
739 592 786 652 Dc
809 609 868 667 quo
888 595 947 651 iam
965 592 1073 651 dictum
1093 592 1154 654 ira-

114 681 201 750 trem,
232 679 316 736 cuius
337 683 414 736 esset
440 677 488 737 vel
511 677 592 746 ¹unde
620 681 744 754 veniret,
776 681 968 755 interrogavit
1012 677 1066 738 Cui
1088 697 1154 738 cum

113 779 271 823 conversus
292 764 493 840 responderet:
526 763 605 824 Talis
626 765 714 824 homo
742 766 836 825 bonus
866 773 894 825 et
921 765 1013 825 tidelis
1044 768 1155 826 amicire

112 858 213 910 nester
241 853 368 910 moriens
397 868 464 910 eum
492 853 575 910 nobis
601 850 725 928 legavit3
754 855 795 911 ait
822 853 1021 928 Praepositus:
1051 851 1155 913 Utrum

114 954 150 996 ex
179 937 348 1012 devotione,
377 938 425 997 vel
452 955 488 998 ex
516 939 612 1014 aliquo
641 941 701 997 iure
728 939 836 1016 legarit
864 939 952 999 euml
995 939 1155 1015 Respondit

113 1041 287 1084 conversus:
319 1025 365 1082 Ex
395 1024 516 1084 decessu
542 1025 617 1084 illius
647 1029 769 1085 emersit.
812 1025 888 1084 Nam
909 1043 989 1090 uror¹
1010 1028 1085 1101 eius,
1118 1044 1153 1086 eo

112 1110 193 1186 quod
216 1117 293 1170 esset
315 1111 350 1170 de
372 1111 480 1170 familia
500 1119 606 1187 nostra,
630 1115 691 1172 iure
715 1113 887 1172 curmcidiae
905 1109 920 1192 Ι)
941 1113 1021 1171 illum
1043 1114 1154 1173 obtulit.

111 1197 197 1258 Tunc
225 1198 273 1258 ille
303 1216 424 1258 movens
455 1205 555 1274 caput,
584 1199 731 1275 respondit
758 1201 879 1260 verbum
907 1201 986 1274 pium
998 1197 1035 1280 ²}:
1079 1199 1154 1276 Quia

110 1285 208 1344 bonus
236 1285 324 1344 homo
356 1292 385 1345 ct
413 1288 523 1345 amicus
551 1293 649 1346 noster
676 1286 768 1345 fidelis
795 1293 869 1368 erat,
901 1285 1005 1346 idcireo
1034 1303 1152 1347 uxorem

111 1373 175 1432 eius
197 1371 349 1447 spoliasti?
392 1372 493 1432 Redde
515 1390 583 1449 ergo
604 1373 727 1432 feminae
750 1371 902 1433 destitutae
924 1391 1030 1450 equum
1052 1389 1152 1448 suum,

111 1460 181 1535 quia
194 1461 296 1534 rapina
318 1465 370 1534 est,
392 1459 486 1518 aliena
506 1460 554 1519 vel
565 1457 585 1541 ³)
608 1477 709 1535 rapere
730 1460 778 1519 vel
799 1462 928 1520 retinere.
971 1461 1052 1520 Tuus
1076 1463 1152 1520 enim

109 1547 198 1606 antea
219 1563 278 1605 non
300 1546 362 1604 fuit.
405 1546 480 1622 Quia
500 1545 576 1605 idem
590 1546 776 1622 Praepositus
798 1549 841 1606 vir
861 1546 986 1622 prudens
1009 1553 1079 1623 erat,
1099 1565 1152 1624 pro

108 1635 233 1709 negotiis
263 1635 429 1692 monasterii
457 1633 619 1710 egrediens,
652 1651 750 1693 secum
771 1636 889 1694 iuvenes
912 1636 1005 1694 minus
1033 1635 1153 1695 libenter

109 1717 246 1779 ducebat.
289 1719 418 1779 Noverat
440 1722 515 1779 enim
537 1720 592 1781 hoc
615 1723 656 1780 eis
674 1736 737 1782 ¹non
755 1721 897 1796 expedire,
918 1725 1034 1797 propter
1055 1728 1151 1782 tenta-

107 1809 201 1867 tiones
214 1807 382 1866 diabolicas.
413 1805 470 1865 Die
485 1808 610 1886 quadam
624 1825 690 1867 cum
703 1825 793 1867 unum
805 1825 841 1866 ex
853 1807 1082 1867 adolescentibus
1103 1827 1152 1870 se-

111 1911 179 1954 cum
189 1893 358 1952 adduxisset
368 1889 399 1974 ⁴),
414 1900 443 1952 et
456 1894 540 1952 simul
551 1897 719 1971 equitantes,
738 1897 835 1954 nescio
852 1894 921 1969 quid
933 1894 980 1954 vel
990 1894 1066 1955 unde
1079 1913 1150 1955 eon-

108 1980 225 2055 ferrent,
248 1981 365 2040 obviam
386 1980 548 2040 babuerunt
568 1981 751 2040 iuvenculam
772 1982 935 2050 formosam.
968 1980 1062 2057 Quam
1084 1999 1150 2042 cum

110 2085 149 2128 ex
176 2067 318 2126 industria
340 2085 446 2144 equum
475 2085 559 2126 suum
590 2067 761 2128 retrahendo
782 2069 967 2143 Praepositum
996 2068 1151 2130 salutasset

111 2153 335 2230 officiosissime,
357 2157 436 2214 stetit
461 2155 524 2229 illa,
558 2161 587 2214 et
614 2155 749 2214 inclinato
772 2157 865 2230 capite
886 2155 1053 2214 resalutavit
1075 2173 1149 2214 eum.

111 2241 186 2302 Cum
206 2241 358 2325 paululum
379 2243 592 2318 processissent,
613 2242 714 2302 velens
727 2242 913 2317 Praepositus
934 2247 1044 2302 tentare
1064 2244 1149 2302 iuve-

109 2346 191 2405 nem,
220 2331 274 2388 ait:
303 2327 407 2387 Puella
427 2331 482 2387 ista
504 2329 663 2388 videbatrn‘
676 2329 746 2387 mihi
767 2329 888 2388 multum
908 2329 1033 2390 formosa
1052 2328 1149 2390 tuisse.

111 2411 165 2476 Otii
187 2433 256 2476 eum
276 2415 324 2476 ille
347 2415 469 2474 diceret:
503 2414 616 2474 Credite
644 2415 728 2490 mihi,
762 2415 891 2491 domine,
920 2423 949 2475 et
969 2416 1025 2476 hoc
1054 2419 1149 2492 ipsum

109 2505 206 2562 visum
235 2509 279 2562 est
300 2502 384 2577 mibi;
414 2502 560 2578 respondit
581 2502 781 2580 Praepositus:
811 2501 907 2562 Unum
929 2509 1040 2562 tautum
1053 2501 1072 2583 ⁵)
1096 2505 1148 2564 de-

108 2589 214 2650 format
236 2606 314 2664 eam,
347 2589 456 2649 scilicet
477 2588 554 2664 quod
575 2589 728 2649 monedula
751 2595 802 2648 est.
844 2589 1004 2665 Respondit
1023 2593 1148 2650 iuvenis:

109 2677 203 2752 Vere,
227 2676 356 2752 domine,
384 2683 535 2752 utrumque
558 2676 672 2735 oculum
693 2675 796 2752 habet;
819 2693 872 2753 ego
896 2679 971 2736 enim
993 2680 1062 2736 satis
1084 2677 1148 2736 dili-

109 2771 211 2842 genter
228 2755 412 2828 'ccnsideravi
435 2781 507 2822 eam.
543 2763 625 2822 Tunc
647 2770 741 2822 motus
755 2763 940 2838 Praepositus
961 2766 1013 2823 ait:
1034 2765 1072 2822 Et
1093 2782 1148 2840 ege

110 2850 298 2911 considerabo
322 2849 440 2909 dorsum
460 2856 550 2908 tuum.
583 2850 693 2910 Tantae
706 2851 845 2909 debueras
867 2867 930 2910 esse
951 2851 1148 2926 simplicitatis,

110 2944 142 2997 nt
162 2945 261 2997 utrum
282 2943 358 2996 esset
380 2953 442 2996 mas
454 2933 475 3017 ⁶)
497 2935 544 2995 vel
564 2936 677 3012 semina,
699 2940 772 2997 scire
789 2955 846 2996 non
864 2955 973 3012 posses.
1001 2938 1148 3021 Reversus

109 3041 178 3086 vero
200 3025 240 3084 ad
260 3027 479 3098 monasterium,
502 3024 572 3082 dixit
592 3025 767 3084 senioribus:
789 3025 851 3084 Vos
874 3024 993 3099 domini,
1015 3022 1147 3100 quando-

110 3129 166 3188 que
188 3113 307 3190 arguitis
329 3128 384 3185 me,
407 3110 484 3186 quod
501 3127 616 3170 meeum
637 3129 695 3171 non
717 3110 838 3170 educam
860 3113 991 3172 iuniores.
1034 3111 1072 3171 Et
1094 3130 1147 3171 ex·

108 3216 220 3274 ponens
242 3200 283 3258 eia
306 3216 425 3258 causam
438 3195 473 3278 ⁷),
494 3197 673 3273 praedictum
694 3201 829 3258 invenem
851 3198 947 3258 durius
969 3201 1078 3276 arguit,
1099 3205 1147 3258 at·

110 3302 166 3360 que
189 3287 349 3362 castigavit.
371 3318 413 3326 —
435 3285 546 3344 Tantae
578 3287 653 3344 enim
674 3291 736 3346 erat
757 3283 935 3361 literaturae,
963 3292 996 3344 ut
1017 3292 1146 3361 tempere

109 3371 236 3447 quodam
256 3389 308 3449 pro
331 3373 447 3449 negotio
470 3371 575 3431 ordinis
597 3373 642 3431 sui
664 3372 833 3432 Cistercium
852 3390 983 3448 pergens,
1004 3375 1033 3431 in
1057 3372 1146 3448 Capi-

109 3459 170 3519 tulo
187 3459 316 3536 generali
328 3459 437 3519 faceret
458 3474 628 3518 sermonem.
660 3458 742 3518 Haec
762 3458 833 3517 mihi
853 3460 949 3518 retulit
971 3459 1087 3535 quidam
1111 3477 1145 3520 ex

129 3663 163 3732 1)
179 3661 200 3715 0
216 3661 420 3745 curmcidue,
444 3660 694 3745 licurmcdiae..
716 3661 849 3716 Curmedia
872 3663 973 3714 estius
1002 3661 1096 3714 domini
1119 3664 1145 3714 iu

178 3731 1145 3876 dillllfllldlilttirffd{Pullidlffbill{altili}

178 3871 389 3925 Dmasculus.
409 3902 440 3912 -
459 3873 491 3940 ’1)
509 3871 529 3925 (l
547 3886 663 3924 casum.
