2628 4310
414 239 468 306 DE
490 239 771 303 Momunrfflus.
1083 244 1144 302 297

109 365 267 440 Gregorius
283 366 319 424 ad
343 371 470 424 extrema
488 364 627 423 deductus
640 371 692 422 est.
726 363 855 440 Cumque
878 381 958 423 soror
979 379 1076 423 coram
1097 364 1145 424 illo
1170 359 1177 370 '

107 452 212 512 sedens
234 451 431 510 lacrimaretur
452 450 553 524 valde,
575 450 622 509 ille
645 451 796 510 consolans
818 467 882 510 cem
903 454 956 509 ait:
983 450 1049 510 Noli
1070 451 1147 525 flere,

107 541 177 614 quia
197 544 290 597 mater
310 544 408 597 nostra
429 545 516 597 vocat
536 553 592 596 me.
634 537 674 596 Et
692 538 756 598 ille:
786 537 844 597 Ubi
866 536 930 597 est?
973 537 1145 613 Respondit:

107 626 184 686 Eece
208 642 305 684 coram
327 641 374 684 me
395 630 460 684 stat.
503 624 608 700 Sisque
630 626 726 684 anima
746 624 796 684 illa
817 631 917 684 sancta
939 640 1023 684 earne
1052 625 1147 684 soluta

107 719 159 772 est.
212 711 324 788 Corpus
353 728 422 770 vero
452 713 513 770 eius
542 728 607 770 cum
635 711 725 770 multo
754 709 862 770 honore
889 713 962 768 inter
994 713 1146 771 canonicos

107 798 237 859 eiusdem
259 799 397 859 ecclesiae
419 797 563 874 sepultum
576 804 629 856 est.
667 796 869 857 NOVICIUS:
893 796 987 856 Valde
1010 797 1078 856 milri
1100 801 1146 856 vi-

107 885 211 946 dentur
234 903 296 947 esse
326 886 458 962 perlecti,
488 902 609 961 quorum
638 887 751 944 animae
778 901 863 944 carne
892 883 1050 957 resolutae,
1079 897 1147 943 mox
1210 915 1215 926 ·

106 972 267 1033 ascendunt
288 972 326 1032 ad
347 973 485 1048 requiem.
528 970 764 1031 MONACHUS:
793 971 903 1030 Verum
925 970 1004 1029 dicis.
1046 969 1147 1048 Neque

18 1065 21 1074 '
106 1060 163 1119 hoc
185 1067 213 1118 te
235 1058 325 1119 lateat
346 1057 424 1135 quod
445 1057 530 1118 valde
552 1075 644 1134 parva
665 1065 732 1117 sunt
752 1057 857 1116 iudicio
882 1055 1046 1130 hominum,
1073 1075 1147 1134 quac
1192 1049 1194 1058 ‘

104 1147 264 1222 perfectos,
292 1149 417 1206 maxime
440 1144 615 1220 claustrales,
638 1145 676 1204 ab
698 1147 814 1204 introitu
836 1144 943 1222 gloriae
973 1144 1146 1221 quandoque

103 1233 258 1294 retardent.

430 1387 664 1448 CAPITULUM
688 1387 823 1448 XXXV.

173 1512 220 1570 Dc
241 1527 380 1570 corruerso
403 1511 438 1570 de
461 1509 566 1588 Quae
588 1514 640 1586 qui
655 1517 782 1588 propter
804 1508 926 1568 obulum
947 1527 1082 1570 reversus

507 1604 549 1656 est
570 1597 613 1655 od
633 1613 749 1672 corpas.

173 1719 336 1778 Conversus
364 1716 482 1793 quidam
510 1717 546 1776 de
575 1714 705 1798 Gyuna¹)
735 1733 810 1793 quae
839 1716 941 1776 domus
968 1723 1014 1776 est
1041 1720 1147 1781 ordinis

105 1809 205 1880 nostri,
227 1823 292 1865 cum
315 1804 360 1863 die
375 1802 502 1880 quadam
523 1805 626 1862 missus
648 1804 685 1862 ab
699 1803 816 1864 Abbate
838 1820 899 1877 suo,
919 1806 1036 1882 navigio
1050 1813 1146 1868 trans-

106 1896 160 1951 iret
181 1910 233 1968 per
261 1893 381 1950 fluvium
410 1890 528 1949 Albiam
553 1892 602 1966 qui
629 1889 692 1948 fluit
717 1907 769 1966 per
790 1889 962 1962 Saxoniam,
990 1902 1080 1954 nauta
1094 1887 1145 1956 'ab

106 1997 142 2038 eo
164 1980 282 2038 naulum
304 1979 459 2054 requisivit.
503 1977 559 2052 Qui
581 1994 647 2036 cum
670 1976 791 2050 diceret,
820 1975 891 2036 nihil
912 1994 943 2036 se
965 1979 1003 2036 ad
1028 1999 1145 2042 manum

106 2067 213 2125 habere
231 2068 380 2141 pecuniae,
400 2063 620 2139 responditille:
642 2063 720 2122 Date
741 2063 810 2122 mihi
830 2080 882 2139 pro
903 2066 1022 2142 pignore
1044 2071 1146 2146 cingu-

106 2153 169 2212 lum
189 2152 237 2211 vel
260 2151 406 2211 cultellum
427 2158 564 2210 vestrum.
607 2150 672 2208 Non
693 2167 829 2226 possum,
847 2152 949 2226 inquit,
974 2153 1017 2212 his
1040 2173 1145 2218 carere.

106 2241 146 2299 Et
168 2240 287 2298 adiecit:
309 2238 372 2314 Ego
394 2240 529 2313 promitto
550 2237 634 2296 vobis
656 2253 721 2296 cum
743 2237 842 2297 ordine
864 2254 938 2312 meo,
960 2241 1038 2316 quod
1060 2243 1145 2304 dimi·
1253 2309 1257 2318 ,

107 2327 188 2387 dium
210 2325 358 2385 denarium
379 2325 463 2382 vobis
485 2325 637 2383 remittam.
680 2323 718 2382 Et
740 2322 845 2382 dimisit
857 2340 923 2383 eum
944 2335 1041 2388 nauta.
1083 2333 1145 2393 Rc-

107 2412 214 2474 cedens
236 2412 273 2471 ab
298 2429 331 2470 eo
355 2427 520 2488 conversus,
544 2427 578 2469 eo
601 2409 679 2487 quod
700 2428 746 2470 res
768 2411 882 2485 modica
902 2411 1054 2492 videretur,
1075 2437 1145 2494 pro-

106 2503 227 2560 missum
241 2498 431 2575 parvipendit,
451 2496 522 2556 nihil
535 2499 690 2557 remittens.
732 2497 798 2556 Non
819 2497 909 2557 multo
930 2510 997 2575 post
1017 2504 1144 2568 infir-ma.

106 2597 162 2662 tus,
177 2604 243 2646 cum
258 2587 390 2645 omnibus
406 2587 455 2660 qui
469 2585 589 2644 aderant
602 2591 730 2642 mortuus
745 2584 896 2661 videretur,
911 2590 1008 2648 anima
1022 2607 1145 2670 egressa,

107 2692 174 2733 cum
195 2674 232 2734 ad
253 2675 381 2748 requiem
403 2673 558 2732 ascendere
580 2670 681 2746 vellet,
709 2671 887 2746 praedictum
916 2672 1062 2738 dimidium
1092 2681 1144 2742 dc-

107 2763 218 2819 narium
242 2762 322 2820 cuius
344 2763 373 2818 in
396 2760 573 2818 confessione
595 2773 653 2817 non
675 2760 818 2832 meminit,
840 2766 906 2818 ante
930 2764 1030 2824 oculos
1051 2767 1145 2829 hahe-
1244 2813 1247 2822 ,

107 2849 168 2906 bat.
211 2847 268 2923 Qui
290 2846 363 2907 adeo
387 2848 490 2918 crevit,
518 2854 551 2904 ut
572 2845 679 2904 mundo
701 2848 792 2904 maior
812 2846 963 2905 videretur.
1014 2851 1145 2932 Cumque

110 2951 224 2992 sursum
261 2936 361 2991 nitenti
394 2949 506 3008 semper
536 2933 702 3006 obsisteret,
730 2949 823 3007 neque
846 2933 923 2992 aliud
955 2946 1031 2997 esset
1067 2945 1145 3016 quod

79 3043 83 3051 ¹
109 3023 235 3080 animam
244 3018 265 3099 ²)
288 3019 452 3094 impediret,
481 3018 518 3077 ad
548 3018 716 3094 angelorum
736 3020 903 3093 petitionem
930 3027 1069 3095 permissa
1102 3042 1146 3092 est

109 3107 200 3168 redire
216 3109 252 3165 ad
266 3125 378 3182 corpus.
400 3105 571 3164 Mirantibus
585 3108 703 3180 cunctis,
724 3107 863 3165 visionem
874 3107 978 3185 retulit,
995 3119 1024 3171 et
1041 3118 1145 3179 missus
1249 3097 1251 3106 Ι

108 3202 154 3254 est
174 3196 212 3253 ab
235 3193 351 3253 Abbatc
373 3201 479 3252 nautae
504 3195 615 3268 integer
644 3191 776 3251 denarius
804 3194 858 3252 sub
887 3198 965 3254 omni
992 3199 1149 3267 celeritate,

109 3282 203 3357 Quem
225 3287 258 3338 ut
278 3279 325 3339 ille
347 3281 469 3354 recepit,
492 3279 592 3338 eadem
614 3277 687 3338 hora
708 3279 866 3339 secundum
888 3284 1145 3352 considerationem

108 3385 264 3428 conversus
293 3369 456 3443 exspiravit.
504 3366 588 3425 Haec
616 3364 686 3424 mihi
713 3370 840 3426 narravit
860 3368 963 3429 Abbas
990 3373 1145 3454 Livoniae,

107 3471 239 3514 asserens
269 3455 322 3512 sibi
351 3455 471 3512 recitata
499 3470 518 3512 a
552 3453 698 3529 praedicto
728 3453 853 3512 Abbate.
903 3455 987 3518 Unde
1022 3463 1146 3540 religiosi

107 3547 216 3617 quanto
242 3540 436 3599 saecularibus
465 3543 557 3598 maius
586 3541 744 3614 praemium
771 3547 900 3616 sperant,
929 3550 1010 3605 tanto
1040 3548 1146 3611 debent

106 3645 171 3690 esse
193 3627 313 3700 solliciti,
334 3645 370 3686 ne
392 3629 545 3686 morientes
567 3625 674 3700 aliquid
695 3624 820 3702 pulveris
841 3644 940 3688 secum
962 3632 1084 3694 trahent.

124 3745 156 3813 1)
173 3745 262 3804 Zinna,
280 3725 366 3795 Goenn
384 3742 475 3793 beatec
493 3742 594 3803 Mariae,
617 3741 766 3792 coenobium
784 3743 831 3795 luit
847 3743 974 3798 Dioecesis
992 3749 1145 3818 llagdeltur-

176 3815 273 3882 gensis,
290 3812 357 3864 haud
375 3811 462 3880 procul
480 3811 511 3864 ab
529 3809 649 3879 oppidulo
665 3809 811 3864 luterbuck.
825 3841 855 3856 ·-
866 3813 898 3882 2)
916 3819 1048 3871 animem
1066 3826 1144 3879 oan.

807 3884 886 3960 13*
