2654 4308
459 200 853 286 aasaaopauaam.
920 160 922 164 ¹
1049 221 1054 234 ·
1134 205 1173 264 cu

131 324 230 384 dictae
262 330 469 385 contemnebar.
521 323 588 384 Nou
619 322 701 383 aliter
732 321 826 384 audeo
858 322 986 383 diffinire.
1039 323 1175 401 Legimus

46 405 48 416 ’
132 413 210 474 euim
231 413 261 470 in
276 412 484 488 Vitarpatrnnu
505 409 619 470 cuidam
631 411 735 471 latroni
756 427 902 485 converso,
922 411 1037 498 pietatis
1059 409 1147 486 opera
1157 408 1174 490 ¹)

132 515 210 576 quae
224 500 255 557 in
267 497 417 559 ¹latrocinio
443 500 501 574 egit
520 500 652 557 recitanti
659 494 689 578 ²),
702 503 842 578 ,sanemur
863 497 1045 574 respondisse
1063 497 1175 558 Patau-

132 589 221 646 tium:
243 586 399 660 Nunquam
414 584 523 660 aliqrdd
543 584 601 644 tale
624 586 678 661 egi,
699 584 729 644 id
752 591 795 644 est
815 591 877 644 tam
898 601 1043 662 magnum,
1063 587 1093 644 in
1113 586 1174 646 vita

133 669 243 753 mea³).
285 671 489 732 NOVIOIUS:
516 671 644 731 Historia
669 671 742 731 haec
770 677 831 732 tam
858 671 995 732 meabilis
1015 669 1101 732 valde
1122 687 1173 732 aa·

132 758 257 820 candere
280 758 367 818 debet
384 764 551 835 peccatores
571 761 600 816 in
617 776 744 818 amorem
751 751 774 838 ⁴)
796 764 914 818 sanctae
934 758 991 818 Dei
1014 757 1174 818 Geniaieis.

131 844 369 906 MONAGHUdz
390 844 497 904 Adhuc
519 863 611 904 unum
632 851 763 920 superest
784 845 951 921 capitulum,
973 844 1051 920 quod
1074 861 1173 904 omnes

13 971 16 982 »
131 932 240 993 ordinis
276 935 366 993 nostri
394 933 569 1008 professores
597 933 688 1008 magis
718 933 865 1006 omnibus,
896 948 973 1008 quae
1000 930 1096 994 adhue
1117 949 1173 991 au-

132 1019 214 1095 disti,
250 1021 279 1078 in
318 1019 394 1079 illius
423 1035 551 1078 amorem
587 1018 735 1078 accendet
789 1018 910 1094 Propter
932 1017 1010 1094 quod
1031 1020 1173 1093 praesenti

132 1106 307 1192 distinctioni
334 1123 386 1183 pro
410 1105 592 1166 conclusione
612 1104 683 1165 illud
704 1108 863 1181 reservavi,
885 1108 954 1181 quia
975 1103 1053 1182 quod
1073 1107 1173 1162 auns-

132 1196 207 1254 simc
230 1192 295 1254 loco
318 1192 427 1269 dicitrar,
449 1194 604 1252 memoriae
624 1192 725 1252 lortius
746 1194 922 1271 imprimitur.

473 1293 706 1410 casmmuu
734 1343 816 1408 mx.

171 1471 221 1532 De
240 1469 394 1546 umecta
417 1473 469 1550 qut
490 1471 623 1532 man
646 1469 861 1534 &mamea
880 1470 936 1534 urb
959 1474 1020 1532 ciac
1038 1471 1131 1548 pullio

445 1557 519 1617 vidit
540 1559 572 1617 iu
592 1575 684 1633 repam
707 1555 864 1618 coelorum.

119 1697 121 1712 ¹
197 1675 359 1737 Monachus
388 1678 504 1753 quidam
535 1677 640 1739 ordinis
667 1681 756 1739 nostri
779 1680 936 1739 Dominam
957 1685 1083 1738 posnam
1104 1677 1173 1753 plu-

130 1766 236 1822 rimum
258 1764 394 1841 diligens,
415 1771 482 1825 ante
503 1782 613 1841 paucos
634 1783 725 1826 anuos
747 1773 841 1828 mente
864 1765 1019 1839 excedens,
1041 1764 1079 1824 ad
1101 1781 1177 1829 con·.

130 1850 347 1927 completionem
364 1850 472 1928 gloriae
495 1852 625 1912 coelestis
638 1852 778 1912 deductus
790 1858 841 1912 est
883 1851 942 1912 Ubi
965 1851 1032 1909 dum
1045 1851 1173 1909 diversos

130 1938 280 1998 Ecclesiae
300 1937 502 2014 trIumphantis
531 1938 642 1998 ordines
671 1941 796 2018 rideret,
825 1937 1003 2016 Angelorum
1023 1936 1171 2011 videlicet,

132 2025 372 2100 Patriarcharum,
392 2025 610 2101 Prophetarum,
631 2025 846 2101 Apostolorum,
867 2019 1036 2102 Martyrum,
1051 2023 1172 2084 Confes-

130 2127 242 2187 scrunr,
261 2117 291 2172 et
312 2111 429 2172 cosdem
457 2114 540 2172 certis
563 2114 755 2174 caracteribus
776 2112 934 2188 distinctos,
955 2110 985 2169 id
1007 2119 1050 2172 est
1070 2113 1100 2170 in
1112 2109 1172 2170 Ca-

131 2201 262 2275 ucuicos,
282 2195 479 2279 Regunest,
499 2199 807 2274 Praemonstrateases,
828 2202 889 2260 sive
901 2191 1113 2272 cluniacenses,
1134 2197 1171 2258 de

128 2301 186 2346 suo
215 2285 315 2346 ordine
334 2286 488 2360 solicitis,
520 2303 587 2346 cum
607 2292 697 2348 staret
717 2293 748 2348 et
768 2287 1008 2362 circumspiceret,
1040 2302 1095 2346 nec
1116 2283 1172 2346 ali-

131 2390 221 2448 quam
249 2371 286 2432 dc
311 2372 360 2433 illo
388 2389 541 2449 personam
569 2376 598 2431 ia
626 2373 675 2432 illa
703 2373 795 2450 gloria
815 2376 964 2450 reperiret,
995 2371 1034 2432 ad
1054 2373 1172 2434 beatam

129 2459 189 2522 Dei
211 2457 385 2522 Genitricem
407 2477 472 2520 eum
493 2463 601 2536 gemitu
622 2463 786 2536 respiciens,
807 2462 862 2538 ait:
886 2459 961 2536 Quid
983 2466 1027 2520 est
1048 2461 1172 2520 sancts-

128 2547 205 2608 sima
217 2545 352 2622 Domine,
373 2546 451 2623 quod
465 2545 502 2606 de
515 2547 615 2608 ordine
633 2547 811 2610 cisterciensi
831 2549 975 2608 neminem
995 2547 1043 2606 hic
1064 2545 1171 2606 video?

130 2632 229 2710 Quare
249 2633 348 2694 tamaii
368 2635 410 2693 tui
431 2634 482 2693 tibi
504 2639 564 2694 tem
586 2633 690 2695 devoto
711 2637 876 2710 servientes,
898 2652 916 2695 a
938 2635 1080 2694 comestio
1099 2640 1172 2692 tan-

129 2727 179 2782 tac
211 2719 395 2782 beatitudiuis
423 2719 633 2780 excluduntur?
664 2722 775 2782 Videas
797 2739 864 2784 auur
892 2722 1038 2780 barbatum
1058 2720 1172 2796 Regina

129 2804 214 2882 coeli,
234 2806 396 2883 respondit:
417 2806 464 2868 Ita
484 2807 554 2866 mihi
575 2807 671 2868 dilecti
692 2826 728 2869 ac
748 2806 901 2868 familiares
924 2813 991 2868 sunt
1012 2807 1041 2866 hi
1063 2809 1112 2882 qui
1135 2806 1170 2866 de

128 2893 230 2956 ardiae
251 2893 431 2956 cisterciensi
451 2900 527 2969 sunt,
548 2901 582 2955 ut
603 2910 653 2955 eos
675 2898 761 2956 ctiam
782 2895 836 2955 sub
858 2895 933 2954 ulnis
954 2895 1025 2954 meis
1046 2893 1171 2953 foveam.

128 2981 329 3058 Apericasque
350 2981 469 3057 pallium
490 2998 575 3040 suum
598 2998 656 3057 quo
676 2985 782 3042 ernicta
802 2981 961 3057 videbatur,
983 2979 1061 3060 quod
1082 2982 1171 3038 mirae

128 3075 192 3134 eret
227 3067 399 3142 latitudiuis,
434 3068 669 3128 innumerabilem
709 3067 920 3128 multitudinem
951 3065 1170 3141 monachorum,

127 3171 334 3220 conversorum
343 3149 373 3233 ⁵),
395 3155 652 3214 sanctimonialium
673 3155 713 3214 illi
735 3154 869 3216 ostendit.
914 3154 1065 3231 Quinirais
1087 3153 1171 3214 exul-

127 3249 195 3306 taus
208 3244 356 3318 etgratias
370 3242 502 3317 reterens,
523 3243 676 3318 adcorpus
697 3239 789 3318 rediit,
811 3249 841 3302 et
862 3241 931 3317 quid
952 3240 1063 3316 viderit,
1084 3241 1170 3316 quid-

145 3361 178 3431 l)
196 3359 216 3414 G
234 3357 390 3428 quendam
409 3359 567 3412 latronem
584 3373 778 3411 conversura
797 3373 894 3426 opera
913 3360 1062 3426 pietatis.
1086 3389 1117 3399 —
1136 3361 1171 3428 2)

197 3429 265 3486 ABD
289 3444 513 3493 enumerasse,
537 3429 557 3482 G
581 3428 791 3481 enumerasse
815 3437 855 3481 et.
876 3459 905 3470 -
926 3429 958 3497 3)
981 3429 1042 3482 viu.
1065 3427 1131 3482 Patr.
1150 3429 1169 3483 Ι.

198 3515 224 3570 p.
244 3499 320 3552 1170.
339 3515 394 3568 cup.
413 3500 455 3552 63.
475 3529 505 3538 -
525 3499 557 3566 l)
575 3498 638 3550 ABP
655 3513 772 3551 amors.
791 3528 824 3538 -
842 3499 883 3567 5)·
893 3507 994 3550 secutas
1018 3515 1072 3552 sum
1098 3497 1171 3574 codi—
1193 3559 1200 3565 .

197 3585 252 3621 cern
271 3568 307 3632 t;
325 3585 382 3620 nam
399 3569 426 3619 in
453 3570 544 3620 ceteris
566 3567 637 3621 libris
662 3567 755 3632 verba,
779 3567 960 3624 canonicos
983 3567 1170 3637 regulares,

195 3639 331 3692 coniuncta
354 3637 479 3707 leguntur,
503 3637 593 3690 llomil.
618 3638 659 3691 lll.
682 3653 707 3704 p.
732 3637 776 3690 24:
807 3637 1037 3710 „Glaniccensium,
1060 3636 1170 3690 Cartha-

196 3709 333 3770 siensium,
351 3707 643 3772 Praeraoustrstensiunr,
661 3707 813 3762 clericorum
831 3706 998 3776 regularium,
1015 3708 1069 3768 sive
1084 3707 1171 3760 (luno-¹

197 3775 338 3832 nieorum.“
356 3807 389 3818 -
407 3778 439 3847 6)
457 3778 478 3831 Β
495 3777 545 3831 edd
562 3779 769 3834 anniciorum
786 3785 827 3833 ct.
846 3777 918 3832 Ceut.
936 3777 1000 3844 vul,
1016 3778 1060 3831 ts.
