2538 4314
182 258 241 318 148
503 255 730 318 DISTINGTIO
752 257 901 319 TERTIA

179 382 269 453 risset,
290 375 468 455 amplexibus
490 384 577 454 atque
599 378 703 439 osculis
724 381 813 456 ipsius
834 379 872 440 ad
892 378 1039 439 libidinem
1049 379 1213 442 infiamma-

178 474 243 541 tus,
266 483 331 524 cum
354 482 389 524 ca
411 472 509 524 contra
531 468 708 542 propositum
728 469 867 543 peccavit
910 465 980 526 Mox
1002 467 1107 527 adme
1130 471 1214 544 quasi

178 553 282 612 hausto
304 568 415 611 veneno
439 569 569 628 currens,
592 552 628 612 de
648 553 726 612 tonte
748 554 932 613 confessionis
960 554 1047 630 bibit,
1068 571 1214 615 venenum

179 637 299 716 exspuit,
319 641 525 724 poenitentiam
545 643 685 716 suscepit,
707 646 736 699 et
757 640 875 699 adiecit:
903 639 1046 716 Domine,
1069 658 1123 718 ego
1146 658 1213 717 per-

178 743 280 786 sonam
301 727 384 786 vobis
401 721 416 805 ¹)
439 728 604 802 exprimam.
646 727 768 786 Femina
789 729 878 802 turpis
901 733 952 801 est,
974 732 1003 787 et
1023 727 1130 788 multos
1149 745 1214 787 cor-

178 816 292 888 rumpit,
314 819 343 872 et
364 819 473 872 certum
494 813 563 872 mihi
585 819 636 887 est,
658 816 725 889 qula
746 820 898 890 peccatum
918 813 989 874 illud
1011 817 1127 874 minime
1142 831 1214 874 corr-

177 899 312 960 fitebitur.
354 899 496 975 Tempore
517 917 587 961 vero
610 900 852 976 Quadragesimae
874 898 981 982 venit²)
995 901 1053 977 illa,
1073 902 1214 978 magisex

179 986 397 1061 consuetudine,
430 1004 517 1061 quam
545 1005 580 1046 ex
601 987 697 1063 aliqua
719 990 900 1060 contritione,
928 994 1048 1063 peccata
1069 987 1214 1064 quaedam

114 1149 117 1156 Ι
177 1076 295 1132 minima
315 1091 350 1133 ac
372 1073 537 1147 quotidiana
557 1074 626 1132 mihi
653 1073 808 1149 confitens,
841 1073 1068 1149 adulteriumque
1096 1077 1213 1135 omnino

178 1162 332 1222 subticens.
386 1160 449 1236 Ego
478 1177 535 1218 non
567 1163 714 1220 immemor
740 1163 852 1236 peccati
879 1161 949 1218 mihi
976 1161 1114 1237 confessi,
1149 1179 1214 1220 cum

177 1247 284 1307 nollem
314 1263 377 1306 eam
406 1246 592 1330 confuqdere,
623 1263 717 1322 neque
757 1247 940 1306 confitentem
966 1248 1103 1323 prodere,
1139 1247 1212 1306 dixi:

177 1335 312 1407 Domina,
333 1335 372 1390 ite
393 1333 488 1407 modo,
510 1339 539 1392 et
561 1351 622 1392 cras
643 1336 833 1409 revertimini;
854 1335 1025 1411 interimque
1047 1334 1135 1394 dicite
1157 1341 1213 1394 tres

179 1423 320 1480 orationes
340 1419 521 1493 Dominicas,
550 1426 691 1494 quatenus
718 1421 800 1479 Deus
827 1419 985 1480 illuminare
1008 1420 1145 1496 dignetur
1167 1437 1215 1480 cor

178 1514 321 1580 vestrum,
349 1513 382 1564 ut
414 1505 499 1583 digne
520 1523 554 1564 ac
575 1505 660 1582 plene
683 1507 809 1566 confiteri
829 1509 943 1582 possitis
964 1513 1085 1583 peccata
1109 1514 1214 1568 vestra

177 1593 232 1654 Illa
252 1593 380 1667 vadens,
403 1595 481 1652 etin
504 1595 626 1654 crastino
648 1593 772 1668 rediens,
794 1593 864 1652 nihil
885 1594 1005 1668 adiecit,
1027 1595 1079 1654 sed
1101 1601 1213 1654 tanturm

178 1785 240 1828 scm
262 1767 349 1841 abire,
371 1766 543 1841 easdemque
562 1769 707 1830 orationes
729 1783 801 1841 quas
822 1769 900 1842 prius
921 1774 1063 1844 repetere,
1083 1768 1137 1828 illa
1157 1783 1213 1826 non

176 1857 239 1914 sine
268 1855 429 1929 suspicione
458 1852 601 1928 discessit,
630 1859 659 1912 et
687 1855 817 1929 sequenti
844 1853 889 1914 die
917 1857 1046 1930 reversa,
1077 1854 1212 1915 audiente

179 1941 305 2018 quodam
327 1941 428 2000 clerico
451 1946 573 2017 cognato
595 1957 657 2014 suo,
679 1956 765 2015 quem
786 1957 884 2000 secum
905 1940 1072 2017 adduxerat,
1093 1943 1126 2001 in
1143 1941 1213 2002 haec

178 2030 268 2088 rerba
288 2029 429 2104 prorupit:
461 2026 538 2086 Ecce
561 2027 691 2086 dominus
712 2029 781 2102 iste,
809 2044 856 2086 me
886 2026 972 2103 digito
1000 2026 1212 2102 demonstrans,

178 2115 319 2176 adulteria
340 2113 411 2173 mihi
431 2115 558 2190 imponit.
600 2112 663 2190 Ego
686 2112 800 2172 domino
822 2113 967 2190 Episcopo
996 2131 1159 2191 conquerar
1179 2114 1212 2173 de

177 2202 236 2261 illo.
281 2200 411 2276 Cumque
433 2201 527 2260 verbis
548 2199 623 2259 illius
645 2202 714 2258 satis
736 2217 828 2258 essem
848 2203 1013 2275 iniuriatus,
1027 2218 1097 2277 =nec
1119 2209 1211 2262 tamen

178 2295 288 2364 motus,
320 2287 399 2347 solus
421 2287 474 2346 soli
496 2305 562 2346 cum
583 2286 674 2345 multa
696 2286 836 2346 modestia
858 2287 929 2346 dixi:
967 2288 1051 2347 Bona
1080 2288 1211 2361 domina,

179 2392 267 2451 quare
293 2381 414 2452 peccata
445 2379 542 2433 vestra
568 2373 758 2449 absconditis,
792 2370 849 2453 ct³)
878 2391 966 2449 quare
994 2377 1108 2451 negatis
1137 2372 1212 2451 quod

178 2462 264 2521 modo
295 2460 409 2521 dicitis?
452 2459 599 2535 Numquid
619 2477 677 2518 non
699 2462 877 2520 commisistis
906 2460 1076 2520 adulterium
1106 2463 1136 2521 in
1165 2460 1212 2520 tali

177 2549 258 2624 loco,
288 2555 404 2607 etcum
425 2547 475 2606 tali
497 2545 581 2606 viro?
624 2546 678 2605 Illa
698 2546 858 2623 intelligens
891 2550 997 2607 crimen
1018 2565 1065 2607 me
1087 2566 1149 2608 ιιοιι
1168 2548 1211 2606 la-

91 2661 96 2672 ·
177 2642 258 2709 tere,
278 2635 395 2694 tandem
417 2634 454 2693 ad
476 2651 508 2693 se
529 2650 652 2707 reversa,
673 2636 742 2693 satis
763 2632 907 2692 humiliter
927 2634 1086 2710 respondit:
1109 2635 1212 2694 Domi·

178 2739 223 2797 nc,
244 2739 349 2784 verum
364 2728 417 2796 est,
439 2738 494 2798 ego
516 2738 582 2780 cum
603 2719 654 2785 tali
674 2721 735 2779 viro
757 2718 926 2779 adulterium
949 2723 1091 2798 commisi,
1114 2727 1212 2799 parata

92 1726 94 1731 .
178 1687 299 1758 peccata
319 1681 397 1756 prius
419 1680 549 1739 confessa
569 1679 724 1755 replicavit.
768 1680 863 1756 Quam
885 1697 950 1740 cum
972 1681 1100 1740 secundo
1113 1683 1214 1742 iussis·
1251 1689 1255 1696 '

178 2827 243 2869 sum
275 2809 414 2884 confiteri,
446 2813 547 2884 parata
574 2809 778 2882 poenitentiam
807 2810 965 2883 suscipere,
994 2814 1024 2868 ct
1052 2808 1088 2868 de
1119 2815 1211 2869 cetero
1256 2827 1257 2909 p

179 2902 257 2956 caste
279 2898 385 2956 vivere.
428 2894 533 2970 Sicque
554 2893 663 2954 iactum
685 2900 742 2968 est,
764 2901 796 2953 ut
818 2911 892 2969 quae
913 2897 1059 2969 peccatrix
1080 2900 1211 2968 venerat,

177 2984 293 3060 plebani
313 2983 453 3041 industria
472 2980 625 3041 iustificata
645 2979 758 3046 rediret.
792 2978 832 3040 'Si
860 2999 919 3040 non
947 2981 1049 3040 inisset
1081 3000 1102 3041 a
1123 2979 1211 3042 confi·

176 3077 255 3130 tente
276 3069 397 3147 prodita,
418 3068 490 3128 sorte
511 3085 569 3126 non
591 3073 667 3127 esset
687 3066 847 3126 iustificata
883 3066 1088 3129 NOVIOIUS:
1111 3069 1211 3128 Sinon
1251 3041 1256 3172 l

177 3157 244 3218 licet
259 3157 411 3217 'confitenti
431 3172 583 3232 personam
604 3156 715 3230 peccafi
736 3160 911 3230 consortem,
944 3156 998 3213 nisi
1026 3157 1056 3213 in
1089 3154 1140 3214 tali
1167 3151 1212 3213 vel

178 3244 317 3304 consimili
326 3240 348 3324 ⁴)
371 3260 441 3302 casu
461 3241 597 3319 prodere,
631 3240 699 3316 quid
731 3243 818 3300 sentis
848 3240 883 3300 de
906 3239 1089 3301 confessore?
1132 3241 1212 3300 Licet

176 3331 218 3390 illi
237 3333 267 3389 in
289 3331 385 3407 aliquo
408 3346 476 3388 casu
498 3333 619 3405 peecata
640 3327 849 3402 confitentium,
881 3330 943 3388 sive
972 3345 1110 3404 personas
1136 3329 1211 3402 ipsas

178 3417 346 3478 confitentes
367 3414 509 3493 proderet
552 3413 787 3475 MONAGHUS:
820 3415 946 3474 Peccata
974 3414 1090 3490 quidem
1122 3412 1211 3474 confi-

177 3507 298 3566 tentium
328 3507 359 3562 in
384 3503 481 3578 multis
513 3502 627 3561 casibus
653 3501 773 3577 prodere
799 3503 917 3577 poterit,
947 3503 1042 3563 tacitis
1070 3502 1210 3579 personis;

177 3595 255 3669 ipsas
276 3608 345 3652 vero
367 3606 504 3669 personas
530 3587 651 3664 prodere
677 3605 736 3647 non
763 3588 863 3664 debet,
894 3589 948 3646 nisi
975 3590 1006 3646 in
1038 3605 1097 3650 uno
1129 3604 1210 3659 casu,

197 3759 288 3830 1)Βο
306 3774 366 3882 azo
389 3758 483 3812 vobis
509 3772 741 3842 l¹⁸¹⁸⁰¹¹ffm2ss
760 3755 895 3842 2).ABlll¹
912 3758 1061 3842 ueniens.
1081 3787 1110 3800 ·-
1129 3759 1162 3827 3)
1178 3763 1210 3807 at

247 3844 289 3882 orn
306 3829 327 3882 B
350 3857 405 3880 .-
424 3829 457 3898 l)
475 3827 495 3882 G
512 3845 543 3881 ιιι
561 3826 746 3892 consrmrlr,
763 3827 782 3878 P
799 3843 832 3880 ιιι
849 3826 954 3880 srmrlr.
1068 3850 1071 3858 f
