2476 4300
159 275 220 336 eae
470 273 697 363 nsumcuro
721 274 870 353 omum

159 405 187 457 et
214 394 329 454 saeculo
345 393 477 471 deditus,
505 399 605 473 viginti
625 399 706 456 annis
727 397 804 456 fruar
826 397 931 456 deliciis
954 398 1016 457 eius
1027 393 1054 477 ¹),
1074 393 1171 454 dnobus

158 485 248 556 annis,
269 484 317 557 qui
336 489 496 558 supersunt,
516 479 677 559 poenitebo.
702 483 807 542 .Haud
822 484 948 559 dubium,
970 485 1039 559 quin
1059 481 1173 541 diabolus

160 570 208 644 qui
221 568 414 643 supradictum
426 585 604 644 conversum,
625 576 658 630 ut
668 569 828 646 Episcopus
848 570 937 645 fieret,
958 570 996 629 ad
1018 567 1173 629 eredendum

157 654 306 714 induxerat
334 661 433 730 aperto
461 672 606 730 sermone,
634 663 663 715 et
690 655 756 716 huic
780 659 916 731 suaserit,
945 663 978 716 ut
999 655 1049 715 tali
1070 657 1173 731 augurio

157 741 245 800 fidem
280 740 442 816 adhiberet,
470 743 583 802 occulta
617 745 832 818 suggestione.'
865 743 923 803 Sed
954 743 1106 816 Dominus,
1135 741 1174 816 qni

159 844 242 887 ornne
250 822 271 905 ²)
293 830 443 904 augurium
461 829 529 902 odit,
551 828 640 903 aliter,
661 846 748 904 quam
768 829 815 890 ille
834 830 1022 903 ordinaverat,
1044 829 1174 903 disposuit
1226 843 1227 846 ¹

158 914 232 974 Nam
254 913 326 974 duos
347 931 420 990 quos
441 917 631 990 poenitentiae
654 915 841 991 deputaverat
862 933 965 991 amos,
987 933 1053 974 eum
1073 917 1101 972 in
1120 930 1175 974 see·
1227 959 1228 962 η

51 1007 58 1029 ’
159 1001 222 1061 culo
243 1002 340 1063 vivere
360 1004 505 1078 permisit,
527 1008 557 1061 et
577 1019 668 1060 annos
688 1005 788 1078 viginti
809 1002 915 1062 deliciis
936 1003 1094 1075 ordinatos,
1111 1002 1175 1059 iusto

159 1105 210 1147 suo
224 1086 328 1147 iudicio
342 1089 490 1147 subtraxit.
532 1088 609 1148 Ecce
626 1088 698 1147 tales
715 1095 782 1148 sunt
800 1091 1003 1164 promissiones
1024 1087 1175 1148 diabolicae

85 1253 90 1258 Ι
160 1173 244 1250 Quod
268 1181 365 1232 autem
386 1173 553 1248 nonnullos,
581 1177 639 1233 imo
660 1174 811 1250 plurimos,
837 1192 888 1251 per
909 1178 1051 1236 ministros
1072 1173 1175 1236 suosln

157 1261 214 1320 fide
236 1262 392 1337 subvertat,
413 1263 561 1336 sequentia
583 1261 777 1321 declarabunt

372 1431 376 1438 ’
468 1448 701 1510 carrumuu
728 1448 881 1532 nume)

168 1585 171 1590 ’
216 1573 266 1630 Dc
287 1571 402 1631 duodece
423 1573 582 1646 haereticis,
605 1575 657 1648 qui
679 1573 763 1648 apud
781 1573 961 1632 Bizuazium
981 1573 1129 1631 meacula

268 1660 461 1734 phantasticas
482 1660 582 1719 malm
604 1659 735 1734 deceptis,
757 1657 862 1718 ibidem
884 1663 980 1719 musii
999 1666 1078 1718 aaut,

221 1795 290 1854 Duo
304 1795 442 1871 homines,
462 1813 521 1856 non
542 1803 646 1872 mente,
668 1796 719 1856 sed
739 1795 840 1856 habitu
862 1796 1013 1872 simplices,
1032 1811 1091 1854 non
1111 1807 1177 1865 oves,

157 1880 207 1940 sed
229 1881 287 1958 lupi
308 1899 444 1957 rapaces,
471 1880 668 1963 Biaunzium³)
689 1889 843 1958 venerumt,
864 1900 1005 1942 summam
1026 1879 1176 1940 simulantes

61 1967 65 1974 ’
156 1967 376 2045 religiositatem.
418 1968 508 2028 Erant
535 1977 632 2028 autem
655 1969 753 2045 pallidi
775 1974 804 2029 et
824 1969 982 2043 macilenti,
1002 1968 1087 2027 nudis
1106 1963 1176 2042 pedi·

157 2055 210 2114 bus
232 2055 411 2130 incedentes,
437 2061 467 2115 et
487 2056 613 2131 quotidie
638 2058 810 2131 ieiunantes3
838 2057 985 2115 matutinis
1006 2051 1176 2114 sollemnibus

157 2141 294 2202 ecclesiae
307 2145 422 2200 maioris
435 2142 513 2200 nulla
526 2137 639 2222 nocte⁴)
662 2143 819 2217 delueumt,
839 2159 893 2202 nec
906 2140 1014 2218 aliquid
1033 2141 1071 2200 ab
1090 2139 1175 2213 aliquo
1188 2157 1193 2167 ·

156 2234 269 2303 praeter
303 2229 411 2288 victum
436 2234 551 2288 tenuem
578 2226 782 2308 receperunt⁵).
821 2229 955 2304 Cumque
976 2228 1028 2288 tali
1046 2223 1175 2304 hypocrisi
1226 2259 1227 2264 κ

157 2317 243 2373 totius
264 2313 363 2389 populi
389 2317 419 2372 in
441 2331 472 2374 se
492 2322 698 2391 provocassent
718 2308 867 2390 affectum-¹,
888 2323 956 2375 tunc
977 2317 1097 2390 primum
1118 2326 1175 2371 coe-
1226 2333 1227 2352 2

155 2406 259 2478 petunt
278 2401 370 2459 latens
391 2403 470 2460 virus
492 2417 624 2461 evomere
633 2399 663 2482 ⁶),
685 2408 714 2461 et
734 2418 825 2464 novas
846 2409 932 2477 atque
953 2400 1094 2462 inauditas
1114 2398 1174 2456 hae·
1226 2449 1227 2454 ,

155 2503 233 2546 reses
253 2486 371 2546 rudibus
389 2488 562 2562 praedicare.
604 2487 644 2548 Ut
662 2496 759 2548 autem
781 2506 879 2550 eorum
901 2488 1045 2547 doctrinae
1066 2483 1174 2563 populus

156 2573 298 2648 ciederet,
326 2573 444 2632 farinam
472 2577 501 2633 in
529 2577 693 2651 pavimento
723 2577 838 2635 cribrari
846 2571 866 2654 ¹)
894 2577 1051 2648 iussenmt,
1079 2577 1106 2632 et
1124 2572 1174 2629 siue
1225 2603 1226 2640 r

156 2662 268 2736 vestigii
302 2661 485 2735 impressione
519 2679 604 2737 super
640 2662 718 2720 illam
746 2657 1003 2740 ambulaverunti).
1056 2657 1175 2720 Similiter
1225 2651 1226 2672 ¹

155 2763 241 2823 super
268 2763 359 2821 aquas
395 2747 556 2823 gradientes
583 2765 639 2807 non
666 2755 798 2822 poterant
828 2751 933 2824 mergi3
961 2749 1076 2824 tuguria
1101 2746 1173 2804 etiem

154 2849 241 2908 super
261 2834 440 2914 sciscientes
454 2831 603 2914 incendi9),
623 2841 777 2910 postquam
788 2837 818 2892 in
838 2837 961 2896 cinerem
978 2840 1046 2892 sunt
1064 2831 1174 2899 redacte

157 2922 263 2997 egressi
277 2926 343 2978 sunt
356 2919 454 2980 illaesi.
496 2921 568 2980 Post
583 2921 656 2980 haec
669 2921 799 2981 dinem
819 2921 923 2980 turbis:
945 2919 977 2978 st
997 2936 1056 2979 non
1077 2914 1173 2979 credide

155 3007 250 3066 verbis
277 3009 389 3081 nostris,
415 3006 521 3067 credite
549 3007 701 3066 miraculis.
742 3006 872 3066 Audiens
890 3005 958 3064 talia
979 3005 1133 3082 Episcopus
1150 3003 1174 3057 ei

156 3091 269 3167 Clesus,
302 3092 409 3151 turbati
443 3099 509 3151 sunt
536 3093 629 3152 valde.
677 3093 715 3152 Et
745 3111 810 3152 cum
839 3095 880 3152 eis
910 3092 1018 3152 vellent
1045 3093 1174 3154 resistere,
1224 3135 1225 3144 ,

156 3179 313 3238 haereticos
329 3184 358 3238 et
381 3178 548 3255 deceptores
570 3179 732 3256 diabolique
761 3182 904 3239 ministros
923 3178 988 3238 illos
1009 3178 1173 3242 affirmuee

155 3267 204 3326 vix
232 3271 398 3340 evaserunt,
425 3271 458 3323 ut
483 3283 541 3325 non
562 3284 580 3326 e
600 3266 708 3342 populo
729 3264 930 3342 lapidarentur.
972 3264 1044 3325 Erat
1069 3251 1172 3336 enim¹⁰)

154 3350 230 3411 idem
249 3351 408 3428 Episcopus
436 3353 480 3410 vir
501 3353 594 3412 bonus
617 3359 646 3412 et
666 3353 809 3428 literatus,
836 3359 923 3428 atque
935 3351 981 3412 'de
1002 3358 1098 3411 nostra
1115 3359 1172 3424 pro·

172 3486 204 3556 1)
220 3483 262 3537 Bc
279 3493 309 3535 et
326 3485 453 3537 saeculi
474 3484 610 3538 deliciis
628 3487 750 3554 viginti
768 3457 862 3538 annis
880 3485 979 3537 iruer.
998 3515 1030 3526 -
1048 3484 1080 3608 ig
1096 3491 1172 3535 outo

225 3553 275 3606 add
293 3553 387 3607 BG.-—
406 3555 438 3623 i)
456 3555 545 3607 llomil.
563 3555 604 3607 lll.
622 3572 647 3622 p.
666 3557 753 3610 58.-
771 3556 804 3623 3)
821 3555 959 3622 Besancon.
975 3555 1049 3622 -l)
1096 3546 1171 3604 nullo
1223 3567 1224 3576 2

226 3631 389 3690 tempore,
406 3622 426 3675 0
443 3640 610 3693 nunquam.
624 3654 657 3664 -
675 3625 707 3692 5)
724 3625 766 3678 BG
784 3626 933 3692 accipere
951 3623 1128 3676 voluerunt
1144 3644 1169 3658 ·-
1223 3619 1224 3638 ¹

226 3692 259 3759 6)
276 3691 296 3742 Β
314 3693 471 3744 emittere.
490 3722 523 3732 —
548 3694 580 3759 7]
598 3691 637 3746 ct>
655 3701 681 3744 et
698 3694 768 3760 pud
789 3694 920 3745 cribari.
939 3723 970 3734 -
990 3693 1023 3763 8)
1039 3692 1061 3744 D
1082 3690 1169 3742 deau-

223 3758 430 3812 buleverunt.
450 3791 480 3802 -
500 3761 569 3828 9)0
593 3762 726 3815 incendi
744 3763 926 3828 iacientes,
947 3762 968 3816 Β
990 3758 1115 3814 incendi
1134 3756 1169 3810 le·

224 3837 346 3881 cerunt.
366 3858 397 3869 -
418 3830 466 3899 10)
483 3828 504 3882 Β
522 3838 632 3882 autern.
