2538 4314
170 245 232 306 150
482 241 709 305 DISIING'IIO
735 243 884 305 TERTIA

488 399 721 462 cAPanM
741 400 892 461 XXXIII.

217 538 365 598 Narratio
387 539 478 615 longa
500 546 528 600 et
548 541 629 599 atila
651 541 686 600 dc
707 540 827 600 Simone
848 551 988 599 cennaco
1010 537 1046 598 dc
1067 538 1159 612 Aba,

532 629 651 704 duaque
667 627 839 703 prophetiis.

232 781 297 841 Non
320 787 363 841 est
384 779 442 857 diu,
465 781 543 857 quod
564 782 722 843 monachus
744 782 862 858 quidam
882 787 1035 859 peceatum
1057 779 1211 858 quoddam

167 870 368 946 gravissimum
379 865 396 949 ¹)
425 869 573 929 consessus
595 875 639 928 est
658 869 751 928 Priori
773 886 841 946 suo,
870 870 922 929 sed
945 866 1025 928 ouius
1046 869 1133 929 fuerit
1153 885 1212 945 ge·

167 957 242 1014 neris
262 955 339 1015 idem
366 961 531 1032 peccatum,
558 957 658 1032 ignoro
666 952 697 1035 ²).
741 954 834 1031 Quem
856 973 922 1015 cum
943 955 1025 1016 Prior
1045 954 1212 1016 secundum

116 1088 124 1102 .
167 1041 402 1102 consuetudinem
428 1045 570 1102 remittere
591 1041 679 1102 vellet
706 1041 745 1100 ad
772 1041 937 1117 Abbatem,
964 1059 1022 1101 non
1052 1043 1211 1117 acquievit

166 1127 250 1188 Prior
270 1145 340 1189 vero
365 1146 431 1187 cum
451 1128 564 1205 pondus
586 1128 676 1188 auditi
696 1131 807 1204 peccati
829 1129 908 1188 solus
929 1135 1044 1205 portare
1065 1130 1211 1204 nequiret,

168 1222 197 1276 et
218 1215 377 1274 monachus
398 1217 459 1275 eius
480 1215 597 1274 consilio
619 1217 712 1274 minus
733 1217 943 1290 acquiesceret,
971 1233 1007 1274 ex
1029 1216 1119 1274 nimia
1141 1217 1211 1275 ani-

166 1303 207 1360 mi
234 1304 376 1362 moestitia
404 1317 522 1378 corpore
549 1303 698 1361 tabescere
725 1304 828 1378 coepit.
873 1301 1041 1380 Intelligere
1069 1301 1128 1362 hoa
1157 1319 1212 1378 per

165 1387 301 1463 Spiritum
322 1393 453 1448 sanctum
473 1388 559 1447 irater
569 1387 668 1448 Simon
690 1387 725 1448 de
739 1383 848 1467 Alnasl
870 1405 1026 1449 conversus
1040 1389 1116 1448 bene
1137 1388 1213 1448 mihi

167 1481 261 1549 notus,
283 1475 354 1534 dixit
365 1475 470 1534 Priori:
491 1474 624 1549 Domine,
646 1473 715 1550 quid
733 1473 896 1556 habetis⁴)?
917 1480 951 1534 ut
972 1475 1041 1551 quid
1062 1477 1105 1535 sie
1126 1493 1212 1536 mar-

167 1562 300 1622 cescitis?
320 1561 524 1638 Respondente
544 1561 608 1620 illo:
631 1561 731 1622 Tristis
745 1579 824 1638 sum,
840 1564 879 1622 ait
896 1561 1009 1621 Simon:
1030 1561 1128 1622 Nolite
1144 1569 1212 1624 tnr-

165 1649 236 1706 bari.
280 1647 405 1708 Causam
426 1650 555 1724 tristitiae
576 1653 689 1707 vestrae
710 1647 784 1707 bene
805 1649 882 1724 novi,
906 1651 936 1707 in
957 1649 1040 1709 brevi
1061 1648 1212 1710 Dominus

165 1751 218 1796 vos
248 1734 448 1794 consolabitur.
490 1732 699 1809 Accedensque
727 1733 765 1794 ad
793 1733 967 1794 monachum
994 1734 1078 1794 dixit:
1109 1735 1212 1813 Quare

164 1838 223 1880 non
245 1822 387 1881 confiteris
414 1827 566 1898 peceatum
587 1827 670 1880 tuum
690 1819 801 1880 Abbati
821 1820 895 1881 tuo?
924 1821 1006 1882 Deus
1028 1821 1098 1882 mihi
1119 1840 1211 1885 reve·

165 1907 236 1968 lavit
260 1908 344 1983 illud,
367 1915 396 1968 et
416 1910 442 1968 si
468 1925 527 1968 non
554 1908 641 1967 fueris
669 1908 816 1968 consessus
842 1907 939 1968 debito
967 1907 1070 1984 modo,
1100 1917 1212 1986 egeto

163 1995 292 2072 prodam.
334 1995 388 2056 Ille
416 1997 545 2055 conversi
572 1996 753 2056 sanctitatem
784 2011 842 2054 non
869 1997 1017 2071 ignorans,
1046 1997 1144 2073 magis
1176 2014 1211 2057 ex

164 2084 273 2158 timore,
295 2099 382 2158 quam
404 2099 439 2142 ex
453 2080 604 2142 devotione
625 2086 776 2156 peecatum
798 2081 908 2140 Abbati
930 2082 1077 2142 confessus
1100 2089 1158 2160 est,
1181 2091 1210 2145 et

165 2167 247 2230 Prior
274 2171 311 2229 ab
337 2171 469 2246 angustia
494 2168 630 2228 liberatus
654 2173 706 2228 est.
746 2166 950 2228 NOVICIUS:
983 2169 1106 2229 Videtur
1136 2171 1209 2230 mihi

164 2257 281 2315 viriste
302 2258 430 2331 spiritum
451 2251 559 2316 habere
579 2254 746 2331 prophetiae
754 2250 784 2334 ⁵).
826 2253 1064 2316 MONACHUS:
1086 2255 1209 2319 Revera

164 2343 295 2417 spiritum
327 2342 416 2402 habet
441 2343 624 2418 prophetiae,
653 2343 677 2400 si
704 2347 801 2400 tamen
829 2340 925 2402 adhue
953 2344 1040 2418 visit,
1068 2344 1150 2404 sicut
1172 2361 1207 2405 ex

163 2426 376 2510 sequentibus⁶)
407 2445 573 2506 cognosces.
616 2427 752 2487 Notarius
782 2426 899 2502 quidam
919 2428 1069 2490 Romanae
1091 2433 1207 2506 curiae,

163 2531 229 2576 ctum
250 2515 372 2575 eundem
393 2515 508 2576 tratrem
524 2515 671 2576 Simonem
692 2531 728 2574 ex
748 2513 904 2574 multomm
923 2515 1062 2576 relatione
1083 2516 1207 2578 didicis·

163 2607 207 2660 set
234 2599 363 2678 spiriturll
392 2601 498 2662 habere
525 2601 706 2678 prophetiae,
734 2598 873 2660 desiderio
906 2601 1022 2662 videndi
1050 2621 1136 2680 eum,
1167 2605 1205 2666 ab

162 2685 240 2748 Urbe
262 2691 391 2748 venitin
412 2688 489 2748 Alna
510 2689 728 2762 monasterium,
757 2687 857 2748 volens
886 2687 934 2747 illo
956 2695 1107 2764 praesente
1132 2708 1206 2768 peo-

162 2781 227 2834 cata
247 2793 301 2835 sua
327 2776 468 2850 confiteri,
497 2792 615 2850 sperans
636 2775 673 2833 ab
697 2790 731 2834 eo
754 2777 871 2851 corrigi,
900 2777 925 2835 si
945 2776 1053 2852 aliquid
1082 2780 1205 2838 omitte·

161 2867 217 2939 ret,
239 2865 366 2938 animari,
387 2864 515 2922 siminus
529 2860 612 2937 plene
634 2860 749 2920 diceret
792 2859 886 2936 Quem
908 2876 973 2921 eum
994 2879 1054 2930 non
1070 2865 1205 2925 invenis·

161 2955 207 3009 set
234 2950 266 3008 in
292 2950 425 3024 abbatia,
455 2948 559 3008 ductus
588 2953 632 3007 est
651 2943 709 3027 in⁷)
731 2949 880 3024 grangiam
902 2943 1031 3008 eiusdem
1053 2952 1204 3028 coenobii,

163 3052 237 3111 qnae
265 3031 434 3115 Golemiesflj
463 3041 598 3110 vocatur,
623 3036 653 3093 in
682 3051 740 3109 qua
765 3034 813 3094 ille
833 3036 970 3111 magister
990 3041 1061 3096 erat
1105 3035 1203 3114 Quem

160 3138 228 3181 mox
248 3127 281 3182 ut
301 3122 387 3182 irater
400 3121 500 3182 Simon
513 3121 645 3197 respexit,
668 3138 784 3180 causam
806 3120 947 3181 adventus
970 3124 1031 3181 eins
1052 3124 1202 3202 intellexit,

160 3214 189 3269 et
209 3211 264 3270 ait:
286 3209 419 3285 Domine,
442 3214 605 3284 exspectate
617 3225 665 3268 me
685 3207 747 3284 hie,
770 3210 915 3285 egoenim
935 3209 984 3269 ibo
1006 3226 1058 3287 pro
1081 3215 1199 3289 negotio

175 3396 206 3464 ¹³
224 3391 895 3532 ht?“ifliitttlt'gitihiltlllet
912 3403 1082 3531 stitit:
1100 3395 1198 3521 til:

225 3551 269 3588 ro.
288 3503 321 3574 -’-
339 3534 371 3602 3)
388 3533 462 3596 Aina,
478 3531 597 3595 Aulne,
615 3531 715 3583 abbatia
733 3531 881 3584 Brabantiae
899 3547 980 3600 prope
996 3483 1196 3601 oppidumglbl-

225 3620 298 3667 nnm;
316 3603 375 3656 vide
392 3603 434 3663 lV,
452 3603 494 3653 54.
515 3631 545 3640 -
564 3602 597 3669 l)
615 3601 635 3654 G
652 3601 785 3653 habetis
807 3603 838 3653 in
865 3601 971 3654 corde.
991 3631 1022 3642 -
1042 3604 1073 3671 5]
1092 3603 1111 3657 G
1129 3606 1196 3672 spi-

111 3683 114 3690 ·
224 3674 323 3726 ritum
341 3671 540 3740 prophetiae
557 3670 723 3722 habuisse.
742 3701 774 3710 —
793 3671 884 3738 6)*CD
903 3674 1194 3742 consequentibus.
1250 3675 1251 3700 ¹

226 3741 395 3809 -noin
422 3739 588 3808 quandam.
608 3769 640 3781 -
667 3740 699 3809 8)
718 3739 737 3793 P
755 3739 915 3794 Gelonion.
951 3741 1035 3795 Verba
1061 3757 1142 3813 quaa
1161 3771 1191 3784 -

223 3817 363 3865 vocatur
379 3825 421 3862 orn
436 3809 511 3863 aab.
