2628 4310
134 304 140 319 ‚
189 239 251 297 aaa
459 239 687 305 parmeno
712 239 954 306 ouooacmn

189 377 239 420 eac
260 377 348 422 voces
368 365 553 424 suavissimas
575 383 641 425 cum
663 365 788 426 melodia
806 367 970 426 dulcissima
991 367 1073 442 quasi
1093 367 1122 426 in
1143 363 1219 427 coelo

191 463 258 506 oum
289 449 389 508 audire
410 453 546 525 pemrisit
590 453 646 528 Qui
667 469 734 512 mox
755 457 932 530 interrogans
957 453 1103 513 domiuum
1124 451 1220 529 ungu-

191 534 313 609 bortum
333 543 402 596 tuuc
423 540 538 597 maioris
554 539 694 599 ecclesiae
714 543 743 598 iu
759 539 879 601 Colonia
891 539 1092 616 Praepositum
1102 536 1130 620 ¹),
1149 555 1222 598 nunc

191 618 457 698 Archiopiscopum‚
477 627 501 683 si
523 641 611 685 voces
632 627 749 686 easdem
770 627 889 702 audiret,
909 627 1009 696 atille
1029 643 1061 686 se
1082 626 1222 686 audivisse

191 715 318 784 negaret,
338 709 461 785 aurplius
482 710 676 791 mirabatur2).
713 713 749 772 In
770 731 880 774 canone
900 730 970 773 vero
991 713 1136 796 secundem
1156 714 1224 772 mie·

191 811 258 869 sae,
284 811 339 854 uec
366 813 424 855 nou
454 803 483 856 et
503 802 619 874 tertiae,
647 799 763 859 easdem
789 817 878 860 voces
899 817 975 877 quae
996 801 1126 860 diversae
1147 804 1225 860 eraut

191 883 294 942 aetatis
315 881 433 942 audivit.
476 883 550 943 Cum
571 884 644 946 haec
664 889 784 946 recitata
798 888 917 946 inissent
931 887 1045 947 domino
1059 887 1225 947 Hermanno

192 967 303 1027 Abbati
323 968 393 1029 Loci
414 977 531 1030 sanotae
544 971 664 1047 Mariae,
685 972 825 1032 Comitem
841 973 919 1048 adiit,
939 991 976 1034 ex
998 991 1047 1033 ore
1070 976 1131 1034 eius
1154 987 1225 1048 quac
1290 997 1291 1008 ¹

191 1053 349 1115 dictasunt
363 1054 521 1138 audiens2).
563 1058 771 1134 Invocavitqoe
791 1060 868 1120 idem
882 1060 987 1120 Comes
1008 1067 1112 1120 testem
1123 1060 1227 1134 Deum,
1248 1089 1253 1108 ι

192 1142 263 1201 nibil
283 1159 315 1202 ee
337 1145 463 1220 mentiri,
491 1144 564 1204 baec
585 1144 695 1206 addens
717 1163 783 1205 cum
802 1149 977 1221 iuramento,
998 1150 1067 1223 quia
1087 1150 1113 1207 ei
1133 1147 1226 1206 adbuc

191 1229 281 1289 semel
302 1229 371 1288 mihi
391 1230 460 1290 talia
482 1232 706 1292 concederentur
726 1233 840 1307 audire,
864 1231 1029 1314 omuibus⁴)
1048 1236 1121 1294 meis
1141 1250 1227 1310 para-

191 1321 237 1376 tus
259 1333 352 1376 essem
373 1317 587 1377 abrenunciare.
629 1318 778 1379 Modicum
798 1327 897 1382 umen,
909 1321 1040 1380 coelestis
1061 1321 1136 1380 haec
1159 1337 1228 1380 oon·

190 1403 291 1463 solatio
314 1403 353 1462 illi
374 1404 487 1478 profuit,
507 1407 634 1480 peccatis
656 1407 729 1465 eius
742 1409 874 1466 maximis
894 1407 1124 1483 impedientibus.
1167 1407 1227 1466 Pu-

189 1495 253 1550 teue
287 1492 316 1548 in
345 1488 432 1571 quo⁶)
467 1493 572 1550 missus
601 1498 645 1551 est
674 1491 779 1552 Comes
799 1496 869 1568 iste,
898 1494 936 1552 ad
962 1497 1132 1555 memoriam
1162 1493 1229 1557 miii

189 1584 307 1638 revocat
327 1593 449 1653 poenam
472 1577 621 1638 cuiusdam
643 1578 711 1638 maii
735 1579 901 1640 sacerdotis.

556 1767 789 1830 cnoruuuuu
809 1770 863 1830 vr.
893 1755 895 1760 '

272 1891 319 1950 Dc
335 1907 436 1966 poena
457 1891 616 1950 accedetis
637 1895 722 1951 cadus
744 1896 878 1951 animam
893 1893 1074 1968 parochiani
1094 1896 1145 1954 cui

511 1981 702 2054 agitaverunt
721 1981 754 2037 iro
769 1985 912 2056 puteum·

252 2099 324 2160 Erat
334 2101 364 2158 iu
385 2099 512 2176 quodam
534 2099 602 2159 villa
623 2098 758 2159 sacerdos
780 2099 897 2175 quidam
919 2101 1110 2176 miserrimus,
1138 2101 1226 2161 luxu·

77 2221 79 2231 =
188 2189 246 2248 riae
279 2194 308 2248 et
340 2187 596 2246 comessationibus
625 2203 747 2261 vacans,
775 2189 956 2262 animaeque·
972 2189 1027 2246 sibi
1056 2191 1226 2248 commissae

188 2276 303 2336 omnino
324 2273 481 2350 negligens.
516 2272 572 2348 Qui
594 2289 659 2331 cum
671 2279 800 2332 mortuos
822 2273 930 2349 fuisset,
950 2269 1148 2354 parochiani⁶)
1172 2277 1225 2336 sub

189 2377 223 2422 eo
246 2361 370 2421 defuncti
393 2363 468 2419 saxis
491 2358 703 2434 comprehensis
724 2362 753 2417 in
774 2360 845 2419 locis
863 2361 1051 2420 intemabbus
1072 2361 1155 2420 illum
1179 2379 1226 2421 ar-

187 2454 248 2508 tare
263 2452 426 2522 coeperunt,
448 2453 477 2506 et
489 2446 598 2506 dicere:
620 2445 686 2505 Tibi
699 2448 843 2506 commissi
864 2446 977 2521 fuimus,
995 2453 1027 2506 tu
1048 2465 1102 2508 uos
1122 2448 1228 2524 neglc-

187 2537 268 2609 xisti‚
297 2542 325 2593 et
354 2548 420 2592 curn
448 2549 648 2609 peccaremus,
684 2550 739 2592 nec
766 2535 855 2592 verbo
885 2550 979 2608 neque
1008 2533 1141 2610 exemplo
1173 2551 1226 2600 noo

186 2623 336 2682 revocasti.
379 2619 425 2678 Tu
440 2623 553 2680 occasio
567 2626 683 2679 nostrae
705 2620 894 2679 damnationis
915 2620 1001 2679 fuisti.
1044 2620 1138 2696 Quam
1161 2639 1227 2682 curn

187 2711 327 2786 agitarent
348 2706 458 2783 lapides
479 2713 544 2783 post
566 2707 822 2782 summittendo,
840 2706 891 2768 iile
912 2708 941 2764 in
963 2712 1081 2782 puteum
1104 2697 1227 2782 cadens,

184 2792 356 2874 nusquam)
385 2795 552 2870 comperuit.
595 2791 677 2853 Haec
700 2793 813 2853 cuidam
843 2793 991 2870 religiosae
1019 2793 1055 2853 de
1080 2794 1129 2854 illo
1161 2801 1227 2856 sunt

183 2890 307 2944 ostensa.

530 3013 763 3114 correctum
796 3051 867 3114 vn.
904 3125 912 3141 ‚

179 3179 226 3238 Dc
243 3179 344 3254 poeria
365 3177 478 3236 sculteti
499 3175 534 3234 de
557 3173 696 3234 Kolmerc
718 3171 895 3252 quinciacus
918 3181 960 3236 est
981 3177 1013 3235 in
1041 3175 1222 3237 Vulcanum.

244 3317 387 3392 Tempore
410 3315 535 3390 quodam
553 3315 655 3375 Sirenis
678 3277 850 3391 quibusdam
871 3315 1104 3391 peregrinationis
1125 3317 1222 3393 gratia
1290 3313 1291 3338 ³

177 3404 310 3482 proiectis
331 3401 558 3479 Jerosclymam,
588 3418 653 3461 cum
675 3404 704 3460 iu
726 3401 818 3461 reditu
840 3403 1010 3479 navigarent
1029 3405 1109 3462 iuxta
1131 3419 1219 3462 mou·
1290 3435 1291 3476 3

176 3497 234 3550 tem
256 3490 428 3566 Vulcanum,
450 3492 530 3549 cuius
543 3495 683 3566 perpetua
697 3495 763 3548 sunt
783 3487 923 3564 incendia,
944 3505 1032 3549 voces
1054 3488 1217 3550 huiusmodi

194 3675 223 3746 1)
243 3675 262 3728 Β
280 3677 477 3728 canonicum.
497 3703 527 3716 ·-
547 3675 578 3742 2]
598 3673 617 3726 Β
635 3672 869 3728 admirabatur.
895 3703 925 3714 -
945 3674 977 3741 3)
995 3672 1059 3727 ΒΟΒ
1077 3673 1213 3726 audivit
1281 3705 1284 3713 -

243 3775 274 3786 -
294 3748 325 3810 t)
344 3744 386 3798 OF
405 3743 454 3796 add
471 3745 630 3812 peccatis.
645 3744 719 3812 -5)
737 3742 758 3796 Β
776 3737 877 3813 quern.
897 3773 927 3785 -
941 3745 974 3813 6)
992 3745 1012 3796 Β
1030 3741 1079 3796 odd
1102 3744 1159 3796 oui.
1180 3771 1212 3783 -

241 3815 273 3883 7)
292 3815 312 3867 Β
329 3815 495 3884 uunquam.
