2642 4330
154 252 216 309 314
466 247 695 310 parmomo
718 247 870 327 onmes

152 371 258 432 talibus
290 371 319 429 in
354 368 533 431 distinetione
566 371 750 431 consessionis
782 370 889 431 dictum
918 375 970 431 est.
1018 371 1090 432 Post
1117 372 1193 434 haec

154 457 277 518 daemon
298 456 443 517 adiuratus
464 459 502 519 ab
524 456 642 518 Abbate
663 465 696 516 ut
717 461 820 533 exiret,
841 444 1003 535 despondes
1032 458 1096 535 Quo
1117 459 1191 520 ibo?

152 544 275 604 Dicente
296 543 426 618 Abbate,
456 561 523 604 ecce
552 562 584 605 os
614 561 711 604 meum
732 548 844 620 aperio,
877 548 901 604 si
920 551 1004 622 potes
1024 545 1190 624 ingredere;

154 634 208 690 ait:
244 631 309 690 Non
345 646 463 706 possum
497 635 614 706 intrare,
648 635 715 708 quie
748 632 913 692 Altissimus
945 632 1031 691 hodie
1062 635 1189 694 intravit.

153 719 245 800 Tunc
263 717 378 777 Abbas:
407 717 540 778 Ascende
569 735 654 793 super
680 719 733 779 hos
762 719 833 778 duos
864 718 981 796 digitos,
1006 719 1139 795 pollicem
1162 727 1191 779 et

152 804 275 864 iudicem
297 805 462 864 eiofferens.
505 805 571 865 Non
590 805 682 880 valeo,
702 808 802 881 inquit,
823 808 891 883 quia
903 805 989 865 hodie
1009 806 1190 872 Altissimum

153 893 289 952 tractasti.
333 891 453 950 Dixerat
465 893 540 950 enim
560 894 678 951 missam
693 889 823 973 Abbas')
845 892 881 951 de
902 909 995 952 mane.
1037 893 1190 953 Insistente

154 996 188 1038 co
222 985 255 1037 ut
287 980 391 1052 exiret,
424 978 581 1054 respondit:
609 979 743 1038 Nondum
770 978 833 1038 vult
861 978 1034 1038 Altissimus.
1084 979 1190 1040 Adhuc

154 1065 267 1126 duobus
288 1068 369 1125 annis
392 1082 440 1124 ero
462 1067 491 1124 in
513 1083 563 1141 ea3
585 1071 651 1140 post
672 1065 744 1126 haee
752 1063 773 1144 ²)
794 1063 824 1124 in
838 1069 886 1125 via
901 1065 1093 1126 illiusJacobi
1113 1067 1189 1127 libe·

152 1153 261 1220 rabitur
269 1149 299 1232 ³).
339 1151 428 1230 ,Quod
455 1155 497 1211 ita
517 1152 624 1211 iactum
646 1158 698 1238 est.
741 1151 854 1218 Deinde
874 1159 992 1229 rogatus
1021 1159 1065 1212 est
1085 1152 1190 1213 Abbas
1293 1141 1296 1146 ¹

152 1247 212 1298 tam
241 1257 259 1297 a
287 1238 429 1298 monacho
462 1251 549 1313 quam
577 1255 596 1298 a
626 1255 779 1313 converse,
807 1245 841 1298 ut
862 1239 976 1299 diabolo
997 1242 1190 1316 praeciperet,

153 1331 294 1401 quatenus
320 1342 352 1384 se
381 1327 421 1384 eis
449 1325 479 1383 in
506 1343 558 1386 sua
585 1325 677 1384 forma
696 1325 819 1385 naturali
841 1326 1011 1386 ostenderet
1054 1327 1190 1402 Respon-

153 1412 237 1472 dente
259 1410 389 1486 Abbate,
417 1429 476 1470 non
507 1411 563 1472 hoc
584 1413 654 1470 mihi
674 1413 783 1472 bonum
803 1412 930 1488 videtur,
963 1412 1085 1474 sufficiat
1104 1415 1190 1477 vobis

153 1498 231 1574 quod
262 1497 410 1574 hucusqu'e
433 1501 458 1558 ci
479 1502 691 1576 praecepimus,
720 1499 774 1559 illis
786 1500 966 1558 obstinatius
987 1505 1020 1558 ut
1040 1500 1121 1560 fieret
1141 1503 1189 1558 in-

152 1586 325 1661 sistentibus,
346 1574 462 1644 tandem
480 1579 573 1659 iictps
593 1588 647 1644 ait:
668 1585 819 1661 Praecipio
840 1587 891 1646 tibi
913 1589 943 1645 in
956 1588 1060 1646 uncte
1076 1585 1191 1662 Christi,

152 1678 184 1731 ut
210 1674 239 1731 in
267 1679 318 1732 tua
346 1673 469 1732 naturali
496 1675 592 1749 specie
608 1674 692 1732 nobis
714 1691 863 1748 appareas.
905 1663 1109 1749 Respondente
1129 1673 1190 1748 illo,

151 1776 208 1819 non
235 1759 322 1819 vultis
351 1777 447 1819 carere
468 1761 522 1818 nisi
543 1776 590 1819 me
611 1758 755 1819 videatis?
785 1767 813 1819 et
834 1758 952 1820 Abbate
975 1759 1094 1836 dicente
1115 1777 1190 1836 uon,

153 1848 248 1922 coepit
273 1847 374 1905 mulier
399 1848 429 1903 in
451 1845 540 1906 oculis
563 1863 660 1907 eorum
682 1852 857 1922 turgescere,
887 1852 916 1906 et
936 1845 975 1906 ad
995 1849 1084 1906 instar
1104 1849 1191 1906 turris

152 1931 323 2007 ascendere,
344 1935 385 1994 ita
405 1939 438 1992 ut
459 1933 534 1993 oculi
556 1936 617 1993 eius
639 1933 837 2008 scintillarem,
860 1939 946 2008 atque
968 1933 1006 1992 ad
1027 1933 1192 1993 similitudi-

151 2037 218 2080 nem
230 2020 352 2080 fornacis
366 2020 544 2096 fumigarcnt.
588 2019 698 2096 Quibus
712 2022 793 2094 visis,
811 2022 924 2079 territus
942 2022 998 2080 ruit
1018 2021 1047 2078 in
1069 2022 1192 2080 extasim

151 2103 318 2182 monachus,
338 2107 431 2167 factus
453 2113 497 2166 est
519 2113 598 2166 extra
620 2123 736 2166 sensum
758 2123 922 2181 conversus,
951 2112 980 2166 et
1000 2109 1056 2166 nisi
1077 2106 1192 2182 Abbas,

152 2196 200 2270 qui
222 2196 263 2253 eis
284 2196 458 2253 constantior
480 2188 584 2272 erat⁴),
606 2192 720 2253 diabolo
743 2199 775 2252 ut
795 2195 943 2269 pristinam
964 2193 1085 2253 formam
1105 2211 1209 2253 resu-·

151 2287 250 2355 meret,
272 2283 350 2351 ocius
370 2283 571 2357 praecepisset,
592 2277 742 2358 similem⁵)
764 2283 867 2339 mentis
890 2280 1032 2340 desectum
1045 2283 1192 2340 'incurris-

151 2374 219 2427 set·
246 2366 343 2426 Sibis
365 2368 459 2427 verbis
481 2369 552 2426 meis
573 2369 666 2426 urinus
688 2368 795 2441 credis,
814 2369 958 2443 interroga
978 2367 1050 2443 illos,
1072 2367 1191 2442 adhuc,

151 2462 183 2514 ut
205 2456 312 2530 opinor,
333 2455 443 2528 vivunt,
464 2456 517 2513 viri
541 2453 663 2530 religiosi
684 2460 758 2528 sunt,
779 2471 838 2513 non
859 2455 911 2512 tibi
934 2452 1029 2512 dicent
1049 2456 1103 2514 nisi
1123 2471 1192 2514 me·

151 2559 212 2612 ram
240 2543 398 2600 veritatem.
440 2539 582 2600 Diabolus
610 2557 679 2599 vero
707 2542 892 2617 praecipienti
921 2539 1072 2616 obediens,
1101 2547 1129 2600 ct
1150 2539 1192 2600 ad

150 2629 274 2704 priorem
295 2629 420 2703 speciem
440 2626 553 2686 vultum
573 2625 694 2686 feminae
715 2626 870 2701 reducens,
897 2630 938 2686 ait
957 2625 1082 2688 Abbati:
1103 2628 1192 2686 Nun·-

151 2730 238 2791 quam
259 2721 319 2774 tam
335 2715 453 2773 stultum
469 2721 655 2790 praeceptum
675 2717 845 2789 praecepisti
852 2709 883 2792 ⁶).
925 2713 982 2773 Pro
1005 2721 1083 2775 certo
1105 2716 1193 2790 scias,

152 2804 219 2876 quia
240 2803 264 2860 si
284 2801 379 2860 hodie
399 2800 501 2860 divinis
529 2795 617 2879 non')
645 2803 886 2860 communicasses
907 2803 1064 2877 mysteriis,
1093 2799 1191 2874 nullus

150 2894 278 2948 vestrum
305 2887 354 2946 ulli
382 2888 490 2946 homini
518 2905 592 2963 quae
620 2886 706 2947 hodie
735 2889 818 2946 vobis
845 2890 1040 2963 ingessissem,
1073 2888 1191 2948 diceret.

149 2974 240 3034 Putas
270 2973 348 3050 quod
374 2974 465 3050 pos‘sit
493 2991 539 3033 me
560 2974 647 3033 homo
669 2973 766 3034 videre
788 2979 816 3034 et
837 2973 956 3033 vivere?
988 2974 1191 3051 Nequaquam.

150 3061 289 3121 Homines
320 3063 369 3136 qui
397 3067 477 3120 erant
505 3061 620 3120 inferius
641 3066 854 3136 exspectantes,
886 3063 1035 3136 strepitum
1057 3064 1191 3138 superius
1292 3039 1317 3075 ’ἵ

151 3147 299 3207 audientes
307 3145 339 3228 ³),
367 3147 571 3222 ascenderunt,
593 3153 621 3206 et
648 3165 818 3207 conversum
849 3164 915 3207 cum
935 3148 1077 3208 monacho
1092 3150 1190 3208 semi-

150 3242 278 3295 mortuos
300 3237 482 3310 reperientes,
503 3251 579 3310 aqua
601 3234 835 3308 refocillaverunt,
857 3239 886 3294 et
907 3236 1103 3294 intermunus
1123 3236 1191 3295 illos

151 3321 381 3398 deportaverunt.
424 3322 506 3380 Tunc
536 3321 666 3381 diabolus
698 3320 770 3381 dixit
795 3320 921 3380 Abbati:
951 3321 1016 3398 Quo
1043 3324 1134 3381 iturus
1155 3339 1190 3384 es

150 3406 259 3468 modo?
280 3407 621 3485 RespondenteAbbate,
641 3408 861 3484 Eberbachum3
884 3408 1029 3468 subiunxit
1038 3409 1101 3470 ille:
1122 3409 1189 3486 Ego

114 3597 116 3605 Δ
170 3543 200 3611 1)
218 3539 540 3595 CPAbbasmissanr.
559 3570 589 3581 -
609 3542 641 3608 2)
659 3541 680 3593 D
698 3550 729 3593 et
749 3541 932 3610 posthaec,
958 3542 997 3595 ΟΡ
1020 3551 1096 3610 post
1119 3543 1188 3594 hoc.

221 3641 252 3651 -
263 3611 295 3679 3)
312 3610 429 3679 intelligit
440 3611 524 3663 limina
542 3611 610 3663 beuti
620 3611 707 3663 Jacobi
724 3614 751 3663 in
766 3610 942 3677 compostella.
956 3641 987 3652 ·-
1006 3613 1040 3680 4)
1058 3613 1099 3667 Bc
1116 3622 1190 3666 crat

219 3682 440 3733 constantior.
460 3711 491 3720 -
511 3680 542 3748 5)
561 3680 581 3734 C
602 3681 704 3734 simul.
724 3711 755 3721 —
775 3682 807 3749 6)
825 3680 886 3734 ΑΟΡ
904 3682 1046 3734 iussisti.
1066 3712 1096 3722 -
1116 3684 1148 3750 7)
1166 3683 1189 3738 C

220 3752 322 3813 scias,
339 3751 402 3802 nisi
419 3749 517 3802 hodie
534 3749 708 3803 divinia-
723 3752 755 3817 8)
773 3751 793 3802 Β
811 3751 991 3818 strepitum
1008 3751 1188 3804 audientes

220 3819 384 3888 superius,
402 3819 421 3872 C
439 3819 618 3873 audientes
637 3823 793 3889 superius
811 3822 997 3891 strepitum.
