2580 4316
160 269 200 326 22
235 298 237 306 ν
486 261 713 326 DISTINOTIO
732 263 861 324 PRIMA

154 404 230 465 pore
251 387 433 464 probationis,
455 403 542 462 quum
561 389 620 446 ianr
640 386 813 446 monachum
834 392 900 463 post
914 384 989 446 diem
1002 387 1192 464 professionis.

159 474 245 536 Unde
272 492 338 534 curn
369 473 489 533 liberum
510 481 597 534 vocat
608 471 624 553 ¹)
646 491 665 533 a
692 473 773 548 loco',
799 491 857 532 non
885 491 904 532 a
931 481 1008 534 voto.
1052 474 1092 535 Ut
1119 477 1193 535 enim

159 568 273 623 taceam
295 561 331 621 de
352 561 410 635 his,
441 563 490 637 qui
517 563 574 620 iarn
602 561 733 620 habitum
753 561 895 638 religionis
915 561 1067 622 induerunt
1078 560 1115 642 ²),
1145 565 1194 638 qui

160 648 250 709 semel
271 648 452 708 sesecundo
474 650 503 706 in
524 645 623 728 laeic⁸)
647 647 771 724 Capituli
799 647 982 712 stabilitatem
1006 665 1096 708 suam
1124 666 1194 724 pro·

161 738 312 796 miserunt:
339 734 533 795 saecularibus
554 737 697 810 personis,
729 729 787 810 qui*
800 735 861 794 solo
882 736 971 795 verbo
994 741 1095 795 votum
1114 728 1194 796 fece·
1233 725 1236 734 ’

162 829 227 882 runt
247 825 320 881 inter
341 839 443 880 manus
464 821 597 895 Abbatis,
617 838 801 897 nequaquam
821 822 931 881 licitum
952 828 997 882 est
1016 825 1106 882 vitam
1127 840 1194 882 sae·

162 905 316 988 cularemi)
338 911 441 968 sectari
469 908 515 968 rel
541 911 720 967 matrimonio
751 908 840 985 ligari.
884 908 967 967 Circa
994 911 1139 968 novicium
1164 912 1195 968 in

162 999 331 1056 necessitate
354 995 483 1054 dominus
505 995 587 1072 Papa
599 991 618 1074 ⁵)
642 995 795 1070 dispensat,
816 1003 849 1054 ut
870 995 907 1054 ad
929 994 1196 1068 ordinemtranseat

162 1079 346 1162 mitiorem⁶);
369 1082 498 1142 sednon
519 1085 663 1157 permittit,
683 1088 715 1142 ut
737 1082 775 1141 ad
796 1085 885 1141 vitam
902 1082 1000 1141 redeat
1011 1082 1195 1143 saecularem.

161 1169 239 1230 Eece
261 1187 297 1229 ex
317 1166 390 1249 hisi)
414 1187 487 1246 quae
510 1168 585 1228 dicta
613 1175 680 1228 sunt
708 1168 872 1246 dignoscere
905 1171 1026 1244 poteris,
1055 1170 1196 1245 quosdam

160 1259 290 1328 ,converti
311 1256 372 1316 sola
393 1258 544 1316 vocatione
565 1255 636 1330 Dei,
665 1255 735 1315 alios
757 1257 818 1316 selo
840 1258 973 1316 instinctu
996 1258 1109 1331 spiritus
1129 1274 1196 1317 ma-

162 1343 239 1420 ligni,
260 1341 411 1402 nonnullos
433 1342 558 1417 quadam
578 1342 694 1402 levitate
716 1345 810 1402 amini.
847 1342 931 1418 Quod
944 1340 1195 1422 cutemquidame)

155 1436 364 1492 convertantur
384 1446 435 1505 per
456 1431 640 1488 ministerium
662 1429 789 1504 aliorum,
812 1436 920 1490 certum
942 1436 1000 1505 est;
1034 1431 1102 1505 quia
1122 1433 1197 1490 siem

163 1516 232 1577 olim
253 1519 282 1575 in
303 1516 487 1577 tabernaculo
508 1516 565 1574 Dei
587 1519 699 1575 cortine
716 1520 801 1576 traxit
823 1519 975 1591 cuminam,
996 1519 1037 1576 ita
1058 1516 1143 1577 hodie
1167 1519 1198 1575 in
1288 1593 1289 1598 ἵ

162 1603 293 1664 Ecclesia
314 1603 370 1662 Dei
389 1604 475 1663 irater
496 1603 582 1662 trahit
602 1604 731 1678 fratrem,
759 1611 788 1663 et
808 1602 864 1663 hec
885 1605 976 1664 tribus
997 1602 1105 1678 modis,
1134 1620 1197 1663 ser-

163 1707 248 1752 mone
269 1690 410 1764 videlicet,
432 1693 566 1766 oratione,
589 1691 718 1766 exemplo
740 1687 922 1771 religionis⁹).
963 1689 1040 1750 Ecce
1056 1691 1198 1750 imriculus

160 1777 273 1854 triplex,
296 1780 344 1853 qni
366 1777 478 1838 difficile
499 1780 639 1853 rumpitur
656 1776 695 1857 ¹⁰).
737 1777 942 1838 NOVIGIUS:
964 1777 1010 1838 Dc
1032 1777 1076 1837 his
1098 1793 1198 1838 exem·
1288 1829 1289 1856 .

163 1864 212 1940 pla
232 1868 353 1940 requiro.
1042 1895 1047 1904 ·

518 2071 751 2132 CAPITULUM
772 2071 856 2132 XVI.
973 2095 975 2100 ·

268 2213 316 2271 De
337 2215 523 2272 couvasioae
543 2212 666 2271 Hauriat
694 2216 839 2272 annuant
859 2213 895 2272 dc
917 2211 1094 2272 Olnrcoollc.

229 2383 463 2445 nonnosus:
496 2385 531 2444 n
561 2360 719 2445 ornavere
755 2391 822 2446 anu
854 2385 908 2445 nos
943 2384 1076 2444 nuaram
1109 2401 1201 2444 annos
1288 2421 1289 2426 a

166 2472 324 2533 monachus
345 2472 462 2547 quidam
482 2471 624 2532 Henricus
645 2474 759 2532 nomine
781 2472 930 2532 defunctus
952 2479 1011 2547 est,
1032 2473 1076 2531 vir
1092 2471 1202 2548 grand
1288 2493 1289 2496 ¹

166 2577 257 2620 aevus
289 2566 318 2618 et
350 2565 479 2634 sanctus,
508 2559 626 2635 corpo'rc
654 2559 768 2635 quidem
791 2566 952 2619 contractus
974 2565 1004 2618 et
1025 2559 1202 2634 confractus,
1288 2595 1289 2624 2

166 2646 220 2708 ser
240 2645 326 2706 corne
347 2648 469 2706 murum
491 2646 608 2706 uorsus
629 2644 656 2726 ΙΙ)
679 2664 714 2707 ac
736 2647 879 2706 manus.
920 2645 1028 2706 Mutae
1049 2645 1204 2706 nohabe—

166 2734 219 2794 bat
255 2751 274 2792 a
305 2733 369 2792 Deo
403 2733 610 2794 consolationes
630 2731 676 2814 ¹²),
703 2733 839 2810 plurimas
865 2734 1068 2808 revelationes,
1101 2733 1204 2808 spiritu
1288 2769 1289 2818 1

167 2819 278 2896 pollens
305 2821 486 2897 prophetiae,
522 2821 682 2896 nulliusque
703 2818 732 2900 ¹³)
761 2837 862 2897 expers
898 2820 1051 2896 spiritualis
1084 2821 1205 2896 gratiae.
1288 2819 1289 2854 i

168 2907 370 2967 venerabilem
390 2907 468 2966 hunc
488 2909 582 2968 virum
596 2913 725 2984 tempore
736 2907 876 2984 generalis
888 2906 1011 2982 Capituli
1021 2905 1153 2966 Abbctes
1173 2902 1204 2985 ¹⁴)
1288 2913 1289 2984 ἦ

168 2994 402 3070 frequentabant,
433 3011 506 3070 quos
542 2994 695 3072 plurimum
723 2997 782 3053 suis
811 2995 988 3054 sermonibus
1024 2992 1206 3054 aedificabat.
1288 3017 1289 3020 ¹

168 3081 246 3141 Huic
266 3081 411 3149 familiaris
433 3088 494 3141 erat
513 3077 541 3162 ¹⁵)
564 3081 693 3142 dominus
717 3080 867 3142 Gerardus
888 3079 992 3140 Abbas
1013 3086 1125 3156 noster,
1157 3083 1208 3140 oui

168 3169 243 3228 inter
264 3175 358 3229 cetera
379 3171 505 3228 narravit
525 3175 618 3228 totum
638 3168 766 3230 ordinem
788 3170 982 3229 conversionis
1003 3184 1081 3226 suae.
1131 3165 1208 3226 Cum

185 3353 220 3424 ,1)
238 3354 429 3407 BDiudicat.
448 3385 478 3394 —
507 3354 577 3424 ajo
604 3363 727 3407 taceam
754 3355 809 3423 qui
835 3353 980 3406 habiturn
1006 3355 1065 3406 iam
1092 3351 1209 3404 indue·
1288 3347 1289 3402 j

201 3447 202 3452 ¹
239 3433 320 3477 runt.
339 3455 372 3464 -
399 3424 607 3492 3)Gisciem.
627 3453 658 3464 -
685 3425 717 3492 4)
735 3424 755 3476 G
773 3424 975 3476 saecularem
996 3425 1103 3476 vitam.
1122 3453 1154 3464 -
1173 3423 1209 3492 5)
1288 3451 1289 3480 2

241 3493 387 3546 dominus
406 3494 485 3560 Papa
507 3507 548 3546 orn
566 3494 594 3546 0.
614 3524 645 3534 -
673 3493 921 3562 6)Crnitiorem
948 3501 1102 3545 transeat.
1122 3522 1153 3532 —
1173 3493 1210 3561 7)
1288 3499 1289 3512 ¹

239 3563 260 3617 G
286 3563 368 3616 Ecce
394 3566 425 3615 in
452 3563 518 3627 his,
543 3563 562 3614 P
588 3563 632 3616 Ex
657 3561 715 3614 his.
736 3593 767 3602 -
794 3563 864 3631 8)G
887 3564 998 3632 aliqui.
1017 3592 1049 3603 -
1077 3561 1148 3630 o)c
1175 3572 1210 3614 ct
1288 3595 1289 3600 =

241 3633 385 3701 exemplo
412 3635 650 3685 conversionis.
670 3661 700 3672 -
729 3633 778 3699 10)
805 3633 901 3685 Eccles.
926 3634 963 3697 4,
990 3632 1030 3684 12.
1050 3662 1081 3672 —
1110 3631 1159 3698 11)
1186 3631 1210 3684 Β
1288 3619 1289 3650 ³

166 3730 168 3738 .
241 3701 1211 3770 distensus,Gd'istentns.-l2JBhabebatconsolatio·
1288 3745 1289 3756 .

240 3787 298 3822 nes
316 3788 332 3822 u
349 3772 428 3834 Deo,
446 3771 466 3824 G
483 3787 497 3822 a
515 3771 579 3824 Deo
597 3770 741 3823 habebat
758 3773 1011 3824 consolationes.
1028 3802 1059 3812 —
1080 3771 1128 3838 13)
1145 3787 1211 3838 que
1288 3775 1289 3810 i

243 3840 385 3892 onrDP.—
406 3841 453 3908 14)
472 3840 615 3892 abbates
633 3841 809 3922 lrabthante
827 3851 1018 3909 ternpore-
1039 3840 1116 3910 15)c
1134 3839 1210 3893 tuit.
