<?xml version="1.0" encoding="UTF-8"?>
<!DOCTYPE html PUBLIC "-//W3C//DTD XHTML 1.0 Transitional//EN"
    "http://www.w3.org/TR/xhtml1/DTD/xhtml1-transitional.dtd">
<html xmlns="http://www.w3.org/1999/xhtml" xml:lang="en" lang="en">
 <head>
  <title>
</title>
<meta http-equiv="Content-Type" content="text/html;charset=utf-8" />
  <meta name='ocr-system' content='tesseract 3.04.00' />
  <meta name='ocr-capabilities' content='ocr_page ocr_carea ocr_par ocr_line ocrx_word'/>
</head>
<body>
  <div class='ocr_page' id='page_1' title='image "./caesariiheister05stragoog/caesariiheister05stragoog_0482.png"; bbox 0 0 2664 4308; ppageno 0'>
   <div class='ocr_carea' id='block_1_1' title="bbox 465 223 1181 334">
    <p class='ocr_par' dir='ltr' id='par_1_1' title="bbox 465 223 1181 334">
     <span class='ocr_line' id='line_1_1' title="bbox 465 223 1181 334; baseline 0.001 -2"><span class='ocrx_word' id='word_1_1' title='bbox 465 273 519 333; x_wconf 88' lang='lat' dir='ltr'>DE</span> <span class='ocrx_word' id='word_1_2' title='bbox 541 223 698 334; x_wconf 79' lang='lat' dir='ltr'>SANOTA</span> <span class='ocrx_word' id='word_1_3' title='bbox 718 271 860 334; x_wconf 71' lang='lat' dir='ltr'>Murem.</span> <span class='ocrx_word' id='word_1_4' title='bbox 1143 276 1181 333; x_wconf 81' lang='lat'>55</span> 
     </span>
    </p>
   </div>
   <div class='ocr_carea' id='block_1_2' title="bbox 75 393 1214 3421">
    <p class='ocr_par' dir='ltr' id='par_1_2' title="bbox 75 393 1214 3421">
     <span class='ocr_line' id='line_1_2' title="bbox 142 393 1180 473; baseline 0 -19"><span class='ocrx_word' id='word_1_5' title='bbox 142 395 183 454; x_wconf 91' lang='lat' dir='ltr'>illi</span> <span class='ocrx_word' id='word_1_6' title='bbox 206 401 382 470; x_wconf 87' lang='lat' dir='ltr'>occurreret,</span> <span class='ocrx_word' id='word_1_7' title='bbox 411 402 440 454; x_wconf 92' lang='lat' dir='ltr'>et</span> <span class='ocrx_word' id='word_1_8' title='bbox 459 395 547 473; x_wconf 82' lang='lat' dir='ltr'>frigus</span> <span class='ocrx_word' id='word_1_9' title='bbox 570 401 661 470; x_wconf 89' lang='lat' dir='ltr'>esset,</span> <span class='ocrx_word' id='word_1_10' title='bbox 682 401 757 456; x_wconf 87' lang='lat' dir='ltr'>stare</span> <span class='ocrx_word' id='word_1_11' title='bbox 780 412 847 455; x_wconf 90' lang='lat' dir='ltr'>eum</span> <span class='ocrx_word' id='word_1_12' title='bbox 867 395 948 469; x_wconf 85' lang='lat' dir='ltr'>fecit,</span> <span class='ocrx_word' id='word_1_13' title='bbox 970 399 999 454; x_wconf 90' lang='lat' dir='ltr'>et</span> <span class='ocrx_word' id='word_1_14' title='bbox 1021 393 1180 470; x_wconf 90' lang='lat' dir='ltr'>descendit,</span> 
     </span>
     <span class='ocr_line' id='line_1_3' title="bbox 143 481 1182 558; baseline 0 -16"><span class='ocrx_word' id='word_1_15' title='bbox 143 482 309 558; x_wconf 88' lang='lat' dir='ltr'>calciosque</span> <span class='ocrx_word' id='word_1_16' title='bbox 331 488 472 542; x_wconf 85' lang='lat' dir='ltr'>extractos</span> <span class='ocrx_word' id='word_1_17' title='bbox 494 483 534 542; x_wconf 92' lang='lat' dir='ltr'>illi</span> <span class='ocrx_word' id='word_1_18' title='bbox 554 483 661 556; x_wconf 83' lang='lat' dir='ltr'>tribuit,</span> <span class='ocrx_word' id='word_1_19' title='bbox 683 489 712 542; x_wconf 92' lang='lat' dir='ltr'>et</span> <span class='ocrx_word' id='word_1_20' title='bbox 739 484 821 542; x_wconf 89' lang='lat' dir='ltr'>novis</span> <span class='ocrx_word' id='word_1_21' title='bbox 843 499 915 558; x_wconf 88' lang='lat' dir='ltr'>quos</span> <span class='ocrx_word' id='word_1_22' title='bbox 937 484 966 540; x_wconf 91' lang='lat' dir='ltr'>in</span> <span class='ocrx_word' id='word_1_23' title='bbox 988 499 1073 541; x_wconf 88' lang='lat' dir='ltr'>sacco</span> <span class='ocrx_word' id='word_1_24' title='bbox 1090 481 1182 542; x_wconf 87' lang='lat' dir='ltr'>habc-</span> 
     </span>
     <span class='ocr_line' id='line_1_4' title="bbox 143 568 1183 644; baseline -0.001 -16"><span class='ocrx_word' id='word_1_25' title='bbox 143 569 195 628; x_wconf 88' lang='lat' dir='ltr'>bat</span> <span class='ocrx_word' id='word_1_26' title='bbox 224 568 378 643; x_wconf 88' lang='lat' dir='ltr'>reindutis‚</span> <span class='ocrx_word' id='word_1_27' title='bbox 406 586 512 644; x_wconf 91' lang='lat' dir='ltr'>equum</span> <span class='ocrx_word' id='word_1_28' title='bbox 540 569 670 628; x_wconf 86' lang='lat' dir='ltr'>ascendit</span> <span class='ocrx_word' id='word_1_29' title='bbox 691 575 720 628; x_wconf 86' lang='lat' dir='ltr'>et</span> <span class='ocrx_word' id='word_1_30' title='bbox 741 570 819 629; x_wconf 85' lang='lat' dir='ltr'>abiit.</span> <span class='ocrx_word' id='word_1_31' title='bbox 861 568 944 628; x_wconf 89' lang='lat' dir='ltr'>Haec</span> <span class='ocrx_word' id='word_1_32' title='bbox 966 585 1012 627; x_wconf 88' lang='lat' dir='ltr'>me</span> <span class='ocrx_word' id='word_1_33' title='bbox 1033 575 1183 644; x_wconf 89' lang='lat' dir='ltr'>praesente</span> 
     </span>
     <span class='ocr_line' id='line_1_5' title="bbox 141 652 1183 735; baseline 0.002 -21"><span class='ocrx_word' id='word_1_34' title='bbox 141 656 221 716; x_wconf 86' lang='lat' dir='ltr'>sacta</span> <span class='ocrx_word' id='word_1_35' title='bbox 250 661 325 718; x_wconf 89' lang='lat' dir='ltr'>sunt.</span> <span class='ocrx_word' id='word_1_36' title='bbox 368 655 572 715; x_wconf 89' lang='lat' dir='ltr'>Discordantes</span> <span class='ocrx_word' id='word_1_37' title='bbox 595 655 787 716; x_wconf 90' lang='lat' dir='ltr'>concordabat</span> <span class='ocrx_word' id='word_1_38' title='bbox 799 652 832 735; x_wconf 90' lang='lat'>¹),</span> <span class='ocrx_word' id='word_1_39' title='bbox 857 655 1052 714; x_wconf 77' lang='lat' dir='ltr'>inobedientes</span> <span class='ocrx_word' id='word_1_40' title='bbox 1080 672 1183 716; x_wconf 85' lang='lat' dir='ltr'>exora-</span> 
     </span>
     <span class='ocr_line' id='line_1_6' title="bbox 75 741 1183 820; baseline 0 -18"><span class='ocrx_word' id='word_1_41' title='bbox 75 809 77 816; x_wconf 35' lang='lat'>,</span> <span class='ocrx_word' id='word_1_42' title='bbox 142 744 202 818; x_wconf 85' lang='lat' dir='ltr'>bat,</span> <span class='ocrx_word' id='word_1_43' title='bbox 224 741 376 820; x_wconf 88' lang='lat' dir='ltr'>iracundos</span> <span class='ocrx_word' id='word_1_44' title='bbox 399 749 427 802; x_wconf 90' lang='lat' dir='ltr'>et</span> <span class='ocrx_word' id='word_1_45' title='bbox 444 745 624 818; x_wconf 84' lang='lat' dir='ltr'>impatientes</span> <span class='ocrx_word' id='word_1_46' title='bbox 646 742 684 801; x_wconf 89' lang='lat' dir='ltr'>ad</span> <span class='ocrx_word' id='word_1_47' title='bbox 706 759 755 802; x_wconf 91' lang='lat' dir='ltr'>cor</span> <span class='ocrx_word' id='word_1_48' title='bbox 776 743 891 818; x_wconf 89' lang='lat' dir='ltr'>saepius</span> <span class='ocrx_word' id='word_1_49' title='bbox 912 744 1067 816; x_wconf 85' lang='lat' dir='ltr'>revocavit,</span> <span class='ocrx_word' id='word_1_50' title='bbox 1087 749 1183 802; x_wconf 63' lang='lat' dir='ltr'>tenia-</span> 
     </span>
     <span class='ocr_line' id='line_1_7' title="bbox 142 828 1182 905; baseline 0 -17"><span class='ocrx_word' id='word_1_51' title='bbox 142 835 189 888; x_wconf 88' lang='lat' dir='ltr'>tos</span> <span class='ocrx_word' id='word_1_52' title='bbox 212 828 350 904; x_wconf 85' lang='lat' dir='ltr'>exemplis</span> <span class='ocrx_word' id='word_1_53' title='bbox 370 828 498 904; x_wconf 83' lang='lat' dir='ltr'>plurimis</span> <span class='ocrx_word' id='word_1_54' title='bbox 520 845 594 904; x_wconf 87' lang='lat' dir='ltr'>quae</span> <span class='ocrx_word' id='word_1_55' title='bbox 617 847 728 905; x_wconf 85' lang='lat' dir='ltr'>semper</span> <span class='ocrx_word' id='word_1_56' title='bbox 750 829 788 888; x_wconf 89' lang='lat' dir='ltr'>ad</span> <span class='ocrx_word' id='word_1_57' title='bbox 808 847 926 888; x_wconf 87' lang='lat' dir='ltr'>menum</span> <span class='ocrx_word' id='word_1_58' title='bbox 947 828 1089 904; x_wconf 87' lang='lat' dir='ltr'>habebat,</span> <span class='ocrx_word' id='word_1_59' title='bbox 1111 828 1182 888; x_wconf 89' lang='lat' dir='ltr'>alle-</span> 
     </span>
     <span class='ocr_line' id='line_1_8' title="bbox 142 911 1182 995; baseline -0.001 -20"><span class='ocrx_word' id='word_1_60' title='bbox 142 917 243 975; x_wconf 85' lang='lat' dir='ltr'>viavit.</span> <span class='ocrx_word' id='word_1_61' title='bbox 285 915 361 975; x_wconf 88' lang='lat' dir='ltr'>Hinc</span> <span class='ocrx_word' id='word_1_62' title='bbox 383 922 426 975; x_wconf 91' lang='lat' dir='ltr'>est</span> <span class='ocrx_word' id='word_1_63' title='bbox 448 917 526 992; x_wconf 90' lang='lat' dir='ltr'>quod</span> <span class='ocrx_word' id='word_1_64' title='bbox 546 923 674 991; x_wconf 90' lang='lat' dir='ltr'>tempore</span> <span class='ocrx_word' id='word_1_65' title='bbox 697 915 823 990; x_wconf 78' lang='lat' dir='ltr'>quodam</span> <span class='ocrx_word' id='word_1_66' title='bbox 836 911 872 995; x_wconf 78' lang='lat'>²),</span> <span class='ocrx_word' id='word_1_67' title='bbox 904 933 970 976; x_wconf 90' lang='lat' dir='ltr'>cnm</span> <span class='ocrx_word' id='word_1_68' title='bbox 1000 914 1035 973; x_wconf 93' lang='lat' dir='ltr'>de</span> <span class='ocrx_word' id='word_1_69' title='bbox 1057 914 1182 991; x_wconf 86' lang='lat' dir='ltr'>quodem</span> 
     </span>
     <span class='ocr_line' id='line_1_9' title="bbox 141 1001 1183 1078; baseline -0.002 -17"><span class='ocrx_word' id='word_1_70' title='bbox 141 1003 234 1062; x_wconf 87' lang='lat' dir='ltr'>v&#39;erbo</span> <span class='ocrx_word' id='word_1_71' title='bbox 263 1003 418 1063; x_wconf 81' lang='lat' dir='ltr'>conferrem</span> <span class='ocrx_word' id='word_1_72' title='bbox 449 1019 513 1061; x_wconf 93' lang='lat' dir='ltr'>cum</span> <span class='ocrx_word' id='word_1_73' title='bbox 542 1001 604 1077; x_wconf 90' lang='lat' dir='ltr'>illo,</span> <span class='ocrx_word' id='word_1_74' title='bbox 632 1005 661 1060; x_wconf 90' lang='lat' dir='ltr'>in</span> <span class='ocrx_word' id='word_1_75' title='bbox 682 1009 793 1078; x_wconf 88' lang='lat' dir='ltr'>partem</span> <span class='ocrx_word' id='word_1_76' title='bbox 814 1019 861 1061; x_wconf 90' lang='lat' dir='ltr'>me</span> <span class='ocrx_word' id='word_1_77' title='bbox 883 1005 981 1076; x_wconf 81' lang='lat' dir='ltr'>traxit,</span> <span class='ocrx_word' id='word_1_78' title='bbox 1011 1007 1040 1061; x_wconf 90' lang='lat' dir='ltr'>et</span> <span class='ocrx_word' id='word_1_79' title='bbox 1061 1005 1116 1060; x_wconf 84' lang='lat' dir='ltr'>ait:</span> <span class='ocrx_word' id='word_1_80' title='bbox 1146 1002 1183 1059; x_wconf 87' lang='lat' dir='ltr'>Et</span> 
     </span>
     <span class='ocr_line' id='line_1_10' title="bbox 142 1087 1183 1166; baseline -0.005 -17"><span class='ocrx_word' id='word_1_81' title='bbox 142 1107 198 1166; x_wconf 86' lang='lat' dir='ltr'>ego</span> <span class='ocrx_word' id='word_1_82' title='bbox 220 1106 342 1166; x_wconf 83' lang='lat' dir='ltr'>magnas</span> <span class='ocrx_word' id='word_1_83' title='bbox 364 1092 456 1149; x_wconf 88' lang='lat' dir='ltr'>carnis</span> <span class='ocrx_word' id='word_1_84' title='bbox 477 1106 559 1148; x_wconf 86' lang='lat' dir='ltr'>meae</span> <span class='ocrx_word' id='word_1_85' title='bbox 587 1092 680 1165; x_wconf 86' lang='lat' dir='ltr'>patior</span> <span class='ocrx_word' id='word_1_86' title='bbox 709 1090 887 1148; x_wconf 86' lang='lat' dir='ltr'>tentationes.</span> <span class='ocrx_word' id='word_1_87' title='bbox 930 1088 970 1152; x_wconf 90' lang='lat' dir='ltr'>Ut</span> <span class='ocrx_word' id='word_1_88' title='bbox 1002 1087 1064 1147; x_wconf 86' lang='lat' dir='ltr'>aliis</span> <span class='ocrx_word' id='word_1_89' title='bbox 1085 1095 1183 1164; x_wconf 87' lang='lat' dir='ltr'>posset</span> 
     </span>
     <span class='ocr_line' id='line_1_11' title="bbox 141 1174 1182 1252; baseline -0.001 -17"><span class='ocrx_word' id='word_1_90' title='bbox 141 1176 260 1251; x_wconf 85' lang='lat' dir='ltr'>mederi,</span> <span class='ocrx_word' id='word_1_91' title='bbox 280 1179 409 1252; x_wconf 90' lang='lat' dir='ltr'>proprias</span> <span class='ocrx_word' id='word_1_92' title='bbox 426 1175 603 1236; x_wconf 88' lang='lat' dir='ltr'>infirmitates</span> <span class='ocrx_word' id='word_1_93' title='bbox 624 1176 679 1234; x_wconf 94' lang='lat' dir='ltr'>illis</span> <span class='ocrx_word' id='word_1_94' title='bbox 699 1193 757 1234; x_wconf 94' lang='lat' dir='ltr'>non</span> <span class='ocrx_word' id='word_1_95' title='bbox 780 1176 894 1235; x_wconf 91' lang='lat' dir='ltr'>erubuit</span> <span class='ocrx_word' id='word_1_96' title='bbox 915 1174 1051 1236; x_wconf 88' lang='lat' dir='ltr'>confiteri.</span> <span class='ocrx_word' id='word_1_97' title='bbox 1065 1208 1107 1216; x_wconf 91' lang='lat'><strong>—</strong></span> <span class='ocrx_word' id='word_1_98' title='bbox 1121 1175 1182 1234; x_wconf 89' lang='lat' dir='ltr'>Re-</span> 
     </span>
     <span class='ocr_line' id='line_1_12' title="bbox 143 1261 1197 1340; baseline -0.003 -17"><span class='ocrx_word' id='word_1_99' title='bbox 143 1264 266 1339; x_wconf 90' lang='lat' dir='ltr'>quisitus</span> <span class='ocrx_word' id='word_1_100' title='bbox 288 1262 333 1322; x_wconf 87' lang='lat' dir='ltr'>die</span> <span class='ocrx_word' id='word_1_101' title='bbox 355 1262 480 1338; x_wconf 88' lang='lat' dir='ltr'>quadam</span> <span class='ocrx_word' id='word_1_102' title='bbox 502 1280 520 1322; x_wconf 90' lang='lat' dir='ltr'>a</span> <span class='ocrx_word' id='word_1_103' title='bbox 541 1263 686 1340; x_wconf 86' lang='lat' dir='ltr'>praedicto</span> <span class='ocrx_word' id='word_1_104' title='bbox 708 1263 815 1337; x_wconf 83' lang='lat' dir='ltr'>Priore,</span> <span class='ocrx_word' id='word_1_105' title='bbox 837 1265 991 1338; x_wconf 87' lang='lat' dir='ltr'>sicutipse</span> <span class='ocrx_word' id='word_1_106' title='bbox 1012 1261 1082 1320; x_wconf 91' lang='lat' dir='ltr'>mihi</span> <span class='ocrx_word' id='word_1_107' title='bbox 1102 1268 1197 1338; x_wconf 67' lang='lat' dir='ltr'>retu-=</span> 
     </span>
     <span class='ocr_line' id='line_1_13' title="bbox 141 1347 1182 1426; baseline -0.002 -18"><span class='ocrx_word' id='word_1_108' title='bbox 141 1349 183 1424; x_wconf 89' lang='lat' dir='ltr'>lit,</span> <span class='ocrx_word' id='word_1_109' title='bbox 205 1348 274 1425; x_wconf 91' lang='lat' dir='ltr'>quid</span> <span class='ocrx_word' id='word_1_110' title='bbox 288 1351 318 1408; x_wconf 89' lang='lat' dir='ltr'>in</span> <span class='ocrx_word' id='word_1_111' title='bbox 331 1365 432 1410; x_wconf 90' lang='lat' dir='ltr'>mensa</span> <span class='ocrx_word' id='word_1_112' title='bbox 448 1352 593 1426; x_wconf 81' lang='lat' dir='ltr'>cogitaret,</span> <span class='ocrx_word' id='word_1_113' title='bbox 615 1366 649 1409; x_wconf 88' lang='lat' dir='ltr'>eo</span> <span class='ocrx_word' id='word_1_114' title='bbox 664 1349 740 1425; x_wconf 93' lang='lat' dir='ltr'>quod</span> <span class='ocrx_word' id='word_1_115' title='bbox 762 1365 820 1408; x_wconf 93' lang='lat' dir='ltr'>non</span> <span class='ocrx_word' id='word_1_116' title='bbox 842 1349 1011 1425; x_wconf 83' lang='lat' dir='ltr'>intelligeret</span> <span class='ocrx_word' id='word_1_117' title='bbox 1023 1347 1182 1421; x_wconf 90' lang='lat' dir='ltr'>lectionem,</span> 
     </span>
     <span class='ocr_line' id='line_1_14' title="bbox 142 1435 1182 1516; baseline 0 -22"><span class='ocrx_word' id='word_1_118' title='bbox 142 1435 305 1513; x_wconf 82' lang='lat' dir='ltr'>respondit:</span> <span class='ocrx_word' id='word_1_119' title='bbox 326 1435 389 1513; x_wconf 81' lang='lat' dir='ltr'>Ego</span> <span class='ocrx_word' id='word_1_120' title='bbox 409 1436 505 1496; x_wconf 89' lang='lat' dir='ltr'>babeo</span> <span class='ocrx_word' id='word_1_121' title='bbox 519 1436 558 1495; x_wconf 94' lang='lat' dir='ltr'>ibi</span> <span class='ocrx_word' id='word_1_122' title='bbox 572 1435 722 1502; x_wconf 84' lang='lat' dir='ltr'>lectionem</span> <span class='ocrx_word' id='word_1_123' title='bbox 736 1453 839 1494; x_wconf 85' lang='lat' dir='ltr'>meam.</span> <span class='ocrx_word' id='word_1_124' title='bbox 872 1435 1182 1516; x_wconf 86' lang='lat' dir='ltr'>Quendomanducare</span> 
     </span>
     <span class='ocr_line' id='line_1_15' title="bbox 141 1519 1183 1602; baseline -0.002 -20"><span class='ocrx_word' id='word_1_125' title='bbox 141 1525 255 1600; x_wconf 89' lang='lat' dir='ltr'>incipio,</span> <span class='ocrx_word' id='word_1_126' title='bbox 277 1522 398 1597; x_wconf 86' lang='lat' dir='ltr'>qualiter</span> <span class='ocrx_word' id='word_1_127' title='bbox 410 1539 462 1598; x_wconf 91' lang='lat' dir='ltr'>pro</span> <span class='ocrx_word' id='word_1_128' title='bbox 484 1540 531 1581; x_wconf 93' lang='lat' dir='ltr'>me</span> <span class='ocrx_word' id='word_1_129' title='bbox 544 1523 606 1581; x_wconf 83' lang='lat' dir='ltr'>Dei·</span> <span class='ocrx_word' id='word_1_130' title='bbox 621 1522 696 1582; x_wconf 91' lang='lat' dir='ltr'>filius</span> <span class='ocrx_word' id='word_1_131' title='bbox 715 1525 752 1581; x_wconf 87' lang='lat' dir='ltr'>sit</span> <span class='ocrx_word' id='word_1_132' title='bbox 773 1523 809 1581; x_wconf 94' lang='lat' dir='ltr'>ab</span> <span class='ocrx_word' id='word_1_133' title='bbox 825 1522 928 1599; x_wconf 85' lang='lat' dir='ltr'>angelo</span> <span class='ocrx_word' id='word_1_134' title='bbox 942 1524 1093 1582; x_wconf 87' lang='lat' dir='ltr'>nunciatus</span> <span class='ocrx_word' id='word_1_135' title='bbox 1102 1519 1133 1602; x_wconf 80' lang='lat'>³),</span> <span class='ocrx_word' id='word_1_136' title='bbox 1154 1529 1183 1581; x_wconf 90' lang='lat' dir='ltr'>et</span> 
     </span>
     <span class='ocr_line' id='line_1_16' title="bbox 141 1609 1181 1686; baseline -0.001 -17"><span class='ocrx_word' id='word_1_137' title='bbox 141 1613 171 1669; x_wconf 93' lang='lat' dir='ltr'>in</span> <span class='ocrx_word' id='word_1_138' title='bbox 193 1617 275 1670; x_wconf 90' lang='lat' dir='ltr'>utero</span> <span class='ocrx_word' id='word_1_139' title='bbox 296 1609 422 1686; x_wconf 85' lang='lat' dir='ltr'>Virginis</span> <span class='ocrx_word' id='word_1_140' title='bbox 444 1609 479 1669; x_wconf 92' lang='lat' dir='ltr'>de</span> <span class='ocrx_word' id='word_1_141' title='bbox 494 1609 600 1685; x_wconf 85' lang='lat' dir='ltr'>Spiritu</span> <span class='ocrx_word' id='word_1_142' title='bbox 622 1616 721 1669; x_wconf 82' lang='lat' dir='ltr'>sancto</span> <span class='ocrx_word' id='word_1_143' title='bbox 744 1616 909 1685; x_wconf 88' lang='lat' dir='ltr'>conceptus,</span> <span class='ocrx_word' id='word_1_144' title='bbox 929 1615 1025 1668; x_wconf 87' lang='lat' dir='ltr'>mente</span> <span class='ocrx_word' id='word_1_145' title='bbox 1042 1615 1181 1682; x_wconf 81' lang='lat' dir='ltr'>retract03</span> 
     </span>
     <span class='ocr_line' id='line_1_17' title="bbox 142 1692 1181 1775; baseline -0.003 -18"><span class='ocrx_word' id='word_1_146' title='bbox 142 1699 241 1772; x_wconf 89' lang='lat' dir='ltr'>sicque</span> <span class='ocrx_word' id='word_1_147' title='bbox 263 1697 385 1772; x_wconf 92' lang='lat' dir='ltr'>primum</span> <span class='ocrx_word' id='word_1_148' title='bbox 406 1696 505 1755; x_wconf 85' lang='lat' dir='ltr'>lolium</span> <span class='ocrx_word' id='word_1_149' title='bbox 526 1703 616 1756; x_wconf 90' lang='lat' dir='ltr'>verto.</span> <span class='ocrx_word' id='word_1_150' title='bbox 658 1695 772 1756; x_wconf 88' lang='lat' dir='ltr'>Deinde</span> <span class='ocrx_word' id='word_1_151' title='bbox 789 1697 887 1771; x_wconf 86' lang='lat' dir='ltr'>cogito</span> <span class='ocrx_word' id='word_1_152' title='bbox 899 1692 937 1775; x_wconf 72' lang='lat'>⁴),</span> <span class='ocrx_word' id='word_1_153' title='bbox 960 1695 1106 1772; x_wconf 88' lang='lat' dir='ltr'>quomodo</span> <span class='ocrx_word' id='word_1_154' title='bbox 1127 1712 1181 1754; x_wconf 90' lang='lat' dir='ltr'>an-</span> 
     </span>
     <span class='ocr_line' id='line_1_18' title="bbox 141 1782 1181 1860; baseline -0.003 -18"><span class='ocrx_word' id='word_1_155' title='bbox 141 1783 213 1860; x_wconf 83' lang='lat' dir='ltr'>gelis</span> <span class='ocrx_word' id='word_1_156' title='bbox 236 1784 451 1843; x_wconf 83' lang='lat' dir='ltr'>concinentibus</span> <span class='ocrx_word' id='word_1_157' title='bbox 473 1785 510 1842; x_wconf 90' lang='lat' dir='ltr'>sit</span> <span class='ocrx_word' id='word_1_158' title='bbox 529 1791 630 1857; x_wconf 89' lang='lat' dir='ltr'>natus,</span> <span class='ocrx_word' id='word_1_159' title='bbox 660 1790 689 1842; x_wconf 92' lang='lat' dir='ltr'>et</span> <span class='ocrx_word' id='word_1_160' title='bbox 709 1784 812 1858; x_wconf 88' lang='lat' dir='ltr'>parmis</span> <span class='ocrx_word' id='word_1_161' title='bbox 834 1782 939 1841; x_wconf 87' lang='lat' dir='ltr'>vilibus</span> <span class='ocrx_word' id='word_1_162' title='bbox 960 1782 1121 1856; x_wconf 89' lang='lat' dir='ltr'>involutus,</span> <span class='ocrx_word' id='word_1_163' title='bbox 1153 1784 1181 1839; x_wconf 92' lang='lat' dir='ltr'>in</span> 
     </span>
     <span class='ocr_line' id='line_1_19' title="bbox 141 1868 1181 1946; baseline -0.004 -18"><span class='ocrx_word' id='word_1_164' title='bbox 141 1872 292 1946; x_wconf 89' lang='lat' dir='ltr'>praesepio</span> <span class='ocrx_word' id='word_1_165' title='bbox 315 1869 482 1945; x_wconf 60' lang='lat' dir='ltr'>reclinatum</span> <span class='ocrx_word' id='word_1_166' title='bbox 512 1876 541 1929; x_wconf 90' lang='lat' dir='ltr'>et</span> <span class='ocrx_word' id='word_1_167' title='bbox 562 1886 629 1929; x_wconf 91' lang='lat' dir='ltr'>ecce</span> <span class='ocrx_word' id='word_1_168' title='bbox 650 1869 808 1946; x_wconf 86' lang='lat' dir='ltr'>perlectum</span> <span class='ocrx_word' id='word_1_169' title='bbox 831 1875 874 1927; x_wconf 87' lang='lat' dir='ltr'>est</span> <span class='ocrx_word' id='word_1_170' title='bbox 895 1868 993 1928; x_wconf 87' lang='lat' dir='ltr'>lolium</span> <span class='ocrx_word' id='word_1_171' title='bbox 1016 1868 1181 1928; x_wconf 91' lang='lat' dir='ltr'>secundum.</span> 
     </span>
     <span class='ocr_line' id='line_1_20' title="bbox 141 1955 1182 2031; baseline -0.002 -15"><span class='ocrx_word' id='word_1_172' title='bbox 141 1957 177 2016; x_wconf 91' lang='lat' dir='ltr'>In</span> <span class='ocrx_word' id='word_1_173' title='bbox 198 1957 275 2016; x_wconf 91' lang='lat' dir='ltr'>hunc</span> <span class='ocrx_word' id='word_1_174' title='bbox 302 1955 419 2016; x_wconf 91' lang='lat' dir='ltr'>modum</span> <span class='ocrx_word' id='word_1_175' title='bbox 439 1962 599 2016; x_wconf 88' lang='lat' dir='ltr'>transcurro</span> <span class='ocrx_word' id='word_1_176' title='bbox 622 1957 878 2029; x_wconf 83' lang='lat' dir='ltr'>circumcisionem,</span> <span class='ocrx_word' id='word_1_177' title='bbox 899 1955 1055 2015; x_wconf 87' lang='lat' dir='ltr'>adventum</span> <span class='ocrx_word' id='word_1_178' title='bbox 1076 1955 1182 2031; x_wconf 85' lang='lat' dir='ltr'>Mago-</span> 
     </span>
     <span class='ocr_line' id='line_1_21' title="bbox 141 2039 1181 2124; baseline -0.003 -22"><span class='ocrx_word' id='word_1_179' title='bbox 141 2060 206 2103; x_wconf 89' lang='lat' dir='ltr'>rum</span> <span class='ocrx_word' id='word_1_180' title='bbox 219 2039 255 2124; x_wconf 65' lang='grc' dir='ltr'>Β),</span> <span class='ocrx_word' id='word_1_181' title='bbox 284 2043 458 2104; x_wconf 87' lang='lat' dir='ltr'>oblationem</span> <span class='ocrx_word' id='word_1_182' title='bbox 480 2046 540 2103; x_wconf 91' lang='lat' dir='ltr'>eius</span> <span class='ocrx_word' id='word_1_183' title='bbox 561 2043 734 2119; x_wconf 81' lang='lat' dir='ltr'>intemplo,</span> <span class='ocrx_word' id='word_1_184' title='bbox 763 2043 954 2117; x_wconf 84' lang='lat' dir='ltr'>baptismum,</span> <span class='ocrx_word' id='word_1_185' title='bbox 982 2048 1010 2100; x_wconf 92' lang='lat' dir='ltr'>et</span> <span class='ocrx_word' id='word_1_186' title='bbox 1030 2043 1181 2115; x_wconf 90' lang='lat' dir='ltr'>ieiunium,</span> 
     </span>
     <span class='ocr_line' id='line_1_22' title="bbox 141 2125 1181 2208; baseline -0.001 -19"><span class='ocrx_word' id='word_1_187' title='bbox 141 2125 322 2208; x_wconf 81' lang='lat' dir='ltr'>passionem,</span> <span class='ocrx_word' id='word_1_188' title='bbox 345 2135 373 2189; x_wconf 91' lang='lat' dir='ltr'>et</span> <span class='ocrx_word' id='word_1_189' title='bbox 394 2133 643 2204; x_wconf 88' lang='lat' dir='ltr'>resurrectionem,</span> <span class='ocrx_word' id='word_1_190' title='bbox 665 2131 875 2203; x_wconf 87' lang='lat' dir='ltr'>escensionem,</span> <span class='ocrx_word' id='word_1_191' title='bbox 897 2135 926 2190; x_wconf 88' lang='lat' dir='ltr'>et</span> <span class='ocrx_word' id='word_1_192' title='bbox 947 2130 1037 2188; x_wconf 88' lang='lat' dir='ltr'>sancti</span> <span class='ocrx_word' id='word_1_193' title='bbox 1059 2128 1181 2204; x_wconf 79' lang='lat' dir='ltr'>Spiritus</span> 
     </span>
     <span class='ocr_line' id='line_1_23' title="bbox 141 2213 1214 2300; baseline -0.004 -23"><span class='ocrx_word' id='word_1_194' title='bbox 141 2213 308 2292; x_wconf 84' lang='lat' dir='ltr'>adventum,</span> <span class='ocrx_word' id='word_1_195' title='bbox 331 2223 545 2292; x_wconf 82' lang='lat' dir='ltr'>extremumque</span> <span class='ocrx_word' id='word_1_196' title='bbox 561 2217 706 2276; x_wconf 88' lang='lat' dir='ltr'>iudicimn.</span> <span class='ocrx_word' id='word_1_197' title='bbox 749 2216 827 2274; x_wconf 83' lang='lat' dir='ltr'>Tabe</span> <span class='ocrx_word' id='word_1_198' title='bbox 850 2221 893 2275; x_wconf 86' lang='lat' dir='ltr'>est</span> <span class='ocrx_word' id='word_1_199' title='bbox 912 2217 997 2276; x_wconf 90' lang='lat' dir='ltr'>lectio</span> <span class='ocrx_word' id='word_1_200' title='bbox 1020 2232 1084 2274; x_wconf 86' lang='lat' dir='ltr'>mea</span> <span class='ocrx_word' id='word_1_201' title='bbox 1106 2231 1181 2291; x_wconf 91' lang='lat' dir='ltr'>quo·</span> <span class='ocrx_word' id='word_1_202' title='bbox 1211 2287 1214 2300; x_wconf 27' lang='grc' dir='ltr'>ἱ</span> 
     </span>
     <span class='ocr_line' id='line_1_24' title="bbox 140 2301 1181 2380; baseline -0.002 -17"><span class='ocrx_word' id='word_1_203' title='bbox 140 2303 258 2380; x_wconf 88' lang='lat' dir='ltr'>tidiana,</span> <span class='ocrx_word' id='word_1_204' title='bbox 281 2306 361 2364; x_wconf 89' lang='lat' dir='ltr'>cuius</span> <span class='ocrx_word' id='word_1_205' title='bbox 375 2303 447 2378; x_wconf 89' lang='lat' dir='ltr'>finis,</span> <span class='ocrx_word' id='word_1_206' title='bbox 469 2304 532 2363; x_wconf 91' lang='lat' dir='ltr'>finis</span> <span class='ocrx_word' id='word_1_207' title='bbox 555 2310 598 2364; x_wconf 91' lang='lat' dir='ltr'>est</span> <span class='ocrx_word' id='word_1_208' title='bbox 612 2303 739 2379; x_wconf 78' lang='lat' dir='ltr'>prandii</span> <span class='ocrx_word' id='word_1_209' title='bbox 776 2301 862 2380; x_wconf 83' lang='lat' dir='ltr'>Quod</span> <span class='ocrx_word' id='word_1_210' title='bbox 883 2305 912 2361; x_wconf 91' lang='lat' dir='ltr'>in</span> <span class='ocrx_word' id='word_1_211' title='bbox 934 2302 1070 2363; x_wconf 88' lang='lat' dir='ltr'>talilibro</span> <span class='ocrx_word' id='word_1_212' title='bbox 1083 2319 1181 2362; x_wconf 87' lang='lat' dir='ltr'>eome-</span> 
     </span>
     <span class='ocr_line' id='line_1_25' title="bbox 141 2385 1181 2470; baseline -0.003 -20"><span class='ocrx_word' id='word_1_213' title='bbox 141 2391 213 2450; x_wconf 89' lang='lat' dir='ltr'>dens</span> <span class='ocrx_word' id='word_1_214' title='bbox 227 2390 337 2467; x_wconf 86' lang='lat' dir='ltr'>legerit,</span> <span class='ocrx_word' id='word_1_215' title='bbox 358 2391 536 2450; x_wconf 87' lang='lat' dir='ltr'>testabantur</span> <span class='ocrx_word' id='word_1_216' title='bbox 550 2391 685 2450; x_wconf 86' lang='lat' dir='ltr'>lacrimae</span> <span class='ocrx_word' id='word_1_217' title='bbox 708 2393 830 2465; x_wconf 90' lang='lat' dir='ltr'>quasin</span> <span class='ocrx_word' id='word_1_218' title='bbox 855 2407 954 2449; x_wconf 89' lang='lat' dir='ltr'>mensa</span> <span class='ocrx_word' id='word_1_219' title='bbox 968 2385 1078 2470; x_wconf 67' lang='lat' dir='ltr'>ludim).</span> <span class='ocrx_word' id='word_1_220' title='bbox 1110 2388 1181 2448; x_wconf 90' lang='lat' dir='ltr'>Plus</span> 
     </span>
     <span class='ocr_line' id='line_1_26' title="bbox 85 2475 1179 2553; baseline -0.004 -14"><span class='ocrx_word' id='word_1_221' title='bbox 85 2493 92 2502; x_wconf 82' lang='grc'><strong><em>·</em></strong></span> <span class='ocrx_word' id='word_1_222' title='bbox 139 2479 217 2539; x_wconf 87' lang='lat' dir='ltr'>enim</span> <span class='ocrx_word' id='word_1_223' title='bbox 239 2478 435 2537; x_wconf 83' lang='lat' dir='ltr'>delectabatur</span> <span class='ocrx_word' id='word_1_224' title='bbox 454 2479 484 2536; x_wconf 92' lang='lat' dir='ltr'>in</span> <span class='ocrx_word' id='word_1_225' title='bbox 505 2479 611 2537; x_wconf 89' lang='lat' dir='ltr'>sanctis</span> <span class='ocrx_word' id='word_1_226' title='bbox 632 2477 873 2552; x_wconf 84' lang='lat' dir='ltr'>meditationibus,</span> <span class='ocrx_word' id='word_1_227' title='bbox 898 2494 985 2552; x_wconf 87' lang='lat' dir='ltr'>quam</span> <span class='ocrx_word' id='word_1_228' title='bbox 1006 2480 1036 2535; x_wconf 94' lang='lat' dir='ltr'>in</span> <span class='ocrx_word' id='word_1_229' title='bbox 1049 2475 1179 2553; x_wconf 84' lang='lat' dir='ltr'>genufle-</span> 
     </span>
     <span class='ocr_line' id='line_1_27' title="bbox 139 2561 1181 2640; baseline -0.002 -17"><span class='ocrx_word' id='word_1_230' title='bbox 139 2566 289 2639; x_wconf 90' lang='lat' dir='ltr'>xionibus,</span> <span class='ocrx_word' id='word_1_231' title='bbox 320 2581 372 2640; x_wconf 89' lang='lat' dir='ltr'>per</span> <span class='ocrx_word' id='word_1_232' title='bbox 404 2581 476 2640; x_wconf 84' lang='lat' dir='ltr'>quas</span> <span class='ocrx_word' id='word_1_233' title='bbox 508 2567 622 2640; x_wconf 90' lang='lat' dir='ltr'>spiritus</span> <span class='ocrx_word' id='word_1_234' title='bbox 654 2564 872 2640; x_wconf 90' lang='lat' dir='ltr'>contemplantis</span> <span class='ocrx_word' id='word_1_235' title='bbox 903 2563 1063 2639; x_wconf 87' lang='lat' dir='ltr'>impeditur.</span> <span class='ocrx_word' id='word_1_236' title='bbox 1115 2561 1181 2622; x_wconf 90' lang='lat' dir='ltr'>Non</span> 
     </span>
     <span class='ocr_line' id='line_1_28' title="bbox 139 2646 1180 2727; baseline -0.003 -16"><span class='ocrx_word' id='word_1_237' title='bbox 139 2650 247 2711; x_wconf 86' lang='lat' dir='ltr'>multas</span> <span class='ocrx_word' id='word_1_238' title='bbox 268 2657 302 2710; x_wconf 93' lang='lat' dir='ltr'>ut</span> <span class='ocrx_word' id='word_1_239' title='bbox 321 2650 379 2709; x_wconf 88' lang='lat' dir='ltr'>dixi</span> <span class='ocrx_word' id='word_1_240' title='bbox 401 2653 429 2709; x_wconf 91' lang='lat' dir='ltr'>in</span> <span class='ocrx_word' id='word_1_241' title='bbox 450 2653 577 2711; x_wconf 87' lang='lat' dir='ltr'>oratione</span> <span class='ocrx_word' id='word_1_242' title='bbox 593 2654 691 2710; x_wconf 89' lang='lat' dir='ltr'>venias</span> <span class='ocrx_word' id='word_1_243' title='bbox 704 2654 813 2726; x_wconf 85' lang='lat' dir='ltr'>petivit,</span> <span class='ocrx_word' id='word_1_244' title='bbox 831 2650 882 2710; x_wconf 89' lang='lat' dir='ltr'>sed</span> <span class='ocrx_word' id='word_1_245' title='bbox 897 2658 983 2726; x_wconf 87' lang='lat' dir='ltr'>stans,</span> <span class='ocrx_word' id='word_1_246' title='bbox 1005 2650 1052 2710; x_wconf 87' lang='lat' dir='ltr'>vel</span> <span class='ocrx_word' id='word_1_247' title='bbox 1066 2646 1180 2727; x_wconf 65' lang='lat' dir='ltr'>superi)</span> 
     </span>
     <span class='ocr_line' id='line_1_29' title="bbox 138 2736 1181 2816; baseline -0.003 -19"><span class='ocrx_word' id='word_1_248' title='bbox 138 2755 236 2816; x_wconf 81' lang='lat' dir='ltr'>genua</span> <span class='ocrx_word' id='word_1_249' title='bbox 248 2740 344 2798; x_wconf 90' lang='lat' dir='ltr'>iacens</span> <span class='ocrx_word' id='word_1_250' title='bbox 366 2744 460 2798; x_wconf 87' lang='lat' dir='ltr'>erecto</span> <span class='ocrx_word' id='word_1_251' title='bbox 488 2738 568 2797; x_wconf 89' lang='lat' dir='ltr'>vulto</span> <span class='ocrx_word' id='word_1_252' title='bbox 583 2737 678 2798; x_wconf 87' lang='lat' dir='ltr'>coelos</span> <span class='ocrx_word' id='word_1_253' title='bbox 691 2740 831 2814; x_wconf 89' lang='lat' dir='ltr'>respicere</span> <span class='ocrx_word' id='word_1_254' title='bbox 846 2740 1002 2797; x_wconf 72' lang='lat' dir='ltr'>consuerit</span> <span class='ocrx_word' id='word_1_255' title='bbox 1024 2769 1065 2780; x_wconf 90' lang='grc'>-</span> <span class='ocrx_word' id='word_1_256' title='bbox 1087 2736 1181 2795; x_wconf 88' lang='lat' dir='ltr'>Ante-</span> 
     </span>
     <span class='ocr_line' id='line_1_30' title="bbox 139 2823 1180 2901; baseline -0.003 -18"><span class='ocrx_word' id='word_1_257' title='bbox 139 2843 229 2901; x_wconf 87' lang='lat' dir='ltr'>quam</span> <span class='ocrx_word' id='word_1_258' title='bbox 251 2825 333 2884; x_wconf 90' lang='lat' dir='ltr'>Deus</span> <span class='ocrx_word' id='word_1_259' title='bbox 360 2843 426 2885; x_wconf 88' lang='lat' dir='ltr'>eum</span> <span class='ocrx_word' id='word_1_260' title='bbox 455 2830 572 2884; x_wconf 85' lang='lat' dir='ltr'>vocaret</span> <span class='ocrx_word' id='word_1_261' title='bbox 601 2825 636 2883; x_wconf 92' lang='lat' dir='ltr'>de</span> <span class='ocrx_word' id='word_1_262' title='bbox 664 2825 720 2884; x_wconf 90' lang='lat' dir='ltr'>boc</span> <span class='ocrx_word' id='word_1_263' title='bbox 748 2824 869 2900; x_wconf 94' lang='lat' dir='ltr'>mundo,</span> <span class='ocrx_word' id='word_1_264' title='bbox 899 2824 1013 2884; x_wconf 88' lang='lat' dir='ltr'>cuidam</span> <span class='ocrx_word' id='word_1_265' title='bbox 1038 2823 1180 2882; x_wconf 88' lang='lat' dir='ltr'>monacho</span> 
     </span>
     <span class='ocr_line' id='line_1_31' title="bbox 138 2910 1180 2987; baseline -0.003 -16"><span class='ocrx_word' id='word_1_266' title='bbox 138 2911 260 2971; x_wconf 86' lang='lat' dir='ltr'>mirifica</span> <span class='ocrx_word' id='word_1_267' title='bbox 281 2911 423 2987; x_wconf 88' lang='lat' dir='ltr'>quaedam</span> <span class='ocrx_word' id='word_1_268' title='bbox 437 2913 509 2970; x_wconf 88' lang='lat' dir='ltr'>visio</span> <span class='ocrx_word' id='word_1_269' title='bbox 527 2910 656 2970; x_wconf 88' lang='lat' dir='ltr'>revelata</span> <span class='ocrx_word' id='word_1_270' title='bbox 669 2919 713 2970; x_wconf 88' lang='lat' dir='ltr'>est</span> <span class='ocrx_word' id='word_1_271' title='bbox 729 2911 764 2970; x_wconf 93' lang='lat' dir='ltr'>de</span> <span class='ocrx_word' id='word_1_272' title='bbox 780 2911 837 2970; x_wconf 89' lang='lat' dir='ltr'>illo.</span> <span class='ocrx_word' id='word_1_273' title='bbox 873 2910 1021 2971; x_wconf 86' lang='lat' dir='ltr'>Existente</span> <span class='ocrx_word' id='word_1_274' title='bbox 1034 2928 1068 2971; x_wconf 89' lang='lat' dir='ltr'>eo</span> <span class='ocrx_word' id='word_1_275' title='bbox 1082 2912 1112 2968; x_wconf 93' lang='lat' dir='ltr'>in</span> <span class='ocrx_word' id='word_1_276' title='bbox 1125 2910 1180 2969; x_wconf 86' lang='lat' dir='ltr'>Vi-</span> 
     </span>
     <span class='ocr_line' id='line_1_32' title="bbox 137 2995 1179 3077; baseline -0.004 -19"><span class='ocrx_word' id='word_1_277' title='bbox 137 2995 234 3077; x_wconf 79' lang='lat' dir='ltr'>lari⁸),</span> <span class='ocrx_word' id='word_1_278' title='bbox 257 3013 332 3074; x_wconf 85' lang='lat' dir='ltr'>quae</span> <span class='ocrx_word' id='word_1_279' title='bbox 355 2998 457 3058; x_wconf 88' lang='lat' dir='ltr'>domus</span> <span class='ocrx_word' id='word_1_280' title='bbox 480 3003 523 3057; x_wconf 89' lang='lat' dir='ltr'>est</span> <span class='ocrx_word' id='word_1_281' title='bbox 544 2995 650 3057; x_wconf 89' lang='lat' dir='ltr'>ordinis</span> <span class='ocrx_word' id='word_1_282' title='bbox 673 2997 880 3073; x_wconf 75' lang='lat' dir='ltr'>cisterciensis,</span> <span class='ocrx_word' id='word_1_283' title='bbox 902 3015 967 3056; x_wconf 92' lang='lat' dir='ltr'>cum</span> <span class='ocrx_word' id='word_1_284' title='bbox 989 2997 1105 3057; x_wconf 88' lang='lat' dir='ltr'>Abbate</span> <span class='ocrx_word' id='word_1_285' title='bbox 1127 3013 1179 3055; x_wconf 90' lang='lat' dir='ltr'>suo</span> 
     </span>
     <span class='ocr_line' id='line_1_33' title="bbox 138 3085 1180 3160; baseline -0.002 -16"><span class='ocrx_word' id='word_1_286' title='bbox 138 3085 256 3144; x_wconf 89' lang='lat' dir='ltr'>domino</span> <span class='ocrx_word' id='word_1_287' title='bbox 273 3085 439 3160; x_wconf 86' lang='lat' dir='ltr'>Eustachio,</span> <span class='ocrx_word' id='word_1_288' title='bbox 461 3103 528 3145; x_wconf 92' lang='lat' dir='ltr'>cum</span> <span class='ocrx_word' id='word_1_289' title='bbox 550 3085 610 3144; x_wconf 87' lang='lat' dir='ltr'>dies</span> <span class='ocrx_word' id='word_1_290' title='bbox 625 3090 700 3144; x_wconf 90' lang='lat' dir='ltr'>esset</span> <span class='ocrx_word' id='word_1_291' title='bbox 713 3085 873 3160; x_wconf 89' lang='lat' dir='ltr'>Dominica,</span> <span class='ocrx_word' id='word_1_292' title='bbox 894 3091 987 3144; x_wconf 88' lang='lat' dir='ltr'>totum</span> <span class='ocrx_word' id='word_1_293' title='bbox 1008 3089 1180 3143; x_wconf 87' lang='lat' dir='ltr'>conventum</span> 
     </span>
     <span class='ocr_line' id='line_1_34' title="bbox 136 3170 1213 3248; baseline -0.004 -16"><span class='ocrx_word' id='word_1_294' title='bbox 136 3171 217 3232; x_wconf 90' lang='lat' dir='ltr'>idem</span> <span class='ocrx_word' id='word_1_295' title='bbox 238 3172 341 3231; x_wconf 87' lang='lat' dir='ltr'>Abbas</span> <span class='ocrx_word' id='word_1_296' title='bbox 362 3178 429 3248; x_wconf 86' lang='lat' dir='ltr'>post</span> <span class='ocrx_word' id='word_1_297' title='bbox 450 3189 569 3231; x_wconf 86' lang='lat' dir='ltr'>coenem</span> <span class='ocrx_word' id='word_1_298' title='bbox 592 3174 745 3232; x_wconf 85' lang='lat' dir='ltr'>convocari</span> <span class='ocrx_word' id='word_1_299' title='bbox 765 3172 839 3230; x_wconf 88' lang='lat' dir='ltr'>fecit.</span> <span class='ocrx_word' id='word_1_300' title='bbox 879 3171 965 3248; x_wconf 83' lang='lat' dir='ltr'>Quod</span> <span class='ocrx_word' id='word_1_301' title='bbox 987 3170 1180 3231; x_wconf 82' lang='lat' dir='ltr'>comisatum</span> <span class='ocrx_word' id='word_1_302' title='bbox 1210 3229 1213 3238; x_wconf 16' lang='grc' dir='ltr'><em>κ</em></span> 
     </span>
     <span class='ocr_line' id='line_1_35' title="bbox 136 3257 1180 3335; baseline -0.004 -16"><span class='ocrx_word' id='word_1_303' title='bbox 136 3259 254 3332; x_wconf 83' lang='lat' dir='ltr'>fuisset,</span> <span class='ocrx_word' id='word_1_304' title='bbox 297 3263 326 3318; x_wconf 88' lang='lat' dir='ltr'>et</span> <span class='ocrx_word' id='word_1_305' title='bbox 359 3261 421 3335; x_wconf 92' lang='lat' dir='ltr'>ipse</span> <span class='ocrx_word' id='word_1_306' title='bbox 462 3258 583 3318; x_wconf 85' lang='lat' dir='ltr'>diceret:</span> <span class='ocrx_word' id='word_1_307' title='bbox 621 3258 731 3318; x_wconf 84' lang='lat' dir='ltr'>Suntne</span> <span class='ocrx_word' id='word_1_308' title='bbox 762 3257 862 3316; x_wconf 87' lang='lat' dir='ltr'>fratres</span> <span class='ocrx_word' id='word_1_309' title='bbox 894 3259 983 3317; x_wconf 89' lang='lat' dir='ltr'>nostri</span> <span class='ocrx_word' id='word_1_310' title='bbox 1015 3257 1101 3316; x_wconf 92' lang='lat' dir='ltr'>modo</span> <span class='ocrx_word' id='word_1_311' title='bbox 1133 3257 1180 3315; x_wconf 91' lang='lat' dir='ltr'>hic</span> 
     </span>
     <span class='ocr_line' id='line_1_36' title="bbox 136 3343 1180 3421; baseline -0.005 -14"><span class='ocrx_word' id='word_1_312' title='bbox 136 3344 262 3408; x_wconf 76' lang='lat' dir='ltr'>omnes?</span> <span class='ocrx_word' id='word_1_313' title='bbox 278 3362 447 3421; x_wconf 88' lang='lat' dir='ltr'>responsum</span> <span class='ocrx_word' id='word_1_314' title='bbox 462 3352 505 3404; x_wconf 90' lang='lat' dir='ltr'>est</span> <span class='ocrx_word' id='word_1_315' title='bbox 518 3347 559 3404; x_wconf 86' lang='lat' dir='ltr'>ei:</span> <span class='ocrx_word' id='word_1_316' title='bbox 574 3343 682 3404; x_wconf 87' lang='lat' dir='ltr'>Omnes</span> <span class='ocrx_word' id='word_1_317' title='bbox 696 3344 818 3419; x_wconf 84' lang='lat' dir='ltr'>domine,</span> <span class='ocrx_word' id='word_1_318' title='bbox 832 3347 958 3420; x_wconf 86' lang='lat' dir='ltr'>exceptis</span> <span class='ocrx_word' id='word_1_319' title='bbox 971 3344 1085 3404; x_wconf 89' lang='lat' dir='ltr'>duobus</span> <span class='ocrx_word' id='word_1_320' title='bbox 1096 3346 1180 3404; x_wconf 88' lang='lat' dir='ltr'>iuve-</span> 
     </span>
    </p>
   </div>
   <div class='ocr_carea' id='block_1_3' title="bbox 156 3477 1180 3914">
    <p class='ocr_par' dir='ltr' id='par_1_3' title="bbox 156 3477 1180 3914">
     <span class='ocr_line' id='line_1_37' title="bbox 156 3477 1180 3568; baseline -0.002 -18"><span class='ocrx_word' id='word_1_321' title='bbox 156 3477 188 3568; x_wconf 75' lang='lat' dir='ltr'>s)</span> <span class='ocrx_word' id='word_1_322' title='bbox 207 3495 228 3550; x_wconf 89' lang='lat' dir='ltr'><strong>B</strong></span> <span class='ocrx_word' id='word_1_323' title='bbox 247 3496 424 3549; x_wconf 89' lang='lat' dir='ltr'>concordes</span> <span class='ocrx_word' id='word_1_324' title='bbox 442 3497 596 3548; x_wconf 83' lang='lat' dir='ltr'>iaciebat.</span> <span class='ocrx_word' id='word_1_325' title='bbox 616 3526 645 3536; x_wconf 92' lang='lat'>-</span> <span class='ocrx_word' id='word_1_326' title='bbox 666 3497 699 3562; x_wconf 88' lang='lat'>2)</span> <span class='ocrx_word' id='word_1_327' title='bbox 717 3495 736 3548; x_wconf 91' lang='lat' dir='ltr'>B</span> <span class='ocrx_word' id='word_1_328' title='bbox 754 3511 814 3548; x_wconf 87' lang='lat' dir='ltr'>una</span> <span class='ocrx_word' id='word_1_329' title='bbox 831 3499 959 3548; x_wconf 81' lang='lat' dir='ltr'>vice-</span> <span class='ocrx_word' id='word_1_330' title='bbox 973 3495 1005 3563; x_wconf 83' lang='lat'>3)</span> <span class='ocrx_word' id='word_1_331' title='bbox 1023 3495 1042 3547; x_wconf 91' lang='lat' dir='ltr'>B</span> <span class='ocrx_word' id='word_1_332' title='bbox 1061 3511 1180 3548; x_wconf 88' lang='lat' dir='ltr'>annuu-</span> 
     </span>
     <span class='ocr_line' id='line_1_38' title="bbox 209 3565 1178 3636; baseline -0.001 -19"><span class='ocrx_word' id='word_1_333' title='bbox 209 3568 321 3618; x_wconf 82' lang='lat' dir='ltr'>ciutus.</span> <span class='ocrx_word' id='word_1_334' title='bbox 342 3596 371 3606; x_wconf 94' lang='lat'><em>-</em></span> <span class='ocrx_word' id='word_1_335' title='bbox 392 3567 424 3635; x_wconf 83' lang='lat' dir='ltr'>l)</span> <span class='ocrx_word' id='word_1_336' title='bbox 443 3566 462 3619; x_wconf 87' lang='lat' dir='ltr'><strong>G</strong></span> <span class='ocrx_word' id='word_1_337' title='bbox 480 3569 589 3636; x_wconf 83' lang='lat' dir='ltr'>cogito</span> <span class='ocrx_word' id='word_1_338' title='bbox 607 3582 649 3618; x_wconf 91' lang='lat' dir='ltr'>om</span> <span class='ocrx_word' id='word_1_339' title='bbox 667 3565 694 3618; x_wconf 81' lang='lat' dir='ltr'>O.</span> <span class='ocrx_word' id='word_1_340' title='bbox 709 3595 739 3605; x_wconf 94' lang='lat'><em>-</em></span> <span class='ocrx_word' id='word_1_341' title='bbox 754 3565 785 3632; x_wconf 84' lang='lat'>5)</span> <span class='ocrx_word' id='word_1_342' title='bbox 804 3565 824 3618; x_wconf 83' lang='lat' dir='ltr'>l)</span> <span class='ocrx_word' id='word_1_343' title='bbox 842 3567 937 3618; x_wconf 88' lang='lat' dir='ltr'>trium</span> <span class='ocrx_word' id='word_1_344' title='bbox 956 3565 1127 3633; x_wconf 78' lang='lat' dir='ltr'>Magorum.</span> <span class='ocrx_word' id='word_1_345' title='bbox 1147 3595 1178 3605; x_wconf 89' lang='lat'><em>-</em></span> 
     </span>
     <span class='ocr_line' id='line_1_39' title="bbox 209 3633 1179 3703; baseline -0.004 -13"><span class='ocrx_word' id='word_1_346' title='bbox 209 3637 241 3702; x_wconf 84' lang='lat'>6)</span> <span class='ocrx_word' id='word_1_347' title='bbox 260 3635 279 3688; x_wconf 90' lang='lat' dir='ltr'>B</span> <span class='ocrx_word' id='word_1_348' title='bbox 302 3636 456 3688; x_wconf 84' lang='lat' dir='ltr'>lacrimae</span> <span class='ocrx_word' id='word_1_349' title='bbox 481 3637 601 3688; x_wconf 88' lang='lat' dir='ltr'>eius-</span> <span class='ocrx_word' id='word_1_350' title='bbox 625 3633 784 3702; x_wconf 85' lang='lat' dir='ltr'>proludit.</span> <span class='ocrx_word' id='word_1_351' title='bbox 806 3635 888 3703; x_wconf 83' lang='lat'><strong>-·7)</strong></span> <span class='ocrx_word' id='word_1_352' title='bbox 910 3634 949 3688; x_wconf 80' lang='grc' dir='ltr'>ΟΡ</span> <span class='ocrx_word' id='word_1_353' title='bbox 972 3650 1077 3701; x_wconf 86' lang='lat' dir='ltr'>supra.</span> <span class='ocrx_word' id='word_1_354' title='bbox 1097 3663 1127 3672; x_wconf 93' lang='lat'><em>-</em></span> <span class='ocrx_word' id='word_1_355' title='bbox 1147 3635 1179 3701; x_wconf 87' lang='grc'>8)</span> 
     </span>
     <span class='ocr_line' id='line_1_40' title="bbox 208 3702 1179 3771; baseline -0.005 -12"><span class='ocrx_word' id='word_1_356' title='bbox 208 3704 294 3759; x_wconf 82' lang='grc' dir='ltr'>ΑΒῦΡ</span> <span class='ocrx_word' id='word_1_357' title='bbox 312 3721 349 3756; x_wconf 91' lang='lat' dir='ltr'>eo</span> <span class='ocrx_word' id='word_1_358' title='bbox 368 3705 475 3757; x_wconf 87' lang='lat' dir='ltr'>Wilre.</span> <span class='ocrx_word' id='word_1_359' title='bbox 511 3704 599 3758; x_wconf 81' lang='lat' dir='ltr'>Homil.</span> <span class='ocrx_word' id='word_1_360' title='bbox 618 3705 636 3756; x_wconf 93' lang='lat' dir='ltr'>l.</span> <span class='ocrx_word' id='word_1_361' title='bbox 655 3721 680 3771; x_wconf 92' lang='lat' dir='ltr'>p.</span> <span class='ocrx_word' id='word_1_362' title='bbox 700 3704 761 3755; x_wconf 78' lang='lat'><strong>137:</strong></span> <span class='ocrx_word' id='word_1_363' title='bbox 782 3704 824 3768; x_wconf 89' lang='lat' dir='ltr'>„ln</span> <span class='ocrx_word' id='word_1_364' title='bbox 836 3704 922 3756; x_wconf 86' lang='lat' dir='ltr'>Wiluri</span> <span class='ocrx_word' id='word_1_365' title='bbox 940 3702 1014 3755; x_wconf 90' lang='lat' dir='ltr'>domo</span> <span class='ocrx_word' id='word_1_366' title='bbox 1027 3704 1179 3756; x_wconf 85' lang='lat' dir='ltr'>Cistercicn-</span> 
     </span>
     <span class='ocr_line' id='line_1_41' title="bbox 208 3768 1180 3843; baseline -0.003 -17"><span class='ocrx_word' id='word_1_367' title='bbox 208 3777 243 3826; x_wconf 87' lang='lat' dir='ltr'>sis</span> <span class='ocrx_word' id='word_1_368' title='bbox 255 3768 374 3826; x_wconf 61' lang='lat' dir='ltr'>ordines</span> <span class='ocrx_word' id='word_1_369' title='bbox 402 3773 521 3843; x_wconf 84' lang='lat' dir='ltr'>Intelligit</span> <span class='ocrx_word' id='word_1_370' title='bbox 533 3783 629 3835; x_wconf 85' lang='lat' dir='ltr'>auctor,</span> <span class='ocrx_word' id='word_1_371' title='bbox 639 3776 667 3825; x_wconf 89' lang='lat' dir='ltr'>n&#39;t</span> <span class='ocrx_word' id='word_1_372' title='bbox 679 3782 750 3840; x_wconf 87' lang='lat' dir='ltr'>puto,</span> <span class='ocrx_word' id='word_1_373' title='bbox 760 3773 853 3838; x_wconf 84' lang='lat' dir='ltr'>Vilure,</span> <span class='ocrx_word' id='word_1_374' title='bbox 870 3771 1180 3836; x_wconf 81' lang='lat' dir='ltr'>villiers-Betnucb,</span> 
     </span>
     <span class='ocr_line' id='line_1_42' title="bbox 208 3842 1045 3914; baseline -0.002 -18"><span class='ocrx_word' id='word_1_375' title='bbox 208 3844 335 3897; x_wconf 79' lang='lat' dir='ltr'>abbatiam</span> <span class='ocrx_word' id='word_1_376' title='bbox 353 3853 461 3914; x_wconf 86' lang='lat' dir='ltr'>quatuor</span> <span class='ocrx_word' id='word_1_377' title='bbox 478 3845 532 3898; x_wconf 82' lang='lat' dir='ltr'>lere</span> <span class='ocrx_word' id='word_1_378' title='bbox 549 3843 658 3898; x_wconf 87' lang='lat' dir='ltr'>millibus</span> <span class='ocrx_word' id='word_1_379' title='bbox 676 3843 708 3896; x_wconf 85' lang='lat' dir='ltr'>ab</span> <span class='ocrx_word' id='word_1_380' title='bbox 727 3843 788 3895; x_wconf 89' lang='lat' dir='ltr'>urbe</span> <span class='ocrx_word' id='word_1_381' title='bbox 806 3843 871 3897; x_wconf 86' lang='lat' dir='ltr'>llletz</span> <span class='ocrx_word' id='word_1_382' title='bbox 889 3842 1045 3894; x_wconf 85' lang='lat' dir='ltr'>disiunctarn.</span> 
     </span>
    </p>
   </div>
   <div class='ocr_carea' id='block_1_4' title="bbox 0 0 1336 4308">
    <p class='ocr_par' dir='ltr' id='par_1_4' title="bbox 0 0 1336 4308">
     <span class='ocr_line' id='line_1_43' title="bbox 0 0 1336 4308; baseline 0 1"><span class='ocrx_word' id='word_1_383' title='bbox 0 0 1336 4308; x_wconf 95' lang='lat' dir='ltr'> </span> 
     </span>
    </p>
   </div>
  </div>
 </body>
</html>
