2628 4310
353 241 408 306 Du
428 241 611 307 PRAEMIO
632 243 898 308 MOR'I'UORUM.
1078 245 1141 306 829

434 429 668 494 cmrnuuuu
688 427 813 513 nuru)

125 551 174 612 De
194 551 352 614 Bouwuro
374 557 428 630 qui
446 561 514 630 post
534 559 659 613 mortem
680 557 771 614 uxori
792 569 949 630 uppem
971 553 1050 616 dicit
1067 553 1121 615 sibi

203 639 210 644 “
389 642 584 719 eleemoeyrurs
604 642 678 699 nuit
693 641 853 717 profuisse.

171 760 241 821 Non
260 760 343 822 multi
364 763 430 820 anni
452 769 519 822 sunt
541 759 630 838 clepsi
652 763 730 838 quod
759 761 877 838 quidam
905 761 1059 821 ditissimus
1085 765 1141 822 mi-
1200 818 1206 830 ,

104 849 254 908 nisterialis
282 849 373 908 Ducis
401 849 573 908 Bauwariae
602 849 752 908 defunctus
788 854 840 909 est.
889 847 982 908 Nocte
1018 848 1143 924 quadam

105 941 233 996 castrum
254 937 284 996 in
306 952 363 1012 quo
385 952 458 994 uxor
480 939 540 994 eius
570 935 744 1012 dormiebat,
765 937 806 995 sic
828 951 1000 994 concussum
1025 942 1083 1014 cst,
1109 944 1143 995 ut

105 1026 293 1082 terraemotus
314 1022 401 1084 fuisse
422 1021 576 1082 videretur.
618 1021 657 1082 Et
678 1039 745 1082 ecce
768 1023 841 1082 ostio
871 1038 1001 1081 camerae
1026 1024 1056 1080 in
1085 1040 1143 1099 qua

100 1107 150 1168 illa
170 1109 286 1169 iacebat
314 1113 430 1186 aperto,
459 1109 583 1186 quodam
612 1112 729 1186 gigante
751 1111 902 1186 nigerrimo
931 1126 998 1168 eum
1018 1109 1143 1184 scapulis

102 1195 280 1274 impellente,
309 1197 426 1255 maritus
455 1199 516 1256 eius
544 1198 690 1274 ingressus
711 1201 763 1255 est.
815 1195 909 1272 Quem
930 1213 996 1255 cum
1023 1196 1143 1255 vidisset

105 1287 134 1344 et
155 1285 291 1356 novisset,
313 1281 396 1341 adse
417 1281 497 1342 illum
510 1300 626 1358 vocans,
648 1300 734 1358 super
755 1281 844 1344 sedile
865 1281 932 1343 lecti
953 1283 997 1341 sui
1019 1281 1142 1343 residere

101 1368 177 1428 fecit.
219 1367 296 1428 Nihil
316 1386 386 1428 vero
408 1372 521 1446 territa,
550 1386 584 1428 eo
608 1369 686 1447 quod
713 1369 802 1446 frigus
829 1376 919 1445 esset,
948 1376 977 1428 ct
1004 1368 1053 1428 illa
1080 1369 1143 1430 sola

103 1457 221 1517 camisia
249 1455 349 1515 induta
377 1455 492 1531 luisset,
519 1462 632 1533 partem
661 1457 829 1532 operimenti
853 1459 900 1516 sui
928 1456 1054 1532 scapulis
1081 1459 1143 1516 eius

102 1544 294 1620 superposuit.
344 1541 438 1620 Quem
465 1559 531 1601 cum
560 1542 595 1602 dc
625 1547 703 1602 statu
731 1559 784 1602 suo
811 1545 1027 1620 interrogasset,
1055 1545 1142 1602 tristis

102 1627 265 1706 respondit:
287 1627 392 1688 Poenis
414 1631 537 1688 aeternis
560 1627 714 1705 deputatus
736 1647 809 1688 sum.
851 1629 900 1690 Ad
922 1628 1000 1704 quod
1022 1631 1143 1690 verbum

102 1715 152 1775 illa
175 1717 275 1774 territa
295 1716 394 1790 nimis,
422 1715 582 1792 respondit:
606 1715 683 1794 Quid
704 1721 748 1774 est
769 1716 847 1791 quod
877 1715 990 1776 dicitis?
1039 1715 1143 1776 Nonne

102 1802 301 1879 eleemosynas
336 1819 457 1879 magnas
490 1801 617 1861 lecistis?
677 1800 790 1861 Ostium
824 1809 952 1862 vestrum
987 1805 1143 1882 peregrinis

106 1889 239 1950 omnibus
256 1883 393 1968 patuit¹);
416 1906 473 1948 non
494 1893 614 1966 prosunt
633 1889 715 1948 vobis
736 1887 876 1947 beneficia
896 1887 973 1948 istai
1007 1889 1143 1968 Respon·
1197 1921 1200 1926 ·

102 1975 145 2038 dit
164 1976 228 2035 ille:
262 1973 339 2034 Nihil
361 1974 430 2033 mihi
451 1981 571 2051 prosunt
591 1975 629 2034 ad
650 1976 740 2034 vitam
760 1981 922 2050 aeternam,
944 1991 978 2034 eo
1007 1976 1085 2052 quod
1107 1994 1142 2036 ex

101 2079 179 2123 vana
200 2063 292 2140 gloria
312 2079 371 2121 non
393 2063 568 2120 excantata
590 2079 609 2120 a
630 2079 676 2120 me
696 2060 774 2120 lacta
794 2063 858 2120 sint.
902 2060 995 2138 Quem
1017 2079 1083 2122 eum
1105 2063 1141 2122 de

100 2148 164 2209 aliis
185 2150 359 2224 interrogare
380 2147 482 2222 vellet,
503 2150 605 2207 iterum
627 2147 787 2224 respondit:
810 2146 986 2207 Concessum
1008 2154 1052 2208 est
1071 2149 1141 2208 milri

101 2235 153 2294 tibi
175 2251 329 2310 apparere,
357 2233 487 2293 sednon
512 2234 579 2293 licet
605 2234 653 2294 hic
681 2236 794 2294 morari.
836 2233 913 2294 Ecce
936 2234 1038 2296 ductor
1059 2253 1140 2296 meus

101 2319 233 2380 diabolus
254 2320 321 2379 loris
350 2327 408 2381 stat
437 2327 607 2396 exspectans
635 2338 691 2380 me.
734 2319 765 2382 Si
787 2323 861 2381 enim
884 2323 979 2382 omnia
1002 2321 1071 2382 lolia
1091 2341 1140 2383 ar-

98 2408 203 2467 borum
224 2413 402 2467 verterentur
423 2410 451 2466 in
473 2407 601 2484 linguas,
637 2413 779 2467 tormenta
805 2425 871 2468 mea
898 2412 1055 2486 exprimere
1081 2428 1140 2470 non

97 2502 226 2574 possent
269 2494 341 2554 Post
361 2493 434 2555 haec
464 2502 601 2555 evocatus
630 2502 660 2555 et
687 2495 841 2574 impulsus,
869 2496 898 2554 in
927 2498 988 2560 eius
1016 2497 1140 2558 abcessu

97 2589 190 2644 totum
213 2588 338 2642 castrum
360 2587 391 2640 ut
411 2583 489 2660 prius
512 2584 681 2656 concutitur,
701 2599 790 2642 voces
812 2581 932 2643 eiulatus
955 2586 1015 2642 eius
1034 2583 1139 2646 diutius

96 2669 261 2732 audiuntur.
303 2669 384 2730 Visio
406 2669 479 2729 haee
502 2668 587 2729 valde
605 2668 724 2729 celebris
744 2669 798 2728 luit
819 2675 848 2730 et
870 2675 913 2729 est
933 2671 963 2728 in
978 2669 1139 2747 Bauwaria,

97 2759 172 2818 sicut
193 2758 274 2816 testis
297 2761 358 2815 erat
380 2755 526 2816 Gererdus
548 2756 706 2816 monachus
727 2762 836 2836 noster,
853 2757 1027 2832 quandoque
1048 2775 1138 2818 cano-

96 2846 179 2904 nicus
200 2841 435 2917 Ratlsbonensis,
465 2844 513 2920 qui
535 2843 618 2902 nobis
637 2842 718 2902 illam
743 2845 882 2903 recitavit.
931 2843 1008 2903 Ecce
1036 2845 1065 2904 in
1093 2845 1138 2906 his

97 2931 231 2992 omnibus
263 2945 338 3004 quae
368 2928 444 2990 dicta
470 2935 539 2988 sunt
566 2928 684 3006 impleta
711 2935 756 2990 est
783 2931 923 3010 scriptura
952 2948 1025 3007 quae
1055 2931 1137 2991 dicit:

96 3017 238 3076 Potentes
256 3021 393 3092 potenter
416 3021 563 3074 tormenta
581 3011 777 3090 potientur²).
822 3013 1026 3078 NOVICIUS:
1054 3017 1138 3078 Haec

96 3110 127 3168 et
154 3102 317 3161 huiusmodi
339 3101 475 3182 ‚smmpto
500 3103 664 3180 potentibus
692 3100 830 3161 deberent
850 3101 1017 3179 praedicari.
1059 3103 1137 3166 ΜΟ-

95 3187 272 3252 NACHUS:
296 3187 372 3266 Quia
392 3189 446 3263 ipsi
467 3188 630 3248 sacerdotes
653 3206 689 3247 ex
710 3205 815 3266 magna
835 3195 916 3266 parte
937 3189 1012 3254 male
1041 3197 1070 3252 ct
1089 3194 1137 3252 in·

95 3277 275 3337 continenter
295 3278 405 3350 vivunt,
426 3280 557 3349 potentes
578 3292 636 3334 uon
657 3281 789 3351 pungunt
809 3275 860 3338 sed
877 3281 997 3354 ungunt
1041 3277 1138 3356 Quam

94 3378 184 3446 grave
213 3364 249 3420 sit
277 3367 429 3444 peccatum
457 3360 570 3421 luxuria
598 3360 796 3439 sacerdotum,
824 3364 1002 3444 subsequens
1031 3366 1136 3442 probat

95 3448 267 3524 exemplum.
840 3469 844 3482 ¹

395 3607 830 3672 magn-us...—

111 3813 145 3881 *J
163 3809 253 3864 llomil.
271 3809 312 3862 111,
331 3825 356 3877 p.
376 3809 417 3862 78.
437 3839 469 3848 -
490 3809 520 3878 1)
537 3807 585 3864 tob
603 3809 647 3874 31,
664 3808 707 3862 32.
727 3837 757 3850 ·-
776 3809 809 3879 2)
827 3809 938 3877 sapient.
956 3810 981 3873 6,
1000 3811 1025 3860 7.
