2654 4308
162 225 222 284 roe
472 218 699 284 sunmerso
722 218 886 310 octava

160 361 266 422 scopus
282 343 408 420 qudam,
420 349 515 404 aetate
527 344 638 404 iuvenis
658 343 711 404 sed
731 359 853 420 magnes
873 340 1025 419 religionis
1067 341 1199 403 Nominis

164 432 226 492 eius
247 430 469 491 sireDioecesis
489 432 551 490 eius
571 447 629 490 nou
649 430 775 490 memini.
815 429 872 490 Hic
884 435 982 490 mutae
1002 429 1056 488 fuit
1075 432 1200 506 pietatis,

163 517 373 578 misericordiae
394 533 429 577 ac
445 516 619 593 humilitatis,
638 523 672 576 ut
685 518 815 593 equitans
835 519 865 574 in
885 519 934 576 via
945 518 1088 577 neminem
1100 516 1199 592 lepro-

162 621 260 665 sorum
291 605 345 664 sibi
374 604 582 664 occurrentium
602 606 664 664 sine
685 604 867 681 eleemosyna
887 606 1061 680 praeteriret
1102 602 1200 680 Saepe

164 693 251 752 etiam
279 689 315 751 de
344 707 418 766 equo
448 689 609 767 descendit,
638 696 667 750 et
694 696 825 767 petentes
844 693 1045 767 praeveniens,
1074 692 1200 750 nummis

163 778 296 838 manibus
316 777 429 838 illorum
449 783 588 853 tauquam
607 776 711 837 Christi
730 776 926 855 gazophilacio
947 779 1089 852 immissis,
1109 783 1201 853 atquc

165 863 351 940 deosculatis,
382 866 485 924 iterum
513 863 643 924 ascendit
663 872 693 924 et
713 865 860 940 processit.
901 865 958 924 Die
980 864 1106 940 quadum
1128 864 1200 924 dum

164 969 216 1028 per
236 957 356 1012 stratam
377 950 522 1027 publicam
542 951 699 1026 incederet,
726 950 855 1028 leprosus
876 951 994 1027 quidam
1015 967 1098 1010 secus
1119 953 1200 1012 viam

163 1044 244 1098 stans
264 1040 294 1098 iu
315 1055 401 1115 egro,
432 1053 505 1098 voce
526 1038 694 1098 raucissima
715 1044 748 1099 ut
775 1039 819 1096 sui
847 1040 1027 1098 misereretur
1055 1037 1201 1098 clamavit

166 1125 237 1186 Erat
265 1127 341 1186 enim
354 1122 370 1204 ¹)
399 1131 533 1200 aspectus
562 1127 622 1185 eius
651 1123 879 1200 antomidus,
908 1131 938 1184 et
964 1127 1046 1200 quasi
1074 1143 1093 1185 a
1120 1124 1204 1201 lepra

164 1220 224 1274 tam
252 1228 399 1286 corrorus,
426 1217 460 1269 ut
487 1209 587 1272 oculus
615 1210 758 1270 humanus
787 1227 845 1274 nou
874 1213 936 1271 sinc
964 1213 1092 1272 cruciatu
1119 1211 1202 1270 illum

163 1301 302 1376 inspicere
330 1303 437 1374 posset
479 1297 574 1374 Quem
603 1304 636 1356 ut
656 1304 773 1358 sauctus
794 1297 955 1374 Episcopus
976 1297 1060 1374 vidit,
1087 1300 1203 1357 miseri-

165 1386 262 1448 cordia
283 1391 402 1460 motus,
414 1400 482 1458 mox¹
505 1383 541 1444 de
562 1401 637 1461 equo
658 1386 728 1459 ruit,
750 1389 779 1443 et
800 1383 838 1444 ad
857 1383 939 1445 illum
961 1402 1076 1446 currens
1098 1385 1205 1446 obtulit

165 1475 192 1535 ei
203 1469 224 1554 ²)
254 1470 475 1548 eleemosynam.
517 1469 567 1530 Ad
587 1487 674 1547 quem
694 1470 839 1547 leprosus:
867 1471 933 1540 Non
961 1477 1029 1531 sunt
1055 1472 1125 1532 mihi
1145 1489 1202 1532 ne-

38 1569 41 1580 ’
167 1561 282 1622 cessarli
309 1558 419 1618 nummi
444 1558 495 1618 tui.
538 1557 592 1618 (lui
621 1575 687 1618 cum
708 1557 869 1633 Episcopus
896 1558 1094 1635 responderet:
1123 1558 1202 1635 Quid

165 1663 233 1724 ergo
255 1647 299 1704 vis
320 1651 353 1704 ut
372 1644 477 1704 faciam
498 1643 570 1706 tibi?
598 1643 646 1704 ille
666 1644 825 1704 subiunxit:
856 1643 896 1705 Ut
916 1645 1096 1722 putredinem
1116 1646 1205 1705 huius

165 1733 334 1792 infirmitatis
361 1747 445 1790 meae
471 1731 636 1808 abstergas,
669 1730 757 1808 digito
786 1731 938 1792 ostendens
960 1731 1143 1792 carunculam
1166 1733 1204 1793 de

165 1819 282 1880 naribus
313 1818 500 1894 pendentem,
532 1819 629 1894 magni
660 1816 784 1878 horroris
815 1824 903 1895 atque
930 1819 1055 1880 foetoris.
1106 1819 1203 1896 Quam

166 1924 232 1968 cum
253 1905 420 1966 virbeatus
442 1903 545 1964 Christi
565 1921 662 1964 amore
683 1921 851 1981 succensus,
873 1923 960 1965 manu
981 1911 1119 1982 tergeret,
1140 1906 1204 1966 cla·

167 1996 257 2054 mavit
276 1991 323 2052 ille
345 1991 457 2052 dicens:
480 1990 577 2066 (lesse,
599 2009 689 2066 cessa,
710 1993 894 2068 asperitatem
915 1992 1068 2070 digitorum
1088 2000 1204 2054 tuorum

166 2081 287 2142 tolerare
308 2095 366 2138 non
386 2077 481 2138 valeo.
524 2076 654 2154 Cumque
675 2077 824 2140 adhiberet
844 2085 954 2154 partem
977 2082 1111 2141 camisiae
1126 2097 1204 2140 suae

168 2183 243 2244 quae
272 2165 308 2226 de
328 2181 424 2242 penno
445 2161 565 2245 luerat⁸)
593 2167 664 2225 satis
685 2165 795 2240 subtili,
823 2166 907 2226 simili
927 2166 1051 2227 clamore
1071 2167 1203 2244 prohibi-

168 2263 215 2316 tus
237 2259 290 2316 est
332 2251 415 2313 Tunc
435 2249 613 2328 Episcopusr
636 2251 667 2312 Si
687 2253 748 2328 pati
769 2260 929 2329 conpotes
950 2270 1077 2328 manum,
1098 2256 1123 2313 si
1144 2271 1203 2314 non

167 2357 295 2420 pannum
317 2337 483 2413 delicatum,
511 2337 587 2398 unde
614 2340 659 2397 vis
680 2344 714 2398 ut
734 2338 934 2415 abstergatur?
976 2339 1139 2416 Respondit
1157 2340 1203 2400 le-
1301 2375 1302 2430 ι

168 2444 284 2506 prosus:
315 2424 393 2485 Nihil
420 2424 499 2485 aliud
527 2427 620 2502 patiar
640 2421 784 2504 praeter⁴)
805 2425 970 2487 linctionem
990 2427 1105 2504 linguae
1125 2435 1204 2488 tuac.

168 2515 240 2576 Mox
262 2512 300 2574 ad
320 2511 391 2570 illud
412 2511 532 2572 verbum
553 2512 631 2572 lucta
652 2529 710 2572 uon
730 2511 844 2573 modica
865 2514 930 2572 oriri
951 2516 1045 2589 coepit
1064 2517 1094 2574 in
1116 2513 1204 2574 corde

168 2599 316 2662 Pontificis
343 2601 416 2659 inter
442 2601 563 2675 gratiam
593 2604 622 2658 et
648 2605 796 2674 naturam3
827 2599 876 2658 illa
904 2607 938 2660 ut
965 2599 1045 2667 tieret
1072 2599 1204 2676 volente,

167 2692 223 2750 ista
251 2685 471 2747 contradicente.
520 2685 578 2746 Sed
606 2688 699 2762 gratia
726 2685 783 2746 Dei
812 2692 982 2762 cooperante
1019 2695 1048 2747 et
1081 2694 1204 2748 naturae

167 2776 227 2835 vim
239 2773 370 2846 iaciente,
390 2772 518 2848 linguam
534 2774 675 2853 apposuit,
687 2779 717 2832 et
728 2773 938 2848 promuscidem
947 2769 967 2853 ⁵)
990 2769 1203 2854 elefantinam⁶)

165 2863 255 2922 linxit
297 2859 372 2918 Mira
393 2875 448 2918 res.
490 2857 561 2919 Mor
583 2858 619 2919 de
640 2860 758 2919 neribus
779 2860 840 2926 eius
862 2862 910 2935 qui
929 2860 1060 2936 leprosus
1078 2861 1203 2922 videba—
1300 2873 1301 2880 ’

166 2957 228 3024 tur,
262 2963 377 3025 gemma
405 2946 610 3021 pretiosissima
637 2945 720 3022 lapsa
749 2952 792 3006 est
820 2949 849 3006 in
872 2964 904 3007 os
924 2947 1068 3024 Episcopi.
1109 2949 1149 3007 Et
1169 2956 1204 3008 ut
1300 2969 1301 3000 τ

166 3034 329 3096 ostenderet
349 3050 379 3092 se
402 3048 464 3092 esse
487 3031 640 3108 Christum,
661 3033 711 3108 qui
732 3031 770 3092 ad
791 3033 969 3109 probandam
984 3033 1119 3111 Episcopi
1141 3037 1203 3096 vir·
1300 3043 1301 3048 ’

165 3130 256 3183 tutem
287 3138 320 3182 sc
348 3119 469 3178 finxerat
495 3118 655 3196 leprosum,
688 3121 718 3178 in
746 3119 836 3181 oculis
864 3122 925 3180 eius
953 3121 1076 3198 gloriose
1105 3121 1203 3182 coelos

164 3207 301 3271 ascendit.
342 3204 382 3265 Et
395 3208 463 3281 quia
478 3206 605 3266 eiusdem
626 3205 734 3283 gloriae
745 3210 888 3283 particeps
908 3208 1018 3284 iutruus
1040 3216 1116 3269 esset
1128 3209 1202 3286 Epi·-

163 3313 284 3372 scopur,
323 3291 482 3353 ascendens
516 3295 684 3369 repromisit
738 3293 880 3354 Dominus
913 3293 1065 3356 (levardus
1097 3295 1202 3356 Abhas

164 3388 260 3443 noster
280 3379 392 3440 rediens
415 3379 451 3439 de
473 3377 604 3456 capitulo
625 3368 767 3456 generali,
787 3379 861 3440 haec
882 3382 965 3442 nobis
986 3381 1097 3458 retulit,
1117 3399 1202 3443 asse·

163 3486 229 3533 reus
250 3478 319 3529 tunc
336 3473 463 3526 recenter
483 3461 570 3527 luisse
590 3473 682 3544 gesta.
719 3465 923 3530 novicius:
945 3467 1021 3546 Quid
1044 3476 1088 3530 est
1107 3472 1203 3548 gratia

181 3587 213 3657 ¹³
229 3581 640 3721 l÷,i”‘tt;.t‚²ttt²ll,?t
654 3583 782 3721 till
798 3584 970 3724 iti‘tail
984 3585 1201 3721 filiali
1298 3627 1299 3632 ‘

231 3725 414 3846 suspicoropzo
441 3721 555 3790 borco,
580 3721 672 3788 idest,
689 3721 754 3788 loir,
770 3723 841 3778 llolr.
861 3753 891 3766 -·
912 3725 983 3794 6)ss
1013 3725 1201 3796 elephanti·

228 3811 298 3848 num
316 3810 340 3845 m
369 3809 382 3846 r
411 3809 468 3849 um.
