2594 4302
361 232 365 241 ’
447 271 502 332 nn
526 271 754 334 nmaoms.
1058 276 1120 334 am

82 401 189 457 attactu
200 391 218 475 ¹)
239 393 314 453 illius
335 411 429 470 aquae
451 395 659 454 sacratissimae
681 411 748 453 mox
770 395 798 452 ln
821 391 955 453 sudorem
977 399 1072 472 erupi,
1095 403 1123 456 et

83 482 222 543 convalui.
264 481 347 540 Licet
368 483 442 540 enim
471 483 631 556 baptismus
654 481 795 540 medicina
816 483 853 539 sit
882 483 1009 558 animae,
1042 483 1123 542 multi

82 578 176 630 tamen
202 568 278 627 illius
299 571 405 628 virtute
427 571 578 627 sanitatem
600 585 751 644 corpomm
774 571 919 627 consecuti
940 575 1022 645 sunt,
1050 572 1124 630 sicut

81 656 182 733 legitur
215 656 251 714 de
273 654 447 730 Tarquilinio
460 652 498 734 ²),
531 661 559 714 et
581 655 725 714 Cromatio
748 652 833 714 Urbis
855 654 1009 730 praefecto.
1051 655 1123 718 NO-

80 743 224 803 VICIUS:
258 742 373 801 Vellem
405 741 522 817 aliquod
551 741 651 800 audire
679 741 849 800 miraculum
878 744 907 799 in
937 745 1019 818 aquis
1052 745 1123 803 sim-

79 831 201 908 plicibus
222 829 347 904 lactum,
377 829 481 904 quibus
503 845 557 888 nec
588 829 764 888 consecratio
786 845 840 887 nco
861 831 935 887 sacri
965 829 1123 890 chrismatis

78 917 181 977 infusio
195 917 294 976 tribuit
313 917 456 975 virtutem.
488 913 725 975 MONACHUS:
747 915 830 973 Prius
852 915 904 974 tibi
918 915 1013 975 adhuc
1034 933 1123 976 unum

78 1005 199 1063 referam
221 1003 257 1062 de
279 1001 431 1078 baptismo,
452 1004 534 1062 cuius
556 1004 690 1060 virtutem
712 1000 834 1078 amplius
857 1005 943 1061 etiam
964 1006 994 1061 in
1016 1020 1047 1063 re
1069 1003 1123 1064 ad·

78 1107 163 1151 versa
172 1088 193 1170 ⁸)
216 1105 382 1166 cognosces.

421 1278 655 1340 CAPITULUM
685 1279 782 1340 XLV.

80 1406 128 1464 De
148 1421 221 1462 cane
243 1405 295 1478 qui
317 1420 336 1460 o
358 1401 540 1462 scholaribus
563 1401 739 1477 baptizatus,
760 1405 794 1462 in
813 1401 927 1462 rabiem
950 1359 1052 1462 ocreas
1075 1412 1122 1464 est

144 1523 287 1598 Tempore
309 1523 435 1597 quodam
458 1521 575 1598 quidam
596 1515 784 1601 scholarem),
811 1523 994 1582 sacerdotum
1015 1540 1124 1585 morem

81 1612 230 1684 imitantes,
251 1612 280 1667 in
303 1609 428 1684 quodam
449 1609 565 1668 flumine
588 1626 688 1668 canem
710 1610 764 1668 sub
780 1611 962 1669 invocatione
982 1612 1048 1668 trini
1069 1629 1124 1671 no·

81 1699 162 1756 minis
191 1697 419 1770 baptizaverunt.
464 1695 549 1756 Canis
576 1713 643 1754 vero
665 1699 800 1756 virtutem
822 1697 895 1755 tanti
915 1700 1036 1756 nominis
1058 1715 1124 1758 sus-

80 1787 169 1843 tinere
191 1799 248 1841 non
270 1783 387 1857 valens,
415 1798 484 1840 mox
508 1783 562 1840 illis
585 1782 748 1842 videntibus
769 1800 869 1842 versus
892 1790 935 1843 est
955 1786 985 1842 in
1006 1785 1124 1846 rabiem

80 1871 181 1930 Pueris
202 1885 287 1944 vero,
317 1886 351 1928 eo
382 1868 459 1944 qnod
480 1886 572 1945 genus
593 1868 664 1927 illud
684 1871 895 1928 insanissimum
917 1873 969 1944 sit,
998 1875 1125 1948 pepercit

80 1958 223 2016 Dominus
232 1953 268 2035 ⁶),
297 1957 389 2016 sciens
418 1973 476 2015 uon
505 1956 629 2029 malitia,
658 1955 708 2014 sed
738 1973 773 2015 ex
804 1955 923 2016 stultitia
944 1966 1124 2018 sacramento

80 2043 186 2103 iactam
208 2045 347 2101 iniuriam.
389 2042 436 2100 De
458 2044 540 2118 aquis
562 2059 630 2100 vero
653 2042 829 2118 simplicibus
850 2043 942 2102 habes
961 2044 1124 2121 exemplum

81 2131 211 2206 superius
241 2128 365 2204 capitulo
394 2129 536 2188 tricesimo
566 2130 681 2204 quinto,
714 2129 749 2188 de
777 2131 918 2205 piscatore
941 2147 1027 2205 quem
1049 2149 1125 2208 aqua

83 2217 197 2276 exussit
239 2215 340 2275 Habes
370 2218 456 2274 etiam
486 2216 647 2292 exemplum
676 2215 755 2274 aliud
783 2218 812 2274 in
840 2215 1021 2276 distinctione
1041 2221 1125 2278 tertia

84 2302 209 2380 capitulo
231 2305 368 2361 vicesimo
390 2306 491 2378 primo,
514 2301 549 2361 de
572 2302 687 2362 homine
711 2310 872 2379 peccatore,
894 2305 932 2363 ob
954 2307 1035 2365 euius
1056 2307 1125 2364 viiie

81 2407 160 2451 mare
181 2391 331 2463 intumuit,
360 2396 389 2448 et
417 2395 483 2464 post
512 2388 719 2448 confessionem
741 2388 924 2464 tranquillum
945 2391 1052 2451 iactum
1074 2401 1126 2451 est.

80 2477 179 2539 Simile
201 2478 253 2536 tibi
274 2493 351 2536 nunc
373 2476 500 2536 recitabo
523 2475 559 2536 de
582 2493 639 2552 quo
662 2479 732 2536 satis
753 2477 910 2536 miraberis.

417 2664 651 2727 CAPITULUM
678 2666 791 2727 XLVI.

143 2788 191 2846 De
212 2786 364 2845 Richardo
387 2787 467 2862 Repe
488 2788 616 2863 Amplius
638 2794 666 2846 et
685 2787 817 2863 periculo
840 2790 904 2846 dus
922 2791 956 2847 in
977 2792 1064 2848 moti.
1121 2787 1124 2800 '

153 2906 187 2966 In
226 2909 319 2982 prima
359 2907 539 2982 expeditione
574 2906 820 2984 Jerosolymitana
856 2907 1018 2968 Richardus
1060 2909 1124 2969 Rex

80 2994 245 3072 Anglcmm
282 3009 347 3051 cum
380 2993 560 3054 multitudine
582 2998 796 3070 peregrinorum
825 2997 973 3071 copiisque
993 2997 1126 3056 maximis

79 3081 285 3142 transfretavit
334 3079 391 3140 Die
423 3080 549 3155 quadam
580 3083 656 3140 circa
689 3081 887 3156 crepusculum
923 3090 986 3142 orta
1014 3089 1059 3143 est
1096 3085 1125 3142 in

78 3171 153 3229 mari
176 3173 332 3242 tempestas
354 3166 545 3241 validissima,
574 3169 615 3226 ita
635 3175 668 3225 ut
688 3160 778 3226 nave's
799 3167 930 3244 procellis
953 3186 1126 3246 concussae,

79 3264 110 3315 et
132 3257 162 3314 vi
184 3261 336 3314 ventorum
357 3253 512 3329 impulsae,
545 3261 665 3313 mortem
688 3255 819 3314 omnibus
840 3258 1020 3316 intentarent.
1061 3255 1126 3316 Rex

78 3359 151 3402 vero
181 3342 256 3400 sicut
290 3347 319 3398 et
354 3343 440 3400 ceteri
469 3347 590 3399 mortem
619 3347 686 3400 ante
716 3339 818 3400 oculos
836 3340 962 3418 babens,
994 3348 1056 3404 tota
1076 3343 1127 3403 illa

77 3435 166 3488 nocte
196 3427 345 3487 clamavit:
378 3425 403 3486 0
427 3426 542 3502 quando
565 3429 617 3486 erit
638 3434 765 3502 tempus,
794 3430 822 3485 iu
844 3423 932 3509 quo⁶)
953 3432 1039 3506 grisei
1060 3447 1125 3490 mo-

77 3515 168 3576 nachi
189 3531 307 3590 surgere
329 3515 421 3573 solent
442 3514 480 3574 ad
494 3512 671 3572 laudandum
684 3513 803 3573 Deum?
835 3515 929 3576 Tanta
951 3519 1027 3575 enim
1049 3517 1127 3579 bona
1208 3565 1212 3571 .

99 3633 133 3700 1)
152 3630 174 3683 B
193 3638 349 3683 attractu.
369 3659 402 3670 -
418 3631 450 3697 2)
469 3628 512 3682 CF
529 3628 735 3697 Terquilino,
752 3629 779 3682 A
797 3630 1040 3699 Tranqrsilinio‚
1058 3629 1126 3686 Ber

152 3700 377 3768 Tranquilino.
390 3699 499 3763 -ain
518 3701 548 3752 iu
565 3715 601 3750 re
619 3697 759 3751 adversa
774 3702 880 3766 etiam,
897 3702 918 3752 b
933 3703 962 3751 in
980 3715 1014 3751 re
1032 3702 1126 3754 etiarn

153 3768 300 3822 adversa.
327 3798 358 3808 -
383 3771 416 3836 4)
439 3767 485 3822 ΒΟ
509 3767 682 3820 scholares
708 3768 842 3836 quidam.
862 3797 892 3809 ·-
919 3771 950 3838 5)
975 3769 1127 3822 Dominus
1228 3797 1231 3802 ν

154 3836 203 3890 edd
221 3838 252 3892 B.
272 3867 302 3880 -
323 3838 355 3906 6)
374 3838 417 3891 CF
435 3837 573 3907 quando.

788 3909 865 3986 ll*i
