2538 4314
409 243 473 304 ‘DE
497 241 769 308 oonnnssmnn.
1055 249 1113 310 133

416 399 650 466 CAPITULUM
670 401 770 463 XVII.

78 519 140 578 Item
159 521 194 579 dc
221 521 327 580 decan
351 521 510 582 metica
530 524 612 599 opud
625 521 851 602 Arpmttoan9
886 527 1063 585 amount
1085 534 1113 586 et

77 607 225 681 conbustae
240 625 385 684 quocum
397 627 480 668 unus
497 610 568 668 dum
579 619 712 686 cesctper
722 611 932 688 coruscationem
942 619 1067 672 emeatus
1077 629 1114 672 oc

147 694 303 768 liberatus,
322 713 387 772 per
409 697 724 844 commmatio,
746 699 878 758 redivivo
894 698 1028 758 uuordo

126 900 237 961 Decem
260 902 412 963 haeretici
432 904 461 962 in
474 904 574 964 eadem
584 907 709 980 civitate,
731 903 1017 984 scilicetArgentina,
1039 921 1114 982 quae

73 995 108 1046 est
125 987 297 1067 strazburg,
323 989 622 1065 comprehensisunt.
666 993 806 1068 Quicum
826 999 973 1070 negarent,
993 1009 1046 1068 per
1066 995 1113 1051 iu·

72 1074 163 1133 dicium
184 1077 349 1136 candentis
371 1077 438 1136 terri
448 1080 578 1153 convicti,
600 1081 740 1139 sententia
760 1079 883 1140 incendii
903 1085 969 1139 sunt
991 1079 1113 1140 minna·

70 1162 95 1220 ti.
137 1161 194 1222 Die
229 1169 351 1222 statuto
382 1181 450 1224 oum
472 1164 640 1224 ducerentur
661 1166 700 1224 od
720 1168 829 1242 ignem,
860 1166 977 1243 qudam
999 1183 1035 1226 ex
1057 1183 1109 1225 co-

70 1249 226 1309 mitantibus
250 1252 306 1309 uni
330 1250 449 1310 illorum
470 1250 598 1312 dicebat:
619 1251 722 1328 Miser,
745 1253 898 1312 damnatus
919 1271 967 1328 es,
988 1269 1043 1330 age
1064 1252 1112 1312 vel

69 1352 133 1395 nme
152 1339 392 1413 poenitentiam,
413 1345 533 1413 peccata
553 1345 605 1399 tua
627 1339 804 1414 confitendo,
836 1357 874 1400 ne
894 1347 961 1416 pest
981 1340 1112 1400 incendia

68 1427 190 1498 corporis,
213 1441 298 1500 quae
323 1431 529 1484 momentanea
550 1433 635 1500 sunt,
658 1429 782 1486 estimem
804 1433 884 1486 tuam
905 1429 978 1504 ignis
1000 1427 1111 1504 gehen-

67 1509 130 1569 nalis
150 1511 347 1570 aeternaliter
369 1511 527 1572 comburet
570 1512 624 1572 Cui
646 1531 712 1572 cum
732 1513 779 1572 ille
793 1512 922 1573 diceret:
955 1513 1111 1574 Considero

67 1614 106 1655 me
124 1594 230 1678 bene²)
256 1615 387 1672 errasse,
408 1598 461 1656 sed
482 1601 568 1658 timeo
589 1601 793 1674 poenitentiam
815 1607 911 1660 tantae
932 1603 1112 1662 necessitatis

67 1685 149 1743 nnus
169 1692 335 1761 acceptam
358 1701 422 1744 esse
443 1684 524 1762 Deo;
546 1686 709 1761 respondit:
731 1687 776 1746 Ex
798 1687 884 1770 corde
905 1693 1016 1748 tantum
1038 1703 1111 1747 con-

67 1769 143 1846 itere,
163 1774 340 1832 misericors
363 1777 408 1830 est
428 1771 528 1846 Deus,
551 1769 613 1852 (η’)
634 1775 828 1849 poenitentem
849 1777 992 1850 suscipiet
1034 1773 1111 1834 Mira

67 1873 111 1916 res.
151 1859 227 1918 Mox
251 1861 335 1920 enim
356 1865 391 1917 ut
409 1858 497 1920 homo
510 1859 656 1919 consessus
678 1867 723 1920 est
742 1861 899 1936 perfidiam,
920 1878 1023 1922 manus
1045 1862 1108 1922 eius

66 1943 170 2017 plenam
191 1947 312 2022 recepit
335 1947 496 2004 sanitatem.
539 1946 684 2006 Tardante
706 1963 741 2006 eo
762 1950 792 2006 in
814 1948 1009 2022 consessione,
1041 1964 1108 2008 cum

66 2031 189 2092 uindice
212 2038 377 2092 vocaretur
398 2031 436 2090 ad
456 2049 588 2108 poenam,
611 2035 756 2094 confessor
777 2037 838 2094 eius
860 2035 946 2094 iudici
953 2032 975 2114 ⁸)
986 2050 1108 2110 repon·

67 2115 115 2176 dit:
133 2117 201 2178 Non
224 2122 343 2178 iustum
364 2125 417 2192 est,
438 2128 471 2178 ut
491 2119 578 2179 homo
599 2121 735 2180 innocens
758 2120 907 2181 damnetur
927 2123 1040 2180 iniuste.
1072 2119 1108 2180 In

67 2208 136 2264 euius
156 2223 253 2266 manu
277 2206 350 2265 dum
370 2205 481 2264 nullum
501 2209 654 2284 vestigium
687 2209 891 2268 combustionis
922 2209 1107 2283 reperiretur,
1134 2219 1136 2224 ·

67 2289 191 2352 dimissus
214 2300 273 2353 est.
318 2292 457 2352 Habebat
477 2293 553 2353 idem
575 2294 662 2355 homo
684 2311 803 2354 uxorem
824 2312 882 2356 non
901 2294 988 2372 longe
1016 2312 1035 2354 a
1063 2295 1107 2354 ci-

66 2380 144 2441 vitate
176 2385 369 2453 manentem,
399 2379 502 2439 horum
535 2397 609 2454 quae
641 2382 718 2440 diota
745 2388 812 2440 sunt
832 2399 948 2458 prorsus
968 2384 1107 2458 ignaram.

66 2461 207 2540 adquam
230 2485 303 2528 cum
324 2468 451 2526 vemssst
470 2467 609 2543 gaudens,
631 2468 817 2544 dixissetque:
839 2468 1013 2528 Benedictus
1023 2468 1107 2528 Deus

66 2554 109 2624 qni
126 2569 174 2612 me
196 2554 340 2614 liberavit
359 2552 445 2612 hodie
467 2555 505 2614 ab
527 2557 641 2614 interitu
663 2557 788 2630 corporis
806 2558 966 2629 etanimae,
988 2573 1107 2616 causam

67 2639 447 2716 eiexponens31cspondit
471 2640 536 2700 illa:
571 2641 647 2718 Quid
673 2642 777 2716 iecisti,
799 2658 817 2701 o
839 2645 1009 2717 miserrimo,
1036 2643 1106 2719 quid

67 2726 163 2800 cusu?
208 2727 255 2788 Ut
277 2726 348 2803 quid
367 2734 486 2802 propter
506 2735 739 2788 momentaneum
768 2728 896 2789 dolorem
923 2731 1107 2792 recessistis

67 2809 189 2872 idetua
212 2819 340 2874 sanast
368 2812 490 2874 sancta?
532 2813 629 2891 Magis
662 2815 818 2890 debueras,
850 2818 875 2876 si
902 2815 964 2876 fieri
994 2823 1105 2892 posset,

68 2901 166 2958 centies
189 2917 301 2976 corpus
322 2906 403 2960 tuum
424 2901 562 2961 incendiis
582 2903 731 2977 subiicere,
753 2920 840 2977 quam
861 2919 880 2962 a
900 2909 961 2962 tam
981 2904 1106 2978 probata

68 2983 117 3044 lide
137 2986 232 3046 semel
254 2986 397 3046 recedere.
440 2987 507 3062 Sed,
529 3006 616 3063 quem
637 3007 695 3048 non
717 2989 837 3050 seducat
851 3006 910 3048 vox
920 2989 1105 3065 serpentina?

69 3069 218 3134 Immemor
239 3074 289 3133 ille
320 3072 452 3134 beneficii
481 3074 614 3136 divinitus
642 3076 696 3135 sibi
725 3076 835 3150 collati,
863 3079 1012 3136 immemor
1043 3083 1104 3138 mm

70 3159 202 3220 evidentis
224 3159 365 3234 miraculi,
388 3159 505 3220 consilio
527 3165 623 3222 uxoris
645 3165 798 3239 acquievit,
820 3170 849 3222 et
871 3181 994 3223 errorem
1004 3165 1103 3240 pristi-

71 3259 132 3304 num
151 3251 299 3307 resumsit.
341 3246 424 3306 Deus
445 3264 514 3307 vero
534 3267 601 3308 non·
613 3252 763 3309 immemor
784 3249 934 3326 vindictae,
956 3268 1009 3326 pro
1022 3257 1104 3312 tanta

73 3331 276 3408 ingratitudine,
299 3350 417 3392 menum
436 3333 566 3410 plagavit
586 3338 742 3412 utriusque.
786 3337 970 3397 Renovatum
991 3343 1036 3396 est
1056 3340 1104 3398 in·

53 3418 198 3494 ,caudium
218 3423 248 3480 in
270 3438 360 3480 mauu
385 3420 537 3509 'haeretica
570 3429 599 3482 et
626 3425 693 3499 quia
720 3424 824 3484 coniux
853 3425 964 3484 auctrix
996 3427 1103 3488 exstitit

91 3602 214 3672 iJspud
240 3606 457 3674 Argentinam
483 3623 524 3660 om
541 3607 574 3672 G;
601 3610 679 3660 ceteri
702 3617 787 3661 autem
810 3609 905 3661 habent
930 3608 1013 3676 apud
1032 3609 1102 3679 Spi-

133 3690 228 3726 ream.
248 3705 281 3714 -
301 3675 334 3742 2)
351 3674 394 3726 ΑΡ
410 3677 583 3730 considero
602 3677 730 3747 quidem
749 3679 846 3744 me,1)
864 3678 1102 3732 considerante

135 3743 316 3866 ggigemffl
343 3745 514 3800 considero
540 3765 594 3801 me.
614 3779 646 3788 -
665 3749 697 3817 3]
714 3758 747 3801 et
764 3764 804 3805 orn
822 3748 871 3804 Bc.
892 3779 922 3788 -
942 3749 975 3816 l)
998 3747 1102 3800 iudici
