2580 4316
440 797 710 908 lilSllNdllb
740 813 891 910 Pltllbl

239 987 393 1072 mr
440 985 1043 1076 uomvnrrsrorvra.

490 1157 856 1208 ψ

534 1317 763 1379 GAPITULUM
784 1319 808 1376 I.

347 1443 406 1500 De
429 1442 612 1500 institutione
638 1441 750 1500 ordinis
772 1439 972 1500 demorata.

170 1581 372 1646 OUPIENS
413 1579 496 1654 loqui
531 1578 565 1638 de
602 1581 802 1654 conversione,
838 1579 913 1639 illius
948 1582 1069 1656 gratiam
1083 1576 1099 1660 Ι)
1138 1581 1184 1639 in·

104 1689 206 1748 voco,
234 1673 297 1747 qui
329 1668 471 1742 loquitur
502 1683 603 1742 pacem
624 1669 655 1724 in
686 1666 801 1743 plebem
829 1683 912 1726 suam
945 1672 974 1725 et
1001 1684 1087 1742 super
1115 1683 1184 1726 san-

105 1765 170 1819 ctos
203 1771 286 1818 suos
323 1761 360 1816 et
390 1757 423 1812 in
453 1769 502 1812 eos
531 1755 579 1829 qui
611 1760 815 1813 convertrmtur
836 1753 882 1812 ad
904 1770 953 1814 cor
964 1751 996 1834 ²).
1037 1754 1108 1812 Eius
1142 1760 1185 1812 est

108 1845 279 1906 scribenda
315 1842 486 1917 inspirare,
515 1840 657 1900 calamum
684 1841 860 1918 gubernare,
889 1840 1050 1900 mercedem
1077 1840 1184 1901 laboris

110 1924 360 2008 recompensare
371 1924 403 2007 ³).
447 1925 579 2003 Abripso
602 1929 678 1986 enirn
699 1927 830 1987 salutaris
853 1933 896 1986 est
925 1929 1088 2002 conversio,
1117 1928 1185 2002 quia

111 2037 190 2096 quos
213 2021 370 2094 potenter
392 2016 539 2088 convertit,
561 2015 598 2074 ab
621 2013 665 2073 bis
687 2014 904 2075 misericorditer
919 2016 992 2072 iram
1005 2030 1184 2073 suamaver·

113 2109 159 2164 tit
204 2100 435 2164 NOVIGIUS:
467 2100 588 2160 Videtur
617 2101 686 2160 mihi
717 2103 923 2175 neceesarium,
954 2108 988 2159 ut
1017 2102 1183 2175 priusquam

114 2197 234 2252 tractes
260 2189 303 2249 de
326 2191 436 2248 virtute
459 2189 659 2263 conversionis,
679 2191 843 2248 summatim
864 2189 1052 2264 perstringas,
1074 2187 1183 2262 quoin

115 2278 206 2353 loco,
244 2295 266 2337 a
291 2275 401 2350 quibus
422 2277 566 2350 personis,
599 2291 657 2349 qua
677 2277 847 2334 necessitate
870 2273 939 2333 ordo
960 2281 1058 2349 noster
1078 2276 1115 2332 sit
1134 2275 1181 2332 in·

117 2368 274 2440 stitutus,
297 2368 333 2420 ut
354 2363 396 2420 sic
417 2363 511 2436 posito
531 2359 717 2421 fundamento
738 2360 957 2437 superaedifices
977 2363 1100 2437 parietes
1120 2362 1181 2436 spi·
1218 2377 1222 2388 “

120 2450 253 2510 rituales
278 2466 317 2508 ex
349 2445 493 2524 lapidibus
519 2450 606 2523 vivis,
638 2449 749 2525 politis,
776 2451 923 2524 pretiosis,
952 2451 1001 2523 qui
1026 2448 1199 2528 volvuntur,

121 2554 222 2613 super
244 2543 363 2594 terram.
407 2531 641 2594 MONAeHUs:
663 2534 698 2594 In
719 2535 896 2611 Episcopatu
912 2534 1085 2611 lingonensi
1094 2531 1117 2614 ⁴)
1139 2535 1181 2593 si·

124 2631 196 2682 turn
221 2627 269 2680 est
300 2622 486 2696 coenobium,
514 2623 629 2681 nomine
650 2621 816 2697 Molismus,
847 2621 924 2680 lama
952 2622 1181 2695 celeberrimum,

127 2711 279 2786 religione
301 2709 492 2784 perspicuum,
512 2711 581 2767 viris
602 2708 760 2768 illustribus
781 2708 970 2784 nobilitatum,
990 2710 1180 2784 possessioni·

126 2797 190 2856 bus
216 2794 357 2870 amplum,
378 2795 530 2854 virtutibus
553 2794 669 2854 clauun.
710 2795 749 2853 Et
770 2798 837 2872 quia
855 2794 958 2856 divitiis
970 2795 1180 2869 ducibusque

130 2883 276 2941 diuturna
298 2898 356 2939 non
377 2887 473 2956 potest
495 2898 557 2941 esse
579 2883 715 2957 societas,
745 2884 798 2940 viri
823 2883 955 2940 nimirum
987 2884 1129 2958 sapientes
1152 2888 1181 2940 et
1246 2905 1248 2910 ·

130 2971 280 3028 virtutum
302 2975 465 3043 amatores,
486 2967 570 3027 altius
591 2967 795 3045 intelligentes,
815 2969 883 3027 licet
902 2968 1022 3028 honeste
1043 2971 1072 3028 in
1092 2986 1179 3043 prae-

111 3055 195 3114 lato
230 3055 371 3115 coenobio
401 3055 544 3130 viverent,
583 3057 677 3114 minus
705 3061 801 3114 tamen
826 3058 919 3131 ipsam
948 3074 1035 3131 quam
1060 3055 1179 3131 professi

132 3143 252 3202 fuerant
273 3141 423 3220 regulam,
446 3143 511 3216 quia
532 3142 718 3201 observarent
739 3142 965 3217 considerantes,
987 3142 1086 3202 habito
1107 3145 1180 3203 inter

130 3246 166 3289 se
200 3231 348 3288 communi
360 3225 382 3307 ⁵)
413 3227 544 3304 consilio,
577 3231 677 3305 viginti
706 3234 734 3287 et
766 3247 841 3287 unus
869 3229 1003 3289 monachi
1028 3247 1086 3289 una
1114 3247 1179 3289 cum

130 3325 220 3393 patre
240 3333 304 3392 suo,
326 3316 444 3373 nomine
452 3309 473 3393 ⁶)
487 3315 630 3389 Roberto,
651 3317 778 3374 unanimi
800 3333 926 3392 assensu,
949 3315 1051 3375 eodem
1072 3319 1181 3393 spiritu,

129 3410 278 3463 venerunt
323 3404 353 3460 in
398 3401 493 3460 locum
530 3402 653 3461 horroris
676 3408 704 3461 et
732 3408 832 3462 vastae
865 3403 1036 3478 solitudinis,
1065 3407 1179 3464 nomine

130 3488 322 3564 cistercium,
354 3487 397 3546 ibi
424 3489 518 3548 vivere
552 3491 698 3564 cupientes
731 3487 766 3547 de
789 3505 874 3564 opere
895 3507 1032 3550 manuum
1063 3507 1179 3550 suarum

144 3677 218 3752 1)B
271 3670 531 3790 ratiammillslius,
557 3674 733 3796 Οέτὶιὶιαιη
751 3675 839 3794 deius.
858 3705 890 3759 -Ι
910 3677 941 3744 2]
959 3675 1023 3797 l’5sal.
1041 3677 1084 3740 st,
1101 3677 1125 3728 9.
1146 3707 1176 3758 -Ι

186 3750 235 3876 3
257 3745 671 3879 Egens-pfflnffiin-gogp·
702 3759 744 3812 ug
773 3759 900 3796 unensr.
921 3775 950 3784 -
988 3745 1178 3812 Jcommunr
