2664 4308
162 293 224 351 aso
483 263 710 352 ausemano
737 289 871 352 sunm
977 337 980 350 .

161 431 214 474 vos
230 411 246 493 ¹)
276 413 424 498 dominae,
454 415 508 472 istc
541 421 585 474 cst
606 407 677 474 Rex
690 397 800 488 meus,
835 429 922 488 quem
950 429 1062 489 semper
1090 415 1200 488 optavi.

53 507 62 520 ⁸
160 501 236 560 Mira
264 500 438 576 dispensatio
459 500 524 560 Dei.
567 499 653 560 Anno
675 501 805 561 revoluto
835 500 881 560 die
909 500 1025 575 eadem,
1054 517 1106 575 per
1126 517 1200 560 ean·

162 587 228 648 dem
254 588 381 663 plateam
411 594 541 648 mortuus
571 589 749 648 efferebatur.
797 588 836 646 Et
868 603 933 647 cum
964 589 994 646 in
1025 589 1200 647 monasterio

162 674 426 749 sanctimonialium,
447 674 525 751 quod
538 671 685 754 Piscina2)
708 673 819 751 dicitur,
837 673 1111 751 essetsepeliendus,
1131 674 1200 734 lits-

162 763 200 822 ris
220 762 360 836 Priorum,
381 777 453 856 quos
474 779 562 838 saepe
574 759 594 841 ³)
616 764 700 820 nimis
721 763 895 836 titubaverat,
917 767 961 821 est
987 760 1155 837 prohibitus.

472 1055 705 1116 anonumum
734 1023 881 1116 xxvm.
959 994 968 1013 ’

203 1208 251 1272 De
271 1213 402 1272 Henioc
422 1213 559 1286 Ratione,
582 1218 665 1274 cuins
686 1213 887 1289 praebendam
910 1213 1036 1272 obtinuit
1056 1217 1081 1271 io
1103 1217 1155 1288 qni

247 1303 308 1359 aas
330 1302 449 1359 consilio
472 1319 492 1359 a
514 1303 606 1360 Petro
630 1296 824 1378 Cardinaless
845 1301 950 1376 fuerat
970 1303 1110 1359 intensas.

225 1472 302 1533 Ante
322 1475 376 1534 hos
397 1491 506 1550 paucos
528 1491 626 1549 annos,
649 1492 714 1534 cum
735 1475 839 1533 Petrus
858 1473 1014 1534 cardinalis
1036 1472 1072 1533 de
1090 1469 1198 1552 Saxo⁵)

162 1569 238 1622 esset
259 1561 410 1635 Coloniae,
430 1561 572 1621 Heuricus
594 1567 782 1638 cognomento
805 1562 899 1635 Ratio,
921 1561 1059 1620 ccclesiae
1080 1567 1199 1620 sanotae

161 1648 270 1708 Mariae
292 1647 329 1707 ad
352 1647 466 1708 Gradus
488 1651 650 1723 canonicus,
668 1655 858 1707 stcausarum
880 1649 1038 1707 advocatus
1058 1649 1200 1723 peritissi-

161 1733 274 1815 mus⁵),
302 1735 339 1794 ad
367 1736 424 1794 hoo
454 1736 577 1794 eundem
605 1735 787 1795 Cardinalem
807 1735 971 1809 induxerat,
991 1741 1035 1794 ·ut
1063 1733 1195 1793 eiusdem

161 1821 300 1881 ccclesiae
321 1825 464 1882 canonicis
478 1824 663 1898 praeciperet,
685 1827 826 1897 quatenus
845 1821 993 1889 cuiusdam
1016 1823 1085 1881 civis
1099 1821 1200 1896 filium,

161 1909 239 1968 nullo
261 1909 402 1985 stipendio
424 1916 555 1984 vacante,
576 1912 605 1968 in
626 1909 785 1968 fratrcmet
807 1911 1031 1968 concanonicum
1053 1907 1200 1985 eligerent,

164 1995 247 2072 Quod
269 1995 409 2055 cumillis
437 1998 531 2055 visum
560 1997 659 2054 fuisset
688 1996 844 2056 absurdum
865 1998 963 2070 nimis,
996 2013 1049 2054 nco
1078 1997 1201 2070 acquie-

161 2089 285 2157 scerent,
314 2085 445 2158 suspensi
474 2089 540 2141 sunt
561 2098 579 2140 a
601 2082 710 2141 divinis.
752 2081 923 2142 Judicantes
951 2098 1020 2141 vero
1034 2079 1053 2163 ²)
1077 2081 1201 2140 eandem

161 2171 377 2245 suspensionem
414 2169 563 2242 frivolam,
603 2171 773 2228 unanimiter
806 2169 1006 2245 Praepositum
1042 2168 1199 2246 clegerunt

161 2256 303 2316 Henricus
330 2263 443 2331 autem,
471 2263 504 2314 ut
532 2257 669 2340 turbatos!
689 2256 810 2331 amplius
838 2257 981 2332 tumbaret,
1010 2255 1087 2315 solus
1108 2254 1200 2314 alium

160 2343 361 2419 Praepositum
383 2342 482 2419 elegit,
504 2361 569 2402 cum
592 2360 649 2419 quo
673 2349 701 2401 et
722 2361 773 2418 pro
797 2361 852 2418 quo
875 2343 993 2403 fratrum
1014 2360 1116 2418 pacem
1136 2341 1200 2400 liti-

161 2431 216 2489 bus
244 2437 273 2489 ct
301 2430 411 2492 damnis
440 2447 497 2490 uon
526 2430 671 2490 modicum
699 2431 834 2489 turbavit.
892 2428 979 2490 Justo
1007 2429 1065 2488 Dei
1091 2427 1200 2489 iudicio

162 2516 266 2578 eodem
285 2534 360 2576 anno
382 2519 490 2593 primus
512 2520 638 2576 omnium
661 2517 810 2576 defunctus
832 2521 884 2591 cst,
906 2524 934 2576 et
956 2522 1054 2591 aperto
1077 2533 1126 2576 ore
1147 2533 1201 2574 sc-

46 2615 49 2621 '
161 2604 266 2680 pultus.
301 2602 488 2679 Obtinuitque
501 2604 696 2680 praebendam
715 2604 790 2662 illius
808 2603 975 2663 adolescens
997 2604 1112 2662 consilio
1135 2605 1202 2662 eius

161 2693 295 2749 intrusus.
338 2689 445 2748 Audivi
466 2694 613 2765 veraciter,
634 2689 713 2750 nulla
734 2697 796 2749 arta
809 2707 841 2750 os
863 2692 923 2749 eius
944 2692 1072 2766 potuisse
1094 2688 1203 2765 claudi,

162 2784 194 2836 ut
216 2778 346 2839 omnibus
368 2783 544 2853 patesceret,
566 2783 673 2854 quanta
695 2777 780 2854 culpa
802 2784 885 2851 esset,
905 2779 935 2834 in
957 2779 1050 2837 causis
1071 2776 1202 2836 vendere

161 2862 298 2942 linguam.
347 2863 548 2925 NOVICIUS:
578 2865 662 2940 Rogo
691 2871 724 2923 ut
744 2865 815 2924 vitio
837 2863 1009 2940 duplicitatis
1037 2865 1202 2939 postposito

161 2951 200 3011 ad
225 2951 435 3028 simplicitatem
464 2968 557 3010 sermo
588 2950 700 3026 redcat,
730 2968 804 3026 quaa
832 2953 862 3010 iu
884 2953 994 3026 causis,
1026 2956 1059 3009 ut
1079 2950 1203 3026 praedi-

162 3045 240 3098 ctum
271 3045 334 3113 cst,
366 3035 459 3098 etiam
484 3037 596 3115 linguas
629 3037 748 3098 disertas
782 3045 907 3098 enervat.
960 3035 1201 3098 MONACHUS:

161 3125 227 3186 Hoc
247 3125 359 3201 plenius
381 3127 525 3202 sequentis
547 3125 662 3200 capituli
684 3124 840 3184 declarabit
862 3126 961 3185 oratio

180 3521 210 3588 1)
228 3535 284 3571 vos
302 3519 351 3571 add
369 3519 418 3571 BG.
438 3549 469 3558 —
493 3521 525 3588 2)
543 3521 639 3572 Piscina
658 3530 716 3572 ante
738 3529 835 3588 portam
854 3519 1015 3571 Weiherthor
1031 3518 1124 3574 dictans
1142 3519 1203 3573 luit.

229 3589 293 3641 Vide
316 3589 348 3641 dc
371 3590 421 3641 hoc
443 3592 596 3642 monasterio
619 3589 704 3642 Galen.
728 3589 760 3641 de
777 3589 965 3659 Magn-Calon.
984 3605 1008 3656 p·
1027 3591 1086 3642 358.
1108 3619 1137 3628 -
1166 3591 1203 3660 3]

231 3675 330 3727 saepe
348 3659 397 3710 add
407 3659 435 3710 B.
471 3661 527 3712 llox
542 3676 588 3727 pro
606 3661 701 3711 nimis
719 3661 825 3712 fortasse
842 3659 976 3728 legendum
993 3661 1094 3712 minis.
1114 3689 1146 3698 -
1165 3661 1203 3730 4)

231 3729 294 3782 Ab?
314 3728 495 3793 Cardinali3
518 3731 607 3782 eodem
631 3730 705 3782 modo
724 3731 742 3782 l‘
761 3745 837 3798 supra
856 3729 905 3794 lV,
931 3731 979 3781 79:
1004 3729 1147 3796 „Episcopo
1172 3741 1204 3783 at

230 3799 380 3854 Gurdinios
422 3800 495 3853 Conl.
518 3800 770 3853 sanctimoniali.
796 3829 827 3840 ——
856 3802 888 3868 5)
906 3799 969 3852 ao?
994 3800 1137 3852 Saxonis.
1165 3830 1200 3842 -

231 3871 262 3939 6)
280 3869 347 3922 unde
365 3870 438 3923 Ratio
456 3873 647 3941 cognominatus
664 3871 719 3923 iuli.
739 3901 769 3912 -
789 3871 820 3939 7)
838 3869 858 3924 C
876 3885 1013 3940 quoquc.
