2580 4316
421 273 483 332 DE
508 269 793 334 CONVERSIONE.
901 217 905 230 ·
1086 275 1125 331 53

178 393 282 452 linem
304 411 380 454 mas
403 403 509 470 paret,
531 399 658 454 moriens
679 395 730 462 ced
747 395 861 470 senine
881 395 983 452 claret.

176 481 242 538 Vita
262 481 393 556 fefellit,
416 499 563 558 morsque
584 481 690 558 refellit
710 499 773 540 rem
793 481 973 540 simulatam

168 567 341 642 Heldeyunt
367 570 465 640 dicta,
489 573 569 627 uitae
591 573 684 626 estin
705 569 801 626 codice
822 572 941 643 accipio.

167 654 241 712 Moli
265 649 313 713 bre
337 660 424 714 senis
449 663 494 713 est
516 657 587 713 hoec
608 655 749 730 Moneta
770 655 923 714 Kalendis.

132 755 342 818 NOVICIUS:
376 759 429 817 De
460 759 518 818 hac
539 759 636 834 puella
668 758 781 816 videtur
811 757 1025 834 intelligendum
1057 755 1126 815 illud

79 841 238 903 Salomonis:
262 846 439 904 Mul-ierem
460 845 573 922 fontem
595 843 848 922 quisinvenietss?
891 843 1124 904 MONAOHUS:

77 929 157 1075 {letata
178 940 223 1099 es3
244 933 397 992 fontinido
423 936 530 991 mentis
552 935 581 990 in
604 932 774 1006 quibusdam
806 933 932 1006 seminis,
965 935 998 989 ut
1025 933 1125 990 meritc

85 1033 115 1074 au
133 1025 234 1078 etur².

442 1191 677 1253 CAPITULUM
689 1191 771 1252 XLI.

97 1316 139 1374 De
158 1317 257 1376 cidna
282 1316 474 1388 Coloniensi,
498 1333 575 1460 egeae
596 1318 628 1372 in
649 1333 745 1392 coppo
767 1318 898 1374 conveni
920 1331 1037 1392 cerasa
1058 1322 1099 1374 eet

572 1405 697 1461 civitate.

127 1541 265 1602 Honesta
289 1541 449 1618 quaedam
470 1547 601 1600 matrona
623 1541 659 1600 de
683 1539 816 1618 Colonia,
839 1541 943 1600 divitiis
964 1539 1075 1616 pollens
1097 1547 1127 1598 et

73 1630 302 1704 enuntiemus,
329 1647 402 1688 cum
425 1634 494 1704 post
513 1629 606 1686 mariti
627 1633 747 1687 mortem
766 1627 878 1686 Christo
900 1628 1008 1686 nubere
1030 1626 1125 1700 vellet,

73 1716 163 1775 timore
185 1719 372 1790 amicorum,
395 1734 415 1774 a
438 1715 541 1789 quibus
564 1717 625 1773 eius
647 1715 818 1773 desiderium
831 1715 1048 1790 impediebatur,
1069 1713 1124 1773 ha-

74 1801 123 1859 bito
145 1804 268 1863 consilio
296 1804 414 1862 domini
436 1801 537 1860 Karoli
558 1801 683 1860 Abbatis
704 1801 886 1877 Vilariensis,
909 1819 1031 1877 cappam
1053 1817 1124 1860 con-

74 1890 139 1947 versi
158 1891 272 1965 induit,
306 1892 414 1964 sicque
445 1905 498 1962 per
528 1888 608 1947 illum
630 1889 665 1947 de
688 1890 802 1947 civitate
824 1889 944 1963 educta,
972 1891 1002 1946 in
1023 1887 1123 1946 Monte

74 1983 179 2035 sanctae
191 1977 378 2052 walburgis
401 1974 532 2034 monialis
555 1981 599 2033 est
621 1976 729 2034 effecta.
765 1971 967 2035 NOVICIUS:
989 1974 1036 2033 De
1051 1992 1123 2034 con-

75 2064 194 2122 versione
217 2064 387 2124 viduarum
410 2079 464 2121 seu
485 2064 681 2120 maritatamm
690 2057 721 2140 ³),
743 2078 817 2136 quae
840 2062 875 2120 de
889 2061 969 2120 faece
985 2056 1121 2138 saecun)

74 2156 274 2226 gustaverunt,
310 2165 375 2208 non
400 2147 521 2207 mtdtum
542 2152 644 2223 mir0r3
673 2151 816 2224 virginum
845 2165 914 2207 vcro
945 2148 1045 2207 contra
1065 2165 1121 2222 pe·

75 2243 175 2296 rcutum
197 2237 395 2298 voluntatem
417 2253 449 2294 se
471 2238 697 2295 convertentium
719 2239 908 2295 constantiam
936 2237 1005 2294 satie
1026 2233 1120 2294 admi·

75 2319 149 2403 ror‘).
191 2321 448 2385 MONACHUS:
471 2322 619 2398 Quasdam
640 2339 676 2381 ex
697 2321 741 2382 his
762 2339 815 2398 pro
837 2321 968 2398 exemplo
989 2323 1042 2382 tibi
1061 2339 1118 2397 po·

75 2405 168 2490 nami.

427 2561 659 2642 eminuiuu
680 2583 777 2642 xnu.

170 2707 220 2766 De
243 2667 443 2766 conversione
456 2703 603 2764 Metirilclis
616 2709 778 2780 moesicae
799 2707 830 2764 in
844 2704 1013 2764 Fusinnicln.

133 2844 264 2906 Domina
272 2843 428 2903 Methildis
448 2845 585 2918 magistra
604 2843 690 2902 hodie
711 2844 916 2918 inFusinnich,
937 2860 1003 2902 cum
1024 2842 1117 2901 habe-

80 2937 115 2988 ret
133 2941 271 3006 parentes
294 2931 461 3002 ditissimos,
483 2936 511 2989 et
532 2930 571 2988 ad
592 2931 699 2988 saeculi
715 2934 829 3005 nuptias
841 2933 1000 3004 nutriretur,
1022 2928 1116 2989 adhuc

80 3015 215 3080 nasute
238 3023 344 3078 tenera
368 3019 534 3090 constituta,
568 3033 599 3074 se
621 3017 682 3075 solo
705 3016 818 3075 Christo
840 3017 914 3076 velle
937 3017 1116 3091 desponsari,

83 3102 296 3185 monialisquess
319 3103 384 3165 ficri
414 3103 539 3177 quotidie
559 3109 717 3179 protestata
735 3111 785 3162 est.
830 3103 959 3179 Cumque
973 3103 1117 3161 blanditiis

83 3189 134 3248 sive
153 3195 241 3251 minis
264 3209 324 3250 non
347 3190 446 3266 prisset
466 3193 575 3263 averti,
597 3189 642 3248 die
672 3191 797 3265 quadam
819 3191 948 3249 vestibus
968 3192 1118 3265 purpureis

85 3283 171 3336 centra
191 3279 380 3338 voluntatem
387 3273 409 3358 ⁸)
430 3277 538 3351 induta,
559 3280 644 3335 matri
665 3277 824 3352 respondit:
846 3278 966 3336 Etiamsi
996 3277 1118 3336 feceritis

85 3377 122 3419 me
142 3381 269 3440 amcam,
291 3379 353 3423 non
372 3366 501 3440 poteritis
523 3370 634 3422 mutare
655 3367 834 3440 propositum
855 3381 960 3422 meum.
989 3361 1118 3424 Tandem

101 3494 127 3564 1)
142 3496 259 3551 haveth.
272 3497 318 3561 31,
333 3497 374 3550 10.
385 3496 467 3550 Verba
480 3494 522 3550 Dc
540 3497 598 3548 hac
611 3526 642 3537 -
655 3497 821 3550 inveniet?
840 3495 1014 3549 Monachus
1027 3496 1118 3548 aberant

146 3567 264 3621 accdice
283 3567 315 3618 D.
336 3597 368 3606 -
396 3565 464 3633 2)1³
490 3565 675 3618 laudentur.
696 3596 727 3606 -
755 3568 787 3633 3)
805 3565 845 3619 ΒΡ
872 3569 1065 3618 maritarum.
1084 3597 1115 3606 -

146 3637 177 3705 4)
193 3637 213 3690 C
231 3635 362 3688 saeculi
381 3635 522 3687 leece—
537 3637 569 3704 5]
587 3635 607 3689 G
625 3639 708 3687 setis
726 3634 867 3688 admiror
886 3638 1116 3688 constantiam.

149 3733 177 3744 -
195 3703 439 3774 6)unesdnrn
466 3706 525 3758 tibi
553 3705 589 3756 de
615 3705 664 3756 his
691 3721 746 3772 per
773 3707 917 3772 exempla
944 3699 1071 3772 ponem,
1096 3706 1118 3757 D

148 3776 299 3840 quasdam
326 3787 384 3842 pro
410 3773 458 3826 his
479 3777 514 3828 in
542 3775 721 3842 exemplum
747 3775 810 3826 tibi
832 3786 1015 3843 proponam.
1035 3803 1065 3814 —
1086 3774 1118 3842 7)

148 3843 433 3912 Rmouialemque.
452 3875 483 3885 -
501 3846 534 3914 8)
552 3844 573 3898 0
589 3843 639 3896 add
658 3859 753 3897 suam.
