2594 4302
201 274 268 336 uo
516 270 746 338 nummo
768 271 926 336 nemun
996 218 999 232 r

201 394 862 473 etiprouutnutlstergorixinlreereret.
914 393 1241 472 uorqeemenumr

200 481 280 544 irene
300 481 435 542 monachi
453 481 617 559 rpuslrem,
638 484 679 543 nit
698 484 769 543 retis
788 482 947 542 humliter:
968 481 1013 543 Ite
1033 483 1064 541 h
1084 497 1167 558 pecc,
1187 480 1244 542 ho·

201 570 412 632 umnemvir
433 571 510 630 estis.
554 569 675 630 Onlille
696 572 864 647 repudians,
884 569 977 632 laetm
997 570 1148 645 metensi,
1168 567 1245 628 divi-

200 657 278 716 nitus
292 673 324 716 re
344 655 496 716 liberatum
516 673 736 734 recognoscens.
778 656 861 717 Haec
888 656 957 716 milri
978 655 1056 716 idem
1076 654 1246 716 Rielrrrinus

202 757 252 804 ore
272 759 327 803 suo
348 743 496 804 conlectus
518 749 570 803 ert.
612 741 817 804 uovmms:
843 742 939 806 Velde
959 741 1103 803 timendus
1126 747 1181 818 eet,
1204 743 1247 802 cui

201 831 246 890 sic
263 828 364 890 aether
384 829 547 890 umulauu.
587 829 825 890 MONAOHUS:
846 829 914 890 Non
933 829 1029 890 solum
1048 830 1124 906 ignis
1145 829 1249 890 nethe-

201 931 284 991 reus,
315 915 368 976 sed
389 921 419 976 et
450 922 581 976 terrenus
608 919 659 994 qul
679 917 929 994 lignianutritnr,
956 923 987 976 et
1013 916 1052 976 ab
1080 915 1248 976 hominibus

201 1001 398 1077 succenditur,
422 1004 449 1062 ei
470 1001 607 1078 deservit,
627 1021 705 1064 nunc
724 1001 764 1064 ed
785 1002 929 1064 creatoris
954 1009 1058 1062 nutum
1078 1004 1142 1063 rirn
1162 1010 1249 1064 natu·

202 1089 291 1150 ralem
320 1087 496 1163 cohibendo,
523 1091 655 1150 nuncin
683 1107 714 1151 re
741 1089 845 1168 frigide
871 1107 930 1151 nou
958 1091 1054 1150 miuus
1075 1091 1249 1152 muscum

203 1174 325 1239 eundern
351 1175 520 1238 exercendo.
778 1223 779 1232 ,

534 1311 769 1378 CAPITULUM
795 1311 919 1378 xxxl.

260 1438 309 1498 Dc
329 1437 424 1498 viduo
445 1455 524 1512 quae
543 1454 701 1496 mensurus
722 1453 794 1496 euos
810 1453 927 1511 ponem
949 1443 1056 1497 watra
1076 1406 1229 1514 tynam,

418 1523 540 1583 domum
561 1541 650 1584 eccm
672 1521 711 1582 ab
732 1523 868 1582 merdic
890 1521 1035 1584 obeamt

268 1641 304 1702 ln
325 1641 502 1722 Episcopatu
517 1643 680 1704 Coloniensi
701 1642 787 1720 opido
808 1643 949 1720 imperiali
969 1641 1048 1720 quod
1062 1641 1226 1724 Dueeburg
1234 1641 1249 1726 ¹)

205 1729 316 1803 dicitur,
336 1729 425 1790 vidue
446 1730 589 1806 quaedam
613 1731 763 1790 cervisiam
784 1731 905 1790 braxene
919 1747 957 1791 ac
978 1729 1106 1792 vendere
1130 1732 1249 1793 solebat

204 1815 261 1876 Die
283 1816 409 1892 quadam
422 1834 488 1877 cum
510 1820 612 1878 civitas
627 1833 697 1878 casu
715 1817 815 1878 ilrlsset
828 1818 953 1894 incensa,
974 1819 1130 1896 ipsumque
1152 1821 1249 1881 incen·

206 1903 286 1963 dium
307 1902 487 1963 domnicius
508 1906 782 1984 appropinquasset,
805 1903 854 1962 illa
874 1906 932 1964 iam
952 1921 1011 1966 uon
1032 1903 1147 1965 habens
1172 1924 1247 1984 speur

206 1991 234 2049 in
256 1991 362 2050 anxilio
383 1990 525 2066 humano,
554 1989 593 2050 ad
623 1990 750 2050 divinum
780 1990 914 2068 confugit
964 1991 1040 2052 Nam
1069 1993 1173 2052 omnia
1201 2011 1247 2053 sua

204 2093 277 2138 vasa
290 2077 395 2156 quibus
409 2077 752 2155 cervisiememptorlbue
764 2094 929 2138 mensurare
943 2077 1063 2153 solebat,
1084 2077 1127 2138 ud
1144 2083 1247 2140 ostium
1272 2053 1273 2139 l

205 2163 308 2224 domus
330 2170 430 2224 contra
450 2163 581 2224 flammae
602 2181 728 2240 ponens,
756 2166 786 2222 in
807 2163 898 2224 multa
927 2163 1020 2225 cordis
1040 2166 1085 2224 eui
1109 2168 1246 2245 simplici-

204 2256 273 2326 tate,
294 2252 336 2311 sic
357 2253 450 2311 oravit
471 2250 583 2311 diceusr
604 2251 729 2311 Domine
750 2250 832 2311 Deus
853 2252 946 2311 iustus
968 2258 998 2311 et
1023 2254 1246 2331 misericors,.si

203 2353 332 2414 uuquam
353 2336 478 2413 aliquam
498 2335 679 2420 hominum²)
712 2337 757 2398 his
789 2339 929 2398 mensuris
962 2337 1081 2416 decepi,
1114 2342 1189 2401 volo
1220 2349 1246 2401 nt

204 2423 306 2484 domus
328 2424 401 2484 haec
423 2424 613 2484 comburetur.
657 2425 689 2485 Si
710 2430 807 2485 eutem
828 2424 882 2484 ieci
904 2423 982 2510 quod
1006 2431 1119 2486 rectum
1148 2437 1198 2488 eet
1222 2431 1246 2488 iu

203 2510 294 2572 oculis
315 2513 388 2586 tuis,
408 2528 511 2587 precor
531 2513 668 2572 iustitiam
689 2517 785 2588 tuam,
806 2513 889 2572 utin
910 2512 966 2574 hac
987 2512 1059 2574 lrore
1080 2516 1245 2576 misericor-

203 2596 276 2656 diter
288 2595 423 2674 respicias
437 2601 637 2658 neoessitatem
658 2616 761 2674 meam,
788 2605 816 2657 et
837 2599 907 2660 mihi
920 2616 1060 2678 meaeque
1074 2602 1245 2678 supellectili

201 2700 319 2761 parcere
348 2683 480 2760 digneris.
529 2684 605 2745 Mira
632 2684 704 2745 fides
732 2685 869 2760 feminae,
902 2688 976 2745 mira
996 2687 1054 2746 Dei
1089 2685 1245 2750 humilitas

201 2769 232 2831 Ie
254 2773 304 2846 qui
327 2769 412 2829 dixit:
437 2771 506 2850 Qua
527 2789 668 2832 memoro
688 2776 782 2831 merui
792 2772 921 2849 fueritis,
938 2777 1110 2833 remetietur
1125 2774 1244 2852 vobim),

201 2874 236 2917 uo
259 2860 283 2916 si
305 2859 331 2917 ei
353 2859 480 2918 oratione
508 2857 600 2918 fidelis
631 2858 736 2919 viduae
764 2859 930 2930 conclusum
958 2859 1073 2935 fuisset,
1114 2861 1270 2953 flammari

201 2947 297 3004 emula
309 2947 338 3004 in
358 2946 476 3004 circuitu
498 2944 678 3021 devorantes,
699 2963 717 3005 a
736 2945 822 3005 domo
842 2948 903 3005 eius
926 2948 1115 3023 compescuit,
1137 2952 1243 3010 cunctis

200 3031 381 3108 stupentibus
403 3031 482 3108 quod
502 3033 576 3109 ignis
597 3033 693 3106 lutens
714 3035 863 3092 materiam
885 3031 1068 3094 cremabilem
1089 3033 1242 3112 lamberet,

200 3136 254 3180 nec
274 3117 447 3179 incenderet.
489 3117 569 3178 Audi
589 3136 666 3179 nunc
687 3119 744 3179 alie
765 3136 857 3196 aeque
882 3119 1063 3182 miraculosa.
1268 3173 1269 3225 ᾖ

524 3306 758 3370 CAPITULUM
779 3309 916 3370 XXXII.

278 3432 326 3492 Dc
346 3434 409 3494 eice
428 3431 594 3492 &medem
615 3434 700 3490 caius
721 3434 807 3492 vestie
829 3430 982 3492 conoberto
1004 3437 1054 3506 est,
1076 3450 1170 3496 murce
1267 3417 1268 3497 l

538 3519 686 3578 cutodita
713 3517 899 3578 miraculosa.

262 3636 351 3715 Apud
372 3637 520 3699 Susaciam
542 3642 689 3699 civitatem
709 3639 859 3700 Dioecesis
881 3638 1059 3700 coloniensis
1081 3644 1157 3703 civis
1180 3645 1240 3720 qui·

198 3723 265 3786 dam
297 3726 326 3784 in
352 3724 409 3786 hac
437 3726 537 3785 ultima
559 3726 739 3804 expeditione
769 3744 853 3787 cruce
875 3729 1003 3804 signatus
1023 3727 1086 3788 fuit.
1132 3729 1238 3791 Eodem

215 3840 248 3906 1]
265 3839 400 3908 Duieburg.
418 3871 451 3880 —
469 3841 501 3909 2)
519 3840 541 3893 B
560 3841 731 3946 hominem
749 3873 779 3884 —
799 3843 830 3912 3)
848 3843 936 3896 llutth.
954 3843 979 3908 7,
996 3842 1021 3894 2.
1149 3917 1153 3925 1
