2580 4316
449 207 501 270 DE
521 209 797 273 CONTRITIONE.
1093 216 1132 274 59
1152 228 1154 238 ⁴

107 330 203 390 illorum
223 333 337 406 rictus,
363 335 421 392 ait:
459 333 566 394 Vocate
579 331 594 414 ¹)
618 335 804 394 sacerdotem.
849 334 905 410 Qui
928 351 993 394 erun
1014 342 1134 395 vocans

108 418 215 489 adesset,
236 425 265 477 et
288 437 395 480 eoram
417 420 526 480 infirmo
548 422 675 496 sedaret,
696 424 760 496 pius
781 422 938 496 Dominus,
962 424 1011 497 qui
1030 428 1134 499 potens

106 513 142 563 est
158 506 261 564 auferre
286 524 339 565 cor
364 508 518 584 lapideum,
540 517 568 567 et
590 509 664 568 dare·
680 525 729 567 cor
741 525 875 568 eamcum
884 507 913 588 ²),
936 515 1045 568 tantam
1057 509 1133 569 cordi

104 595 153 650 eius
173 595 291 653 eontulit
315 598 536 670 contritionem,
557 601 590 654 ut
612 613 698 670 saepe
707 592 728 675 ³)
751 597 958 655 confessionem
978 599 1133 672 inciperet,

102 685 125 736 et
148 687 258 755 propter
287 681 439 757 singultus
478 690 506 740 et
536 683 667 742 lacrimas
694 685 796 741 totiens
828 686 857 741 in
885 700 958 742 voce
992 684 1133 743 deficeret.

100 766 213 825 Tandem
236 768 366 827 collecto
389 771 492 844 spiritu
512 772 540 828 iu
555 769 720 828 huiusmodi
733 771 822 829 verba
835 773 978 846 prorupit:
1000 771 1133 844 Domine,

97 857 201 927 peceavi
223 873 316 931 super
340 873 462 915 arenam
482 859 575 930 maris,
596 857 756 916 monachus
775 857 817 914 lui
839 854 1081 936 cisterciensis⁴),
1104 865 1133 917 et

97 941 231 1002 inordina
254 942 399 1002 sacerdos
422 944 522 1002 factus.
559 942 702 1018 Ordinem,
725 945 1131 1020 peccatis-meiscxigentibus,

96 1027 206 1104 deserum
241 1037 272 1088 et
302 1047 366 1088 non
388 1031 460 1088 milri
483 1031 592 1092 suffecit
614 1030 692 1106 quod
714 1033 889 1105 apostatari,
922 1031 974 1089 scd
996 1038 1025 1089 et
1045 1047 1131 1106 prae·

96 1115 203 1174 donibus
231 1134 283 1176 mc
321 1120 475 1191 coniunxi,
508 1135 580 1193 quos
609 1134 707 1175 omnes
729 1119 765 1176 in
794 1118 961 1176 erudelitate
990 1120 1131 1192 superavi.

72 1202 190 1276 'Quibus
211 1204 254 1260 illi
277 1204 428 1263 tollebant
449 1205 645 1278 substantiam,
671 1221 723 1280 ego
746 1205 851 1263 abstuli
878 1207 976 1263 vitam.
1019 1205 1132 1264 Nemini

93 1291 217 1363 parcebat
239 1291 349 1349 oculus
371 1309 465 1349 meus.
508 1291 538 1349 Si
560 1291 600 1348 illi
620 1291 777 1366 parcebant
806 1292 978 1366 quandoque
1005 1291 1132 1350 humana

93 1377 158 1436 ducti
178 1381 380 1451 miseratione,
405 1396 460 1454 ego
483 1378 575 1436 cordis
596 1381 653 1436 mei
673 1377 835 1452 impellente
846 1379 956 1436 malitia
965 1376 994 1458 ⁵),
1015 1380 1130 1452 nemini,

92 1471 219 1538 quantum
241 1467 272 1522 in
297 1484 348 1524 me
371 1465 433 1538 fuit,
455 1483 573 1540 parcere
594 1467 681 1540 potui.
714 1464 871 1524 Multorum
894 1483 996 1523 uxores
1019 1465 1129 1524 ctfilias

91 1552 193 1626 violavi,
214 1552 364 1610 incendiis
388 1545 504 1630 etiam⁶)
518 1551 639 1627 plurima
660 1555 781 1610 vastavi.
823 1551 1010 1610 Enumeravit
1031 1559 1060 1610 et
1074 1551 1130 1610 alia

91 1639 333 1714 quamplurima,
367 1638 580 1713 quodammodo
610 1644 741 1697 naturam
770 1639 925 1696 humanam
955 1639 1130 1698 excedentia.

91 1725 196 1786 Talibus
219 1725 367 1786 sacerdos
390 1726 509 1800 auditis,
537 1731 720 1801 peccatorum
743 1727 802 1783 eius
816 1722 835 1804 ⁷)
858 1729 1025 1784 enormitate
1047 1728 1129 1785 terri-

91 1823 141 1886 tus,
161 1817 236 1872 sicut
260 1815 372 1872 stultus
397 1813 461 1887 luit,
483 1816 523 1872 ita
545 1820 573 1870 et
594 1812 679 1870 stulte
701 1812 861 1887 respondit:
894 1811 989 1870 Maior
1011 1821 1062 1886 est,
1083 1815 1129 1870 in-

91 1898 178 1980 quit³),
199 1904 345 1983 iniquitas
357 1906 463 1974 vestra,
485 1918 571 1975 quam
585 1905 617 1956 ut
638 1902 753 1958 veniam
763 1902 938 1958 mereamini.
972 1899 1131 1974 Respondit

89 1986 140 2044 llle:
160 1988 302 2064 Domine,
324 1989 459 2046 literatus
480 2005 552 2045 sum.
582 1985 702 2061 Saepius
725 1985 823 2044 audivi
844 1993 872 2044 et
885 1985 950 2061 legi,
973 1989 1039 2060 quia
1051 1985 1130 2044 nulla

89 2076 119 2132 sit
138 2078 320 2152 comparatio
344 2075 491 2132 humanae
512 2073 637 2132 malitiae
659 2071 696 2130 ad
719 2072 844 2131 divinam
870 2073 1036 2131 bonitatem.
1080 2072 1132 2129 Ait

90 2163 154 2220 enim
174 2181 228 2238 pcr
250 2161 439 2238 Prophetam
459 2159 654 2219 Ezechielem:
676 2159 715 2217 In
737 2177 915 2235 quacunque
935 2161 1012 2217 hora
1023 2177 1128 2233 pccca-

37 2249 40 2260 '
91 2255 129 2306 lor
148 2252 342 2325 ingravescenti,
366 2248 469 2306 sulvus
491 2251 553 2305 crit.
596 2245 686 2305 Item:
707 2247 786 2305 Nolo
808 2253 934 2304 mortem
950 2250 1130 2321 peccaturas,

90 2337 132 2392 sed
149 2344 183 2396 ut
205 2343 411 2396 convertatur
433 2342 461 2392 ct
481 2330 604 2411 uieut⁹).
632 2334 715 2409 Rogo
737 2350 791 2392 vos
813 2335 897 2408 igitur
914 2329 942 2412 ¹⁰)
964 2335 1066 2391 intuitu
1083 2333 1128 2391 di·

91 2425 162 2482 uinae
190 2421 428 2495 misericordiae,
460 2421 640 2495 utaliquam
661 2421 730 2478 mihi
752 2420 906 2496 dignemini
926 2422 1130 2495 poenitentiam

91 2511 235 2588 iniungere.
281 2511 324 2568 Et
347 2507 499 2568 sacerdos:
527 2507 630 2566 Nescio
661 2507 729 2582 quid
750 2508 803 2565 tibi
823 2509 968 2583 iniungere
985 2503 1029 2585 ¹¹),
1063 2509 1130 2582 quia
1168 2525 1171 2538 ’

91 2583 165 2657 homo
186 2598 324 2674 perditus
349 2613 390 2654 es.
421 2593 580 2672 Respondit
590 2595 764 2654 monachus:
785 2593 918 2668 Domine,
940 2612 975 2653 ex
998 2611 1054 2668 quo
1071 2611 1128 2652 non

92 2699 144 2743 sum
165 2683 272 2762 dignus
296 2703 317 2742 a
340 2683 424 2742 vobis
445 2683 571 2756 recipere
603 2683 807 2757 poenitentiam
824 2677 867 2757 ¹²),
897 2697 950 2756 ego
979 2681 1048 2738 mihi
1074 2683 1129 2756 ipsi

91 2775 292 2844 poenitentiam
314 2773 478 2845 iniungam3
510 2768 583 2844 eligo
606 2770 681 2826 enim
705 2767 762 2826 duo
784 2767 872 2825 millia
893 2784 1031 2826 annorum
1047 2765 1076 2846 ¹³)
1099 2770 1127 2824 in

91 2862 261 2935 purgatorio,
300 2865 334 2915 ut
355 2863 423 2932 post
443 2856 507 2914 illos
527 2853 749 2914 misericordiam
771 2855 914 2912 inveniam
937 2871 1033 2913 eoram
1054 2853 1129 2916 Deo.

92 2945 193 3006 Positus
216 2945 368 3022 siquidem
389 2944 483 3000 suerat
503 2944 576 3000 inter
598 2942 669 3000 duas
702 2941 808 3014 molas,
839 2943 971 3000 timorem
996 2940 1129 3000 videlicet

92 3033 248 3108 gehennae,
288 3039 317 3091 et
339 3047 423 3105 spem
443 3029 559 3106 gloriae.
602 3027 806 3088 NOVICIUS:
828 3026 868 3086 Ut
889 3028 958 3103 quid
978 3035 1038 3086 tam
1059 3045 1129 3103 pro-

93 3118 168 3179 lixum
188 3121 350 3180 terminum
374 3115 479 3193 elegit?
512 3113 744 3175 MONACHUS:
768 3113 843 3189 Quia
865 3121 893 3172 et
904 3114 1128 3191 magnitudinem

95 3215 273 3280 peecatorum
293 3222 415 3267 auorum
437 3202 639 3277 consideravit,
672 3207 701 3262 et
728 3219 852 3279 poenam
873 3201 1060 3277 temporalem
1081 3220 1129 3262 re-

110 3377 235 3444 lJGadd
263 3375 404 3428 mihi-
431 3371 750 3440 2)Ezecn.11,19.-
777 3372 808 3437 3)
832 3369 852 3423 G
877 3372 1017 3437 saepius.
1037 3400 1068 3409 -
1096 3371 1129 3438 l)

152 3445 257 3499 licini
281 3443 529 3500 cisterciensis
550 3441 693 3504 ordinis,
720 3441 738 3492 Ρ
766 3457 830 3492 sum
857 3439 985 3493 ordinis
1008 3438 1128 3492 Cister-

154 3519 283 3568 eicnsis.
300 3547 332 3556 -
363 3515 395 3583 5)
415 3511 435 3564 G
452 3514 603 3580 nequitia.
622 3541 652 3552 -
673 3512 704 3578 6)
722 3511 742 3562 Β
762 3527 859 3577 quam.
877 3541 909 3551 «-
928 3510 960 3578 7)
984 3507 1004 3561 C
1026 3509 1128 3568 illius.

156 3615 184 3626 -
204 3588 236 3656 8)
254 3586 366 3655 inquit
392 3597 435 3634 om
453 3580 501 3634 BG.
521 3613 551 3621 -
575 3582 606 3650 9)
624 3581 716 3634 Erech.
735 3581 784 3642 33,
802 3579 843 3630 11.
864 3609 894 3618 -
921 3577 1127 3646 10)Cigitur

155 3671 224 3721 ros,
245 3658 265 3710 P
283 3671 343 3710 vos
371 3667 461 3719 ergo.
481 3680 511 3690 -
531 3651 579 3720 11)
598 3651 618 3703 G
635 3652 816 3718 iniungam,
838 3649 1050 3716 Riuiuugere
1074 3647 1129 3698 dc-

156 3724 248 3780 beam.
268 3757 299 3768 -
321 3724 374 3792 12)
395 3721 417 3773 B
436 3723 672 3787 poenitentiam
690 3721 856 3784 recipere:
873 3716 948 3785 paulo
967 3726 1026 3784 post
1043 3716 1063 3769 G
1080 3718 1129 3768 in·

156 3797 275 3868 iungam
292 3791 544 3866 poenitentiam.
564 3821 592 3831 -
614 3791 662 3859 13)
679 3788 717 3843 GP
736 3787 785 3840 add
804 3803 884 3839 esse.
