2538 4314
412 254 468 315 DE
490 251 754 316 semanticus.

340 477 607 576 lllSTlNllllll
640 475 833 585 ababli
1044 621 1049 634 Ι

129 649 257 755 ¹nn
321 649 1041 780 unmunuloiun.

403 821 775 870 ψ

446 979 681 1044 cAPITULUM
700 980 725 1040 L

86 1101 123 1160 Dc
140 1120 171 1161 eo
191 1105 272 1182 qood
291 1107 357 1163 vito
378 1104 585 1178 relipioaorum
606 1105 645 1161 ait
666 1105 806 1177 motati05
833 1108 861 1162 ct
883 1103 1047 1177 exemplum
1069 1104 1104 1162 de

120 1189 192 1266 Repe
212 1191 428 1250 Karlomanpo
445 1187 473 1266 ¹),
497 1196 525 1247 ct
546 1188 582 1247 de
600 1187 671 1264 fure
693 1206 713 1246 a
733 1195 837 1248 sancto
857 1188 1017 1248 Bernardo
1039 1208 1060 1248 a

430 1275 588 1351 suspendio
610 1273 742 1335 liberato.
832 1323 845 1346 .
915 1331 919 1340 .

133 1413 414 1475 ASCENDENTES
443 1413 494 1471 lilii
524 1411 616 1472 Israel
647 1412 684 1474 de
714 1412 866 1490 Aegypto,
904 1430 973 1472 mox
1003 1419 1105 1476 tentati

82 1506 136 1559 sunt
152 1504 180 1560 in
201 1502 323 1562 deserto.
368 1500 522 1576 Aegyptus
543 1499 673 1576 designat
694 1495 833 1558 mundum
861 1501 923 1559 sive
944 1508 1103 1578 peccatum,

83 1585 207 1648 desertum
235 1590 453 1648 monasterium.
501 1586 647 1662 Respecto
669 1589 746 1646 enim
773 1585 960 1646 multitudinis
982 1606 1001 1648 a
1026 1589 1103 1648 mul-

81 1675 110 1731 tis
138 1674 287 1750 deseritur,
333 1687 363 1734 et
396 1692 415 1733 a
448 1675 549 1748 paucis
579 1672 718 1733 incolitur.
779 1672 932 1750 Aegyptus
963 1675 1103 1751 interpre-

81 1763 143 1818 tatur
160 1763 313 1836 tenebrae,
346 1760 395 1820 vel
417 1759 579 1833 tribulatio,
607 1759 655 1819 vel
677 1761 824 1836 angamtia,
853 1760 901 1819 vel
921 1778 1105 1838 persequens.

81 1843 110 1903 llt
126 1849 170 1907 ubi
181 1852 307 1910 maiores
320 1848 466 1921 tenebrae,
490 1846 695 1921 tribulationes,
716 1849 866 1922 angustiae
887 1853 917 1906 et
935 1851 1104 1925 persecutio,

82 1948 153 2006 quam
171 1937 200 1994 in
221 1935 333 1995 mundo
357 1940 386 1994 et
406 1937 437 1992 in
457 1931 601 2009 peccato?
621 1957 622 1962 ¹
639 1932 798 2008 Nusquam.
840 1933 905 1992 Filii
925 1933 1016 1994 Israel
1036 1942 1103 1996 sunt

82 2018 149 2080 electi
178 2026 302 2098 quique,
332 2023 381 2096 qui
403 2023 501 2080 statim
522 2025 555 2077 ut
566 2016 587 2101 ²)
610 2023 715 2096 egressi
734 2021 838 2078 luerint
859 2020 894 2079 de
916 2021 1031 2081 saeculo
1052 2040 1104 2099 per

81 2111 289 2184 conversionem,
313 2114 343 2167 et
364 2107 401 2167 de
421 2111 542 2182 peccato
564 2123 616 2182 per
630 2109 826 2166 contritionem
845 2113 932 2182 atque
945 2108 1102 2168 confessio-

80 2208 146 2269 nem,
175 2199 225 2255 vix
248 2212 315 2255 esse
336 2200 446 2271 potest,
479 2195 548 2269 quin
576 2195 606 2252 in
627 2195 798 2252 monastario
822 2197 903 2268 quasi
923 2197 953 2253 in
975 2195 1102 2271 deserto,

81 2279 142 2340 drea
159 2284 332 2358 principium
345 2283 478 2355 maxime,
499 2279 697 2358 multimodam
714 2279 856 2340 incurrent
867 2277 887 2360 ³)
897 2349 899 2356 Ι
909 2285 1102 2344 tentationem.

79 2363 109 2423 Et
126 2385 246 2446 congrue
269 2368 385 2428 videtur
405 2369 435 2425 in
458 2373 560 2442 quarta
582 2367 761 2426 distinetione
782 2367 962 2427 tractandum
982 2386 1044 2429 esse
1066 2371 1102 2430 de

79 2455 232 2531 tentatione,
262 2457 333 2530 quia
354 2455 553 2531 quatamarlus
574 2455 735 2514 stabilitatis
755 2471 890 2514 numerus
912 2462 969 2531 est3
999 2473 1102 2532 corpus

80 2541 141 2598 enim
166 2543 341 2618 quadratum
372 2544 403 2600 in
433 2556 633 2616 quamcunque
664 2547 776 2616 partem
804 2547 918 2617 vergat,
950 2545 1102 2604 stationem

80 2629 220 2688 naturalem
243 2634 351 2688 serrat
384 2627 458 2686 Cum
479 2633 614 2703 peccator
634 2627 673 2685 ad
685 2627 842 2686 Dominum
864 2645 994 2704 corpore,
1016 2629 1101 2690 deso-

79 2713 152 2774 rendo
172 2711 371 2794 saeculumll,
397 2714 483 2772 fuen't
504 2730 674 2788 conversus,
703 2712 788 2773 corde
816 2731 868 2788 pro
896 2718 1022 2791 peccatis
1042 2719 1101 2778 suis

80 2803 215 2879 contritus,
246 2808 278 2862 et
307 2804 363 2861 oris
393 2800 571 2860 consessione
598 2800 766 2860 iustificatua
795 2806 882 2874 atque
904 2802 1102 2879 confirmatus,

79 2889 135 2946 tunc
154 2889 190 2949 ad
209 2906 342 2966 pugnam
362 2889 529 2947 tentationis
550 2882 849 2961 procedet'securius,
882 2895 910 2946 et
932 2906 998 2948 cum
1018 2889 1101 2950 hosta

80 2969 208 3036 dimicabit
230 2975 387 3036 efficacius.
418 2973 503 3033 Unde
515 2972 647 3032 Salvator
667 2975 927 3050 postbaptismum,
948 2992 1006 3034 non
1027 2983 1101 3053 anta,

79 3063 189 3133 permisit
209 3080 242 3124 se
265 3064 372 3121 tentari
393 3078 412 3120 a
434 3059 557 3120 diabolo.
601 3059 747 3120 Confessio
770 3062 826 3119 oris
848 3078 913 3121 oum
936 3065 1123 3124 contritione

81 3147 165 3224 cordis,
184 3149 330 3211 secundus
353 3149 513 3224 baptismus
535 3153 586 3206 est.
628 3145 704 3206 Hinc
726 3153 770 3206 est
791 3147 868 3223 quod
881 3147 1015 3224 Apostoli
1035 3159 1102 3226 post

81 3232 219 3297 adventum
236 3237 362 3312 Spiritus
383 3236 476 3294 sancti
496 3231 741 3310 persecutionibus
762 3242 949 3310 exponuntur,
970 3238 999 3295 in
1020 3240 1101 3298 euius

96 3470 193 3539 illc?
218 3451 529 3535 llnrlonlannorum,
558 3472 578 3524 B
601 3471 721 3524 Karolo
746 3471 978 3539 Romanorum,
1001 3470 1024 3527 D'
1047 3477 1102 3530 lla·

137 3545 422 3598 roloFrancorum.
435 3541 753 3609 —2JGstatimcum,
770 3542 873 3596 Bmox
891 3553 939 3608 ut3
956 3545 1101 3613 paulopost

137 3612 295 3667 Glnerint
313 3613 352 3664 de
370 3613 539 3679 Aegypto,
557 3611 670 3671 idest,
688 3611 725 3662 de
743 3612 884 3664 saeculo.
910 3643 941 3653 —
960 3615 992 3682 3)
1010 3615 1031 3666 D
1055 3617 1103 3667 in·

138 3695 284 3749 currunt,
303 3685 346 3739 CR
363 3684 543 3734 incurrant.
561 3680 706 3734 llroswitha
723 3681 788 3748 Opp.
806 3698 832 3748 p.
851 3683 879 3734 9:
898 3698 955 3734 nec
973 3683 1102 3745 dubito,

139 3756 209 3820 quin
226 3753 360 3810 divinae
378 3753 597 3818 inspiratione
615 3752 743 3820 gratiae
758 3749 795 3801 ad
808 3751 1004 3804 credendum
1021 3755 1101 3805 estis

139 3835 366 3888 perventurae.
388 3851 418 3862 -
438 3821 470 3889 t)
488 3819 529 3874 Bc
546 3820 711 3873 saeculum
729 3819 923 3872 deserendo.
