2538 4314
152 251 212 315 132Ι
464 252 694 318 DISTINCTIO
712 253 861 315 TERTIA

495 409 728 472 CAPITULUM
757 411 843 470 XVI.

147 527 200 592 ¹De
221 531 372 592 haereticis
394 535 478 610 apud
499 535 692 596 Camaracum
713 553 767 610 per
788 533 916 594 candeas
933 532 1051 610 farum
1072 538 1193 594 ecana-

183 623 263 678 uatia
285 627 313 680 ct
334 620 498 695 combustis,
521 639 557 682 ec
580 620 686 697 quibas
707 639 786 680 auus
809 619 943 698 beneficae
965 619 1153 697 confesionis

564 710 698 767 advetus
722 714 772 766 cst.

216 828 252 886 In
274 828 430 889 cameraco
444 823 460 908 ¹)
483 830 597 888 civitate
619 829 774 905 episcopali
794 828 867 887 infra
887 827 942 887 hoc
964 829 1193 903 quinquennium

154 913 249 990 plures
270 916 406 976 haeretiei
428 916 624 992 comprehensi
646 923 727 990 sunt,
755 918 804 992 qui
834 933 933 975 ornnes
960 917 1059 976 timore
1088 918 1194 975 mortis

153 1019 236 1061 suam
257 1003 407 1078 perfidiam
428 1009 614 1079 negaverunt.
656 1002 764 1070 Missm
785 1010 830 1061 est
850 1003 887 1062 ab
898 1002 1041 1078 Episcopo
1059 1002 1195 1078 clericus,

153 1091 202 1163 qui
222 1096 360 1167 negantes
381 1107 433 1166 per
455 1089 580 1150 caudens
600 1089 705 1148 serrum
727 1092 916 1165 examinaret,
944 1089 1062 1150 adustos
1083 1090 1193 1150 haere-

153 1177 225 1236 ticos
234 1174 255 1257 ²)
278 1180 470 1237 sententiares.
513 1176 675 1236 Examinati
696 1182 763 1236 sunt
783 1193 892 1252 omnes,
914 1182 943 1236 et
963 1176 1106 1236 combusti
1121 1184 1194 1236 suut

153 1280 261 1325 omnes.
306 1264 449 1340 Quicum
471 1263 650 1324 naberentur
676 1263 714 1322 ad
742 1280 882 1338 poenam,
909 1280 984 1322 unus
1011 1279 1046 1322 ex
1075 1266 1116 1324 eis
1144 1264 1193 1322 vir

152 1351 256 1411 nobilis
277 1354 424 1427 sunguine,
445 1355 608 1409 reservatur
628 1367 647 1409 a
669 1349 774 1409 clerico*
794 1350 832 1409 ad
853 1352 950 1425 vitam
972 1351 997 1408 si
1012 1349 1084 1409 forte
1105 1349 1193 1410 illum

147 1439 376 1513 quoquomodo
397 1436 532 1496 reducere
553 1442 652 1513 posset
673 1436 710 1495 ad
730 1439 944 1520 poenitentiam.
989 1435 1041 1495 Cui
1068 1439 1110 1496 sic
1141 1436 1193 1496 di·-

152 1527 206 1583 xit:
239 1524 336 1584 Homo
357 1524 460 1584 nobilis
483 1540 527 1598 es,
559 1525 694 1582 nusereor
720 1525 776 1599 tui,
804 1530 834 1582 et
844 1521 866 1604 ³)
888 1525 1046 1599 compatior
1073 1524 1194 1584 andurae

153 1619 235 1688 tuae;
266 1628 337 1687 rogo
360 1618 528 1684 otmense,
549 1617 582 1668 ut
603 1610 698 1670 adhuc
720 1610 756 1669 de
777 1616 858 1670 tanta
878 1610 998 1686 pertidia
1019 1613 1194 1687 resipiscas,

135 1695 221 1778 'de⁴)
244 1714 337 1758 errore
359 1697 396 1757 ad
417 1699 567 1766 veritatem
588 1697 705 1772 redeas,
725 1714 762 1756 ne
783 1715 835 1773 per
856 1703 977 1757 mortem
998 1693 1194 1773 temporalem

63 1807 65 1814 ’
151 1791 272 1846 mortem
292 1788 421 1845 incurras
442 1791 600 1844 aeternam.
639 1783 688 1842 Ad
709 1783 782 1843 haec
802 1783 849 1842 ille
870 1783 1031 1859 respondit:
1063 1784 1195 1860 Experi-

152 1877 248 1932 mento
270 1871 355 1932 didici
375 1889 422 1932 me
444 1865 571 1946 errasse3
605 1867 657 1951 si⁵)
680 1887 744 1930 sera
764 1873 938 1946 poenitentia
958 1871 1028 1928 mihi
1048 1871 1195 1947 prodesse

149 1964 256 2036 posset,
277 1975 335 2018 non
356 1974 505 2018 renuerem
527 1957 664 2016 confiteri.
708 1957 761 2016 Cui
784 1975 850 2016 cum
870 1957 917 2016 ille
939 1958 1060 2032 diceret,
1082 1959 1193 2033 poeni-

149 2049 268 2106 tentiam
305 2063 405 2106 veram
435 2061 582 2120 nunquam
615 2062 677 2104 esse
709 2061 817 2120 seram3
850 2047 967 2104 vocavit
997 2045 1194 2106 sacerdotem.

152 2133 304 2194 Confessus
326 2125 371 2194 est
391 2132 478 2192 homo
500 2149 584 2190 suum
606 2148 745 2206 errorem,
774 2147 810 2190 ex
838 2137 899 2190 toto
922 2132 1007 2191 corde
1027 2132 1093 2191 Deo
1115 2149 1195 2208 pro-

71 2256 76 2269 ·
149 2222 279 2294 mittens,
301 2222 326 2279 si
346 2221 406 2278 vita
427 2218 645 2292 concederetur,
667 2218 897 2278 satisfactionem.
940 2217 981 2278 Ut
1001 2226 1099 2279 autem
1116 2221 1195 2296 pius

148 2307 292 2367 Dominus
312 2309 371 2366 uim
393 2305 556 2366 ostenderet
577 2306 769 2379 confessionis,
789 2321 857 2364 mox
878 2311 911 2364 ut
930 2308 1080 2382 poenitens
1090 2310 1196 2384 coepit

150 2400 271 2470 peccata
291 2411 345 2452 sua
366 2392 509 2467 confiteri,
541 2395 635 2468 coepit
664 2387 720 2471 et‘)
741 2394 805 2467 ipsa
827 2393 1012 2451 combustura
1038 2395 1067 2450 in
1096 2411 1193 2454 manu

149 2481 310 2542 confitentis
337 2479 475 2556 paulatim
501 2481 600 2538 minui.
654 2477 793 2554 Quae'in
826 2485 938 2538 tantum
965 2497 1000 2538 eo
1028 2481 1195 2554 aspiciente

150 2569 283 2643 decrerit,
304 2570 334 2625 in
356 2573 494 2642 quantum
517 2567 657 2625 confessio
678 2566 805 2640 profecit.
837 2564 1004 2648 ,Medietate
1026 2567 1195 2630 confessio-

149 2657 193 2714 nis
213 2660 346 2730 peracta‚
377 2653 473 2713 media
499 2671 566 2728 pars
588 2652 691 2728 plagae
713 2658 757 2712 est
778 2658 887 2712 sauata.
930 2652 971 2713 Ut
992 2660 1088 2712 autem
1112 2672 1195 2716 cou-

148 2741 299 2802 fessionem
320 2746 411 2799 totam
433 2739 597 2815 complevit,
618 2745 647 2798 et
660 2734 679 2819 ⁷)
691 2742 780 2798 virtus
793 2742 857 2815 ipsa
874 2741 1057 2800 confessionis
1068 2757 1194 2803 omnem

150 2829 363 2897 combusturam
383 2833 444 2886 tam
465 2829 495 2886 iu
517 2826 614 2885 dolore
636 2844 724 2901 quam
744 2829 774 2884 iu
796 2827 889 2888 colore
906 2819 1019 2903 delerit,
1042 2834 1195 2890 etmanus

147 2918 296 2992 pristinam
328 2916 480 2975 sanitatem
508 2915 623 2989 recepit.
666 2913 795 2973 Vocatus
828 2921 870 2973 cst
902 2917 946 2973 vir
972 2931 991 2974 a
1016 2915 1113 2974 iudice
1149 2917 1195 2976 ad

146 3005 250 3080 ignem.
293 3001 343 3060 Ad
364 3017 451 3077 quem
473 2999 607 3060 clericus:
641 2999 736 3076 Quare
765 3017 831 3060 eum
858 2998 1024 3081 vocatis³)?
1068 3000 1109 3061 Ut
1136 3021 1194 3065 ar·

149 3090 229 3165 dest,
257 3091 363 3165 inquit,
387 3104 421 3148 eo
443 3087 521 3162 quod
542 3089 571 3144 iu
593 3089 801 3146 examinatione
824 3088 990 3147 combustus
1012 3091 1056 3147 sit.
1082 3089 1193 3152 ·Tunc

147 3177 265 3236 clericus
287 3175 439 3236 osteudens
461 3190 579 3235 manum
601 3176 662 3233 eius
689 3175 884 3250 sanissimam,
912 3175 1043 3234 liberavit
1069 3191 1139 3235 cum
1171 3198 1193 3238 a

146 3266 260 3339 poenis,
289 3266 390 3324 ceteris
411 3265 477 3339 igne
500 3263 664 3322 consumtis.
707 3260 789 3320 Haec
812 3278 878 3320 cum
899 3262 1025 3321 audisset
1046 3266 1192 3340 magister

147 3349 304 3424 conradus,
325 3350 471 3425 respondit
480 3347 606 3408 Abbati:
627 3348 665 3407 Et
687 3365 740 3424 ego
764 3347 857 3407 dicam
878 3349 961 3408 vobis
982 3349 1081 3424 simile,
1104 3354 1191 3426 quod

145 3444 211 3496 ante
232 3452 340 3512 paucos
362 3453 452 3496 annos
474 3435 552 3512 apud
573 3431 762 3512 Argentiuam
783 3435 917 3495 recordor
938 3438 1099 3512 contigisse.

163 3693 194 3760 t)
212 3691 344 3758 Cambray.
364 3721 394 3730 —
415 3691 447 3759 2)
465 3689 733 3743 ABPhaereticos
760 3706 841 3744 esse.
861 3721 890 3734 -
920 3689 952 3760 3)
970 3701 1002 3743 et
1020 3707 1063 3744 om
1080 3691 1132 3747 BC.
1155 3725 1188 3735 -

212 3762 244 3830 t]
263 3761 281 3814 Ρ
299 3771 331 3813 et
349 3759 444 3811 te—
465 3760 497 3828 5)
515 3759 534 3812 G
553 3759 607 3811 sed
626 3761 659 3812 si.
680 3791 710 3800 -
730 3760 762 3828 6)
780 3770 811 3813 et
829 3777 870 3813 orn
888 3759 915 3814 G.
931 3791 961 3800 —
980 3762 1013 3830 7)
1031 3770 1064 3814 et
1082 3779 1123 3816 orn
1135 3763 1188 3819 Bc.

213 3861 245 3871 -
260 3831 291 3899 8)
309 3830 329 3882 Β
347 3831 502 3884 vocastis.
