2594 4302
468 234 523 296 ou
548 232 777 296 maccam.
927 209 930 214 '
1080 233 1141 292 aar

101 358 184 418 nonis
207 356 244 418 de
265 355 381 432 Rulant,
403 358 453 433 qui
474 356 571 417 adhuc
592 357 673 416 vivit
715 351 774 435 Is¹)
797 353 877 414 fluxu
899 353 1046 432 sanguinis
1068 352 1142 413 adeo
1247 402 1253 414 .

100 444 253 506 laborabat
274 451 303 504 et
324 444 528 519 infirmabatur,
554 443 631 520 qnod
651 441 777 531 inlecto
799 458 853 500 suo
875 457 932 500 non
954 457 1006 516 pcr
1027 457 1072 514 se,
1091 439 1143 499 sed

99 534 129 591 in
163 531 347 591 lintheamina
374 532 549 592 vertebatur.
598 529 655 589 Hic
684 528 782 590 audito
813 529 933 603 strepitu
962 533 991 586 et
1018 526 1143 588 clamore

99 619 278 696 fugientium,
299 620 486 696 interrogavit
499 616 568 693 quid
581 616 637 676 hcc
660 622 744 677 essct
787 614 907 674 Etcum
926 613 1053 673 audisset
1073 630 1144 688 rem,

99 708 184 765 iussit
210 705 264 764 sibi
295 705 387 764 afferri
408 723 489 764 mma
516 721 588 778 sna,
614 707 643 763 et
671 719 702 764 se
730 702 832 762 armari
853 702 882 759 in
909 698 985 761 lecto
1008 700 1144 760 sedendo.

100 792 232 852 Tandem
254 797 343 851 strato
373 791 514 850 dextrario
544 807 613 864 sno,
643 784 699 869 ct²)
729 790 874 849 accinctus
897 802 982 862 ense,
1009 789 1092 846 iussit
1112 804 1144 847 se

99 879 190 940 levari
208 895 295 955 snper
309 895 415 954 equum
429 895 521 952 sunm,
543 877 693 936 attinebat
713 877 832 952 sanguis
853 876 940 934 etiam
960 889 1013 951 per
1034 873 1144 934 sellam

100 965 290 1041 Acceptaqne
303 965 404 1024 lancea
419 967 506 1024 exivit
527 963 638 1024 dicenm
660 962 742 1021 Dcus
757 962 865 1023 adiuva
885 977 941 1036 mc,
962 967 992 1020 et
1012 967 1144 1022 sanctum

100 1052 294 1130 sepulchrum.
343 1051 401 1128 Qui
428 1057 510 1110 tanta
537 1050 720 1110 vehementia
747 1050 877 1126 prorupit
903 1049 933 1105 in
955 1046 1145 1122 Sarracenos,

100 1141 243 1199 uansicns
257 1143 285 1198 et
298 1139 521 1214 circumgyrans,
533 1139 695 1213 percutiens
710 1142 740 1196 et
753 1135 924 1213 propellens,
945 1133 1023 1209 quod
1045 1151 1147 1194 omues

101 1226 257 1286 Christiani
285 1227 404 1283 animati
433 1230 462 1284 et
491 1224 641 1284 confortati
668 1228 734 1282 sunt
760 1239 812 1299 per
842 1239 907 1281 enm
929 1220 1038 1297 solum,
1071 1220 1145 1282 adeo

100 1312 181 1390 quod
203 1314 349 1371 eiecerunt
362 1311 460 1370 hostes
474 1327 493 1370 a
508 1306 646 1390 castris³).
690 1309 755 1386 Quo
776 1310 853 1370 iacto
875 1306 959 1367 rediit
979 1307 1018 1368 ad
1038 1306 1144 1368 lectum

100 1399 273 1459 infirmitatis
295 1415 378 1472 snac,
411 1405 441 1457 et
467 1399 551 1456 tertia
579 1394 626 1456 die
653 1402 783 1456 mortuus
814 1401 866 1456 est
909 1393 988 1454 Audi
1009 1411 1086 1454 nnnc
1109 1394 1150 1454 dc·

101 1488 210 1546 iustitia
230 1484 400 1544 mbacuhim
422 1486 492 1546 satis
513 1483 678 1562 gloriosum.
744 1508 754 1542 ο
1217 1473 1221 1482 ’

425 1599 660 1700 carductum
680 1638 767 1698 xm.
774 1635 804 1719 t)

103 1763 152 1824 De
173 1764 264 1823 milite
285 1757 378 1822 caius
390 1765 478 1822 ciacc
499 1763 633 1835 collecta,
657 1760 694 1822 ob
710 1759 923 1838 perfectiorum
945 1761 1146 1824 decimationis

430 1849 544 1924 repieta
572 1855 614 1908 cst
635 1848 819 1907 miraculose.

169 1969 254 2032 Miles
276 1969 394 2046 quidam
417 1972 447 2028 in
469 1969 570 2030 dandis
592 1972 651 2029 suis
673 1968 790 2029 decimis
810 1974 910 2029 tantae
930 1976 993 2030 crat
1014 1970 1147 2031 devotio·

103 2060 149 2119 nis
165 2074 213 2122 ¹aa
242 2059 383 2132 iustitiae,
412 2064 445 2118 ut
473 2059 500 2116 ei
528 2074 672 2117 summum
701 2062 778 2116 essct
801 2057 928 2116 studium
948 2057 1012 2118 illas
1035 2057 1146 2122 soluere

105 2147 167 2205 sine
181 2161 270 2220 mora,
292 2146 353 2203 sine
368 2143 443 2220 dolo,
464 2147 525 2204 sine
542 2137 704 2204 vexatione.
724 2142 862 2203 Habebat
883 2140 1009 2223 autem)
1031 2146 1147 2204 vineam

105 2231 250 2308 quandam
278 2247 354 2308 quae
376 2233 452 2291 circa
474 2230 573 2290 decem
596 2236 721 2290 carratam
742 2233 890 2289 annuanm
910 2231 1004 2291 iacere
1026 2230 1147 2291 solebat.

105 2319 248 2395 Tempore
277 2318 405 2394 quodam
429 2324 462 2376 nt
482 2323 550 2394 pcst
569 2320 663 2394 patuit
683 2318 776 2394 magis
798 2333 834 2376 ex
855 2316 912 2376 Dei
934 2317 1147 2394 dispensatione

105 2423 194 2483 qnam
213 2423 253 2466 ex
274 2408 348 2465 acris
369 2405 551 2481 intemperie,
575 2410 730 2482 postquam
752 2403 904 2463 collectum
926 2412 969 2464 est
990 2406 1147 2481 vinumque

104 2510 282 2570 expressum,
302 2510 361 2552 una
380 2499 492 2552 tantum
511 2495 628 2551 inventa
651 2498 695 2550 est
708 2499 829 2550 carrata.
858 2490 922 2566 Quo
944 2490 1042 2552 andito
1056 2493 1147 2568 miles,
1217 2497 1218 2500 ’

103 2597 190 2642 servo
218 2595 274 2639 suc,
300 2579 421 2642 verbum
450 2581 588 2639 memoria
610 2578 727 2654 dignum
749 2578 909 2654 respondit:
942 2577 1029 2655 Quod
1050 2597 1152 2639 meum

104 2672 180 2739 erat„
197 2667 299 2741 inquit,
317 2667 387 2728 mibi
408 2666 550 2726 Dominus
571 2665 646 2739 tulit,
667 2681 721 2742 ego
743 2664 782 2722 illi
803 2667 963 2741 portionem
984 2684 1068 2726 suam
1088 2683 1152 2727 non

104 2753 252 2826 anieram3
281 2752 356 2811 vade
383 2760 412 2814 et
439 2752 477 2812 da
505 2751 647 2812 sacerdoti
677 2757 817 2814 carratam
845 2750 923 2812 bane
952 2770 1004 2830 pro
1027 2752 1153 2814 decima,

106 2837 193 2916 Quod
209 2843 238 2898 et
258 2837 365 2898 iactuum
387 2843 439 2897 est
481 2837 594 2899 Eodem
607 2845 736 2915 tempore
757 2837 853 2901 militis
874 2857 1028 2915 germanus
1049 2858 1153 2900 sacer-¹

107 2924 160 2984 dns
183 2922 300 2998 quidam
320 2927 401 2984 iuxta
421 2925 596 3000 praedictam
616 2928 731 2985 vineam
752 2927 901 3001 nuncians,
927 2944 993 2986 eam
1013 2928 1077 2986 uvis
1099 2945 1153 2987 re-

13 3045 14 3050 *
105 3012 209 3074 sertam
230 3008 316 3086 nidit3
338 3028 463 3086 moxque
480 3011 518 3070 ad
539 3011 654 3071 fratrem
675 3015 792 3086 intrans,
814 3012 851 3072 de
871 3013 1047 3090 negigentia
1066 3012 1152 3073 illum,

107 3100 203 3174 arguit
224 3097 337 3157 decus:
361 3096 457 3172 Quare
479 3097 606 3156 nondum
629 3097 749 3159 collecta
770 3105 814 3158 est
834 3101 921 3159 vinea
941 3097 1059 3176 venua?
1086 3101 1154 3160 lie--

105 3183 267 3263 spondente
287 3183 352 3258 illc,
380 3183 428 3243 diu
454 3183 575 3244 collecta
596 3191 654 3261 est3
683 3185 817 3248 sacerdos
839 3187 1002 3246 subiunxit:
1027 3187 1153 3264 Neque--

105 3290 211 3350 quam,
240 3273 298 3331 iam
326 3269 404 3330 illam
429 3270 544 3352 plenam
567 3271 638 3333 vidi.
677 3271 849 3350 Quaesitum
869 3280 916 3332 est
934 3279 963 3334 et
983 3276 1148 3348 inventum,

104 3376 160 3420 nec
182 3375 311 3434 unquam
332 3357 429 3433 aliquo
451 3374 526 3417 armo
549 3358 694 3418 uberiores
714 3358 821 3419 fructus
842 3360 909 3420 iecit
931 3379 1018 3436 quam
1039 3363 1068 3420 in
1089 3361 1148 3421 illc.

103 3447 189 3507 Haec
210 3447 294 3506 nobis
314 3443 416 3507 ecdem
437 3451 565 3520 ternpore
586 3448 705 3504 recitata
725 3453 799 3522 sunt,
822 3454 851 3505 et
871 3450 941 3506 satis
963 3447 1046 3507 doleo
1069 3448 1151 3524 qnod

101 3549 209 3594 nomen
238 3531 335 3592 militis
363 3533 425 3591 sive
454 3532 511 3592 loci
538 3549 597 3592 non
624 3535 738 3594 rennui.
779 3532 868 3595 Aliud
896 3535 949 3594 tibi
968 3535 1090 3594 referam
1111 3534 1153 3593 dc-

101 3619 263 3682 bumilitate
280 3618 454 3680 miraculum
475 3619 545 3680 satis
565 3637 711 3696 magnum

122 3737 155 3806 1)
172 3735 195 3788 B
214 3736 253 3786 ln.
274 3765 305 3775 -
323 3735 356 3803 2)
375 3744 406 3787 et
424 3751 464 3786 cnr
482 3734 514 3788 B.
534 3765 564 3776 -
585 3735 617 3802 3)
635 3734 678 3788 ΟΡ
696 3751 711 3787 a
730 3735 848 3788 castris
867 3737 949 3799 suis,
972 3735 994 3788 B
1019 3735 1055 3787 dc
1078 3737 1153 3787 suis

173 3806 352 3862 sustris-
371 3806 405 3878 a)
421 3804 511 3862 Homil
530 3804 571 3860 Ill.
590 3821 615 3875 p.
634 3806 675 3858 78.
695 3835 725 3846 -
745 3803 840 3874 4)Βο
859 3807 950 3860 enim.
