2654 4308
360 283 415 344 DE
438 271 622 346 DIVERSIS
639 276 875 344 VISIONIBUS·
1107 271 1167 341 lii

129 401 276 482 Episcopi,
297 409 326 465 et
346 395 506 466 nostrarum
519 399 668 482 regionum
682 401 832 480 Apostoli,
852 403 956 462 devote
977 389 1169 463 sauctorum.

130 493 258 552 Maxime
295 498 393 551 tamen
421 494 521 569 petivit
549 493 603 556 sibi
623 490 743 551 revelari
765 491 915 565 divinitm,
952 495 1049 548 utrum
1076 490 1169 567 magis

131 579 279 655 expediret
289 576 343 658 i)
335 597 364 637 m
396 579 490 638 officio
512 579 646 638 abbatiae
668 593 799 650 manere,
838 576 885 636 vei
912 577 990 635 iilam
1017 579 1170 653 resignare

132 666 187 726 Oui
203 664 326 744 gloriosi
331 665 370 724 iili
385 672 442 725 tres
455 664 623 742 praesules
614 683 643 723 m
656 664 746 722 multo
758 662 909 740 splendere
922 651 1006 722 simui
1026 667 1169 740 appareu-

131 761 177 814 tes
204 753 352 813 dixerunt:
379 749 525 832 Frater²),
553 767 735 828 nequaquam
767 751 893 810 oiiicium
921 756 1002 808 tuum
1030 753 1171 826 resignes,

132 844 201 916 quia
221 842 251 898 in
273 840 354 900 brevi
380 855 446 898 cum
467 839 565 915 palma
585 841 712 914 martyrii
733 837 770 897 ad
792 855 845 897 nos
865 839 1022 912 pervenies.
1065 837 1170 912 Sisque

132 927 342 1003 disparuerunt
384 925 472 985 Mane
488 943 554 986 cum
568 932 645 986 esset
660 925 853 1000 proiecturus,
875 924 1058 999 Praepositus
1078 925 1171 983 sancti

133 1014 286 1092 Syrnconis
308 1029 389 1098 eum,
416 1020 449 1071 ut
476 1029 574 1071 secum
601 1015 630 1070 in
658 1010 749 1070 reditu
777 1010 914 1087 hospitari
939 1011 1102 1087 dignaretur
1122 1026 1171 1069 ro·
1216 1021 1223 1029 ‘

132 1101 241 1178 gavia
266 1097 353 1175 Quod
374 1107 403 1159 et
423 1101 559 1175 promisit
603 1097 733 1174 Cumque
750 1098 892 1173 completa
912 1099 1074 1158 visitatione
1094 1096 1172 1156 redi-

132 1195 178 1246 ret
208 1187 370 1260 Trererim,
401 1185 437 1245 de
470 1186 657 1261 promissione
685 1187 754 1244 satis
782 1201 848 1243 eum
883 1186 1037 1259 poenituit,
1072 1183 1172 1244 volens

133 1276 238 1334 iterum
260 1289 342 1332 orare
363 1272 414 1331 ubi
432 1275 523 1348 prius,
548 1271 690 1348 quaedam
718 1271 877 1348 neglecta
871 1289 899 1328 ιιι
920 1271 1013 1348 prima
1033 1267 1171 1350 v1s10ne²)

134 1378 252 1437 sperans
281 1361 335 1418 sibi
362 1359 455 1418 denuo
478 1376 541 1418 csse
562 1357 725 1418 revelanda
767 1357 969 1418 NOVIGIUS:
997 1357 1080 1433 Quae
1106 1357 1193 1418 iue·.

133 1453 201 1507 runt
235 1443 306 1506 ilia?
360 1444 594 1506 MONACHUS:
624 1445 682 1505 Ubi
709 1446 806 1504 anima
833 1447 925 1504 sancii
952 1443 1076 1504 Materni
1100 1443 1174 1504 fuis·

134 1541 181 1594 set
205 1533 280 1592 inira
305 1531 370 1591 illos
398 1528 543 1612 triginta⁴)
570 1532 634 1597 ,dies
663 1531 766 1608 quibus
793 1531 921 1609 sepultus
942 1532 1042 1591 iuerat.
1096 1529 1173 1608 Quid

135 1618 240 1697 plura?
281 1617 419 1678 'Pmmisd
454 1620 500 1678 sui
523 1635 641 1694 memor,
668 1621 699 1677 in
728 1618 813 1678 domo
843 1619 1003 1696 Praepositi
1031 1635 1062 1678 se
1090 1635 1173 1679 rece·

136 1702 219 1786 pit⁵),
251 1711 280 1764 et
307 1709 381 1776 sicut
406 1707 467 1781 ipse
495 1710 715 1782 procuraverat,
749 1707 778 1764 in
805 1707 870 1782 ipsa
894 1718 979 1766 nocte
1004 1706 1087 1766 suiiio
1109 1723 1174 1772 ma-

137 1794 229 1853 turius
254 1807 380 1870 ‘surgens
420 1799 449 1852 ct
479 1795 635 1854 matutinas
668 1791 836 1865 decantans,
876 1792 1024 1852 monachis
1055 1792 1175 1866 relictis,

138 1887 168 1941 'et
197 1896 335 1940 converso
356 1884 514 1955 assumpto,
535 1878 573 1938 ad
602 1877 753 1938 ecclesiam
773 1879 865 1938 sancti
883 1877 1018 1938 Eucherii
1038 1879 1175 1954 perrexit,

137 1969 258 2043 criptam
290 1969 420 2041 intravit,
442 1973 485 2025 'et
516 1967 618 2024 oravit
667 1963 725 2024 Ubi
753 1965 807 2024 sub
836 1964 928 2024 iorma
954 1967 1056 2041 prioris
1085 1967 1175 2026 visio·

137 2055 182 2114 nis
195 2053 340 2131 praefatos
355 2051 510 2112 Pontifices
523 2051 621 2112 videre
635 2054 745 2110 meruit.
767 2051 816 2110 Ad
830 2068 915 2128 quem
929 2058 1045 2112 sanctus
1057 2051 1177 2112 Eucha-

137 2144 212 2200 n'us:
233 2139 312 2199 Novi
331 2139 369 2199 ad
391 2137 459 2217 quid
467 2136 488 2219 ⁸)
510 2137 630 2199 veneris.
673 2137 1176 2216 EcceMatemus,interrogae1un.

139 2226 227 2305 Quod
255 2243 321 2286 cum
349 2227 475 2305 iecisset,
496 2224 643 2302 respondit
663 2224 725 2284 iiie:
754 2223 861 2284 Anima
882 2243 947 2285 mea
967 2225 1102 2303 perillus
1124 2227 1176 2290 iri·

138 2317 220 2393 'ginta
252 2313 312 2373 dies
338 2313 392 2372 fuit
418 2316 448 2372 in
475 2312 618 2389 paradiso.
661 2311 699 2371 Et
728 2314 802 2388 quic
823 2313 933 2372 sciebat
960 2311 1050 2372 seed
1072 2327 1176 2390 corpus

140 2411 203 2468 esse
224 2417 418 2476 reversuram,
439 2399 572 2460 mercede
593 2397 657 2458 sibi'
674 2401 704 2458 in
732 2397 904 2459 coelestibus
926 2406 1096 2477 praeparata
1123 2400 1177 2458 frui

139 2506 198 2548 non
219 2490 321 2563 potuit
353 2486 441 2547 Mane
463 2504 532 2564 ergo
553 2489 582 2544 in
597 2485 690 2546 officio
711 2492 771 2561 tuo,
792 2489 860 2562 quia
880 2503 932 2562 per
952 2485 1078 2564 palmam
1099 2503 1178 2545 mar-

140 2575 206 2654 tyrii
235 2576 292 2634 cito
322 2575 405 2634 nobis
433 2575 596 2634 sociaberis.
640 2571 725 2650 Quod
745 2575 786 2635 ita
806 2574 914 2656 iactum
936 2581 988 2636 est.
1029 2569 1179 2654 Namria

142 2661 269 2740 quodam
297 2663 399 2720 misero
427 2667 543 2737 propter
562 2659 655 2720 zelum
677 2660 781 2720 ordinis
802 2659 923 2720 latenter
943 2661 1105 2722 interiectus
1127 2665 1179 2720 est.

141 2747 255 2809 Deinde
283 2747 387 2806 beatus
408 2747 539 2806 Pontifex
567 2746 710 2807 adiunxit:
743 2747 891 2807 Existenie
918 2765 965 2807 me
987 2750 1016 2806 in
1037 2746 1181 2825 paradiso,

142 2835 183 2896 nii
204 2841 301 2893 actum
324 2839 367 2892 est
387 2835 416 2892 in
439 2833 545 2892 mundo
567 2832 645 2910 quod
665 2850 723 2892 non
744 2834 872 2894 viderim.
904 2834 993 2895 Vides
1015 2841 1122 2911 quantu
1143 2836 1180 2893 sit

143 2923 274 3000 potentia
288 2919 396 2978 electae
409 2921 521 2978 animae
536 2937 554 2979 a
570 2936 688 2995 corpore
709 2919 833 2981 exutae?
855 2921 886 2982 Si
899 2927 979 2981 tanta
992 2921 1064 2982 vidit
1077 2923 1106 2978 in
1119 2929 1188 2996 ter-x

144 3005 379 3082 restriparadiso,
401 3011 508 3082 quanta
519 3011 604 3082 putas
619 3006 698 3066 videt
710 3007 824 3083 quando
836 3007 936 3067 fruitur
957 3007 1043 3068 Deo?
1064 3005 1181 3071 NOVI-

145 3091 248 3154 OIUS:
280 3089 347 3151 Non
378 3093 493 3170 ambigo
523 3095 590 3169 quin
620 3095 716 3152 omnia
742 3100 811 3153 tunc
839 3097 912 3154 sciat
940 3101 969 3154 et
996 3094 1101 3154 videat
1151 3094 1183 3156 Si

145 3186 264 3241 sanctus
284 3172 459 3239 Benedictus
492 3179 587 3240 adbuc
616 3181 739 3239 existens
776 3182 964 3258 corruptibilis
987 3200 1022 3242 ex
1042 3180 1185 3242 beneficio

144 3259 231 3328 irnins
266 3268 378 3326 animae
408 3263 503 3325 coelos
534 3267 726 3342 penetrantis,
757 3273 851 3326 totum
871 3268 1010 3328 mundum
1031 3268 1103 3328 vidii
1129 3269 1186 3330 sub

144 3371 205 3416 uno
235 3353 315 3413 radio
343 3352 412 3413 solis
434 3359 500 3413 ante
522 3352 621 3413 oculos
642 3369 709 3413 suos
732 3351 929 3436 coiectumr),
958 3373 1017 3415 non
1038 3357 1140 3416 mirum
1162 3357 1187 3415 si

167 3502 572 3574 i)Bexpedireicnm.-
541 3503 743 3571 -2)66Ηί.
769 3529 799 3544 -
826 3504 960 3573 uncus
982 3506 1187 3559 visitatione.

147 3623 150 3630 ι
219 3603 250 3616 -
269 3575 302 3642 4)
320 3572 359 3628 GP
378 3572 615 3643 quadraginta,
633 3590 670 3626 src
687 3583 714 3626 et
730 3573 855 3628 ruira
822 3575 1072 3644 ——sicreoepr
1098 3577 1188 3630 iecit

220 3673 251 3684 -
218 3644 308 3766 35·6)
338 3643 379 3696 ΑΡ
403 3642 553 3712 quod.-
628 3643 738 3696 Onam
762 3652 858 3696 ei—
828 3645 915 3712 -8)
940 3645 1043 3712 Gregor.
1068 3645 1130 3698 Diei
1153 3645 1190 3709 ii,

260 3711 396 3784 =‚,0muis
420 3715 496 3764 eiiam
518 3721 577 3764 mun
595 3705 625 3763 ns
650 3712 719 3765 velut
739 3711 785 3766 sub
808 3729 860 3764 nno
883 3713 945 3766 sciis
966 3713 1041 3767 radio
1055 3713 1190 3777 eodemus,

219 3779 278 3834 ante
292 3751 399 3834 oculos
433 3784 488 3834 cius
524 3776 647 3833 adductus
675 3791 723 3834 est.
770 3783 819 3850 Qui
848 3783 1016 3838 venerabiiis
1029 3792 1105 3852 poter
1131 3785 1191 3836 dum

218 3854 342 3905 intentam
364 3852 492 3905 oculorum
519 3853 598 3904 aciem
626 3853 653 3904 iu
683 3852 731 3904 hoc
753 3851 887 3921 splendore
915 3867 1035 3908 sonuere
1063 3853 1159 3906 iocis*
1151 3870 1195 3908 ru-
