2628 4310
175 235 239 298 300
461 239 689 302 Disumculo
708 231 920 302 UNDECIMA
966 319 969 333 '

177 375 261 419 omne
284 359 402 420 bonum.
436 359 502 436 Quo
525 361 622 421 audito
646 360 745 422 doctor
766 363 814 422 ille
831 362 933 437 bonus,
955 368 985 422 et
1003 364 1094 424 crucis
1108 362 1208 423 Christi

175 445 268 508 tidelis
281 446 471 522 praedicator,
488 446 580 507 laetus
596 450 758 523 exspiravit.
791 448 994 510 NOVICIUS:
1012 450 1059 510 Dc
1074 450 1209 510 consessi-
1285 441 1286 498 Ῑ

176 548 231 594 one
252 549 310 592 non
333 532 431 593 dubito
454 536 521 609 quin
543 534 628 594 valde
649 539 687 594 sit
706 536 798 610 bona,
827 536 986 596 secundum
1008 537 1087 612 quod
1113 539 1210 597 tertiae

177 619 365 680 distinctionis
391 620 514 696 plurima
541 622 666 696 probant
698 624 838 699 exempla.
894 621 1130 684 MONACHUS:
1167 623 1211 682 De

177 712 268 766 morte
289 708 428 766 iustorum
449 705 522 767 haec
543 708 620 768 dieta
640 708 795 784 sufficiant,
820 708 856 769 de
878 711 982 786 quibus
1003 713 1091 770 etiam
1111 713 1142 770 in
1163 728 1211 770 sn·

175 793 445 878 potioribus'multa
466 794 597 870 exempla
618 795 785 871 redundant,
807 813 881 872 quae
901 797 1091 873 recapitulare
1112 815 1212 874 super·

176 879 273 954 sedeo,
294 882 362 956 quia
375 879 412 940 ad
434 888 540 941 mortes
562 882 702 940 malorum
722 883 834 942 festino.
877 884 973 959 Quam
993 886 1106 958 misere,
1128 902 1212 960 quam

176 967 344 1027 horribiliter
364 971 520 1026 moriantur
533 971 662 1043 usurarii,
684 971 771 1044 avari,
792 972 947 1045 pecuniosi,
969 969 1069 1047 dolosi,
1090 973 1213 1047 superbi,

175 1053 344 1130 praedones,
365 1054 533 1128 homicidae,
556 1058 733 1130 contentiosi,
753 1056 899 1131 luxuriosi,
920 1060 1058 1133 viciisquc
1074 1058 1213 1118 similibus
1285 1057 1286 1088 ³

177 1141 306 1216 subiecti,
329 1159 403 1216 quae
424 1141 582 1217 Apostolus
604 1142 732 1217 appellat
760 1159 847 1219 opera
876 1145 969 1203 carnis
981 1140 1013 1223 ¹),
1041 1145 1213 1220 quibusdam

122 1275 125 1282 .
175 1228 226 1287 tibi
246 1227 372 1304 pandam
394 1227 539 1304 exemplis.

486 1417 719 1478 CAPITULUM
747 1419 901 1479 XXXIX.

206 1541 254 1600 Dc
274 1544 416 1600 sturmio
437 1540 561 1601 Molossi
582 1543 631 1600 oui
651 1547 770 1602 mortuo
793 1559 935 1602 mamam
956 1560 1024 1604 cam
1047 1545 1181 1606 desumo

574 1628 744 1702 consepulta
766 1635 816 1688 cst.

186 1751 190 1762 '
237 1749 273 1808 In
301 1749 415 1809 civitate
436 1748 575 1824 Metensi,
610 1750 683 1808 sicut
709 1749 778 1807 mihi
805 1751 932 1814 narravit
957 1749 1061 1811 Abbas
1096 1752 1212 1828 quidam

175 1835 280 1896 ordinis
301 1838 405 1910 nostri,
432 1838 577 1895 usurarius
599 1834 701 1912 aliquis
725 1836 884 1896 defunctus
900 1844 956 1913 est,
985 1855 1092 1897 avarus
1122 1842 1213 1898 nimis.
1285 1857 1286 1868 ¹

176 1919 312 1999 Quicum
325 1924 478 1981 moriturus
492 1930 576 1997 esset,
597 1922 769 1998 supplicavit
790 1926 870 1983 uxori
892 1941 970 1999 suae,
992 1932 1024 1984 ut
1046 1943 1212 1986 crumenam
1285 1967 1286 1978 .

175 2010 298 2071 denariis
315 2010 447 2069 refertam
468 2012 548 2068 iuxta
569 2026 600 2068 se
622 2017 741 2085 poneret
750 2011 787 2070 ,in
801 2010 992 2086 sepulchrum.
1036 2011 1125 2088 Quod
1149 2031 1212 2074 curn

173 2096 223 2156 iha
242 2097 356 2157 fecisset
377 2103 484 2172 quanto
507 2098 643 2158 secretius
665 2099 813 2172 potuisset,
833 2104 930 2157 tamen
950 2097 1040 2158 latere
1068 2115 1130 2158 non
1159 2117 1212 2176 po-

173 2186 236 2244 tuit.
278 2183 458 2244 Accedentes
487 2183 574 2259 aliqui
603 2183 786 2258 sepulchrum
817 2182 937 2245 latenter
965 2193 1159 2262 aperuerunt,
1187 2193 1212 2246 et

175 2287 242 2332 ecce
265 2270 337 2331 duos
359 2272 399 2329 ibi
421 2272 622 2346 conspicantur
643 2270 771 2345 bufones,
793 2274 932 2330 nnumin
962 2288 1011 2330 ore
1042 2289 1211 2346 crumenae,

174 2358 297 2419 alterum
317 2362 347 2416 in
367 2364 492 2433 pectore.
535 2356 586 2416 Ille
610 2357 741 2416 denarios
756 2374 804 2417 ore
816 2359 852 2416 de
875 2375 1010 2418 crumena
1033 2360 1212 2433 extrahebat,

172 2449 226 2505 iste
248 2447 406 2520 suscipiens
429 2451 572 2505 extractos
595 2443 673 2503 cordi
699 2447 758 2502 eius
780 2445 961 2504 immittebat.
1010 2443 1056 2504 Ac
1079 2449 1103 2505 si
1134 2447 1211 2507 dice·

171 2539 247 2594 rent:
268 2531 329 2590 Nos
350 2533 474 2607 pecunia
494 2532 662 2590 satiabimur
685 2548 734 2589 cor
763 2537 844 2590 tuum
876 2531 1046 2591 insatiabile.
1098 2533 1211 2611 Quibus

170 2621 239 2679 visis
267 2617 307 2677 illi
329 2621 428 2678 timore
449 2616 573 2694 perculsi
581 2615 611 2696 ²),
633 2625 737 2677 terram
758 2620 917 2677 reiicientes
940 2619 1084 2694 sugerunt.
1137 2619 1210 2697 Quid

171 2713 257 2784 putas
278 2707 403 2764 animam
422 2701 536 2784 huius³)
558 2707 618 2779 pati
639 2707 668 2763 in
688 2706 797 2764 inferno
819 2723 838 2764 a
866 2707 1011 2764 vermibus
1039 2707 1210 2767 immortali·

171 2793 235 2869 bus,
257 2795 281 2851 si
302 2797 361 2852 tam
382 2791 524 2852 honenda
540 2793 569 2849 in
592 2793 652 2851 eius
675 2807 791 2867 corpore
807 2791 1000 2852 demonstrata
1021 2796 1142 2854 suntin
1164 2810 1209 2854 se·

169 2878 311 2957 pulchro?
353 2879 420 2940 Non
441 2880 535 2937 minus
555 2878 729 2938 horrendum
751 2884 795 2938 est
816 2877 894 2954 quod
915 2881 1051 2956 sequitur.

529 3067 763 3130 CAPITULUM
783 3069 849 3129 XL.

253 3195 302 3254 Dc
323 3194 467 3252 warocio
488 3194 520 3250 in
540 3190 714 3266 Frcppcnnc
736 3208 815 3265 quac
835 3197 958 3262 mortuo
980 3191 1121 3252 ἀωιαήοε

493 3284 683 3336 commacla
705 3276 889 3362 imitabatur.

230 3402 265 3461 ln
287 3400 355 3460 villa
375 3393 544 3478 Freggenne
566 3397 648 3476 quae'
662 3399 700 3459 ad
721 3397 841 3458 milliare
862 3415 951 3457 unum
973 3398 1059 3458 distat
1080 3417 1099 3460 a
1119 3400 1205 3460 Colo-

165 3494 222 3566 nia,
243 3494 374 3548 matrona
396 3486 540 3564 quaedam
561 3486 726 3547 morabatur
739 3485 824 3544 Jutta
844 3488 967 3561 nomine,
988 3488 1118 3546 moribus
1140 3492 1204 3564 qui·

165 3578 231 3639 dem
253 3578 322 3636 sctis
344 3577 518 3650 composita,
546 3573 597 3632 sed
618 3574 755 3632 usuraria.
805 3573 852 3632 De
878 3589 935 3648 quo
956 3575 1026 3632 vitio
1048 3589 1116 3632 cum
1138 3591 1203 3635 sce-

179 3747 210 3815 l)
228 3744 307 3798 Galat.
326 3747 351 3806 5,
371 3743 411 3794 19.
433 3771 462 3782 -
482 3741 514 3808 2)
532 3737 575 3794 OF
593 3740 751 3808 percussi.
765 3767 796 3780 -
810 3739 842 3808 3)
860 3738 880 3794 Β
897 3739 994 3794 huius
1011 3741 1142 3808 miseri,
1159 3739 1200 3795 CF

228 3811 421 3870 huiusmodi.
985 3873 988 3876 Ι
