2628 4310
348 234 403 294 nn
425 183 607 296 omnmo
628 233 894 296 nonmonun.
1080 236 1141 294 sn

105 357 241 431 nouoque
263 357 323 416 eius
345 359 446 432 erupit.
479 356 551 418 Post
572 357 645 417 haec
670 359 710 416 sic
731 352 838 435 infit¹):
866 355 956 416 Modo
979 350 1144 416 considera-

106 445 151 503 bis
171 449 291 519 puteum
312 460 418 518 meum,
439 446 520 502 cuius
541 444 719 520 profunditas
740 445 801 502 sine
823 441 911 501 fundo
934 449 985 502 est.
1019 442 1144 502 Amoto-

105 547 162 606 que
185 532 377 605 operimento,
411 547 477 590 cum
498 532 527 590 in
548 529 628 589 illum
649 532 741 603 misit,
771 535 800 589 et
820 531 950 588 removit
993 529 1069 590 Ecce
1090 531 1144 590 isto

105 623 150 678 est
176 622 281 693 puteus
308 619 337 675 in
366 633 423 694 quo
454 634 520 676 oum
549 616 669 676 clericus
690 617 776 690 vidit,
805 618 880 676 sicut
900 615 1078 691 praedictum
1101 623 1145 676 cst

103 707 132 762 in
154 703 283 779 praelato
305 703 440 780 capitulo.

465 855 700 918 CAPITULUM
729 856 783 916 III.

244 981 292 1040 De
308 997 409 1056 poena
431 980 587 1038 cniusdam
603 981 746 1054 prtnctpd
769 979 964 1036 Alamanniae
972 973 1004 1051 ²).

167 1073 233 1161 Non
247 1066 300 1160 ‘est
321 1099 369 1159 diu
392 1100 469 1176 quod
490 1099 673 1158 Hermannus
694 1097 888 1176 Lantgravius
910 1096 985 1158 filius
1007 1095 1144 1172 praedicti

104 1183 281 1267 Lodcwici³)
314 1194 443 1245 mortuns
476 1194 528 1245 cst.
578 1186 650 1244 Post
679 1188 760 1245 cuius
790 1186 898 1244 obitum
926 1201 992 1243 cum
1027 1183 1142 1258 quidam

102 1272 237 1333 sacerdos
261 1275 306 1333 cui
327 1274 418 1332 multa
439 1274 516 1332 bona
537 1273 651 1347 fecerat,
675 1271 719 1330 die
737 1278 883 1345 noctuque
900 1271 1023 1329 lacrimis
1045 1276 1074 1328 ct
1089 1286 1143 1346 ge·

102 1361 174 1418 mitu
193 1359 258 1419 Deo
279 1376 332 1436 pro
355 1361 430 1420 illins
452 1362 548 1419 anima
570 1359 751 1436 supplicaret,
773 1360 870 1418 nescio
893 1360 957 1432 quis
978 1363 1143 1416 sanctorum

104 1447 180 1506 siin
203 1449 331 1506 orations
353 1449 503 1520 assistens,
532 1447 586 1504 ait:
616 1445 712 1522 Quare
740 1450 853 1504 tantum
877 1444 991 1504 laboras
1012 1460 1065 1519 pro
1087 1443 1142 1502 ho-

102 1535 177 1592 mine
199 1533 255 1592 hoc
278 1532 435 1592 damnato?
467 1531 544 1592 Nihil
567 1535 642 1591 enim
664 1532 703 1590 illi
717 1532 843 1607 prodest,
864 1533 922 1590 imo
945 1532 1037 1606 magis
1051 1530 1143 1603 obest,

103 1620 239 1694 eoquod
268 1621 365 1678 anima
387 1623 447 1678 cius
469 1622 498 1678 in
519 1619 660 1694 profundo
688 1619 790 1678 iniemi
819 1613 971 1696 dimersa⁴)
994 1618 1039 1675 sit.
1081 1615 1142 1675 Rc·

94 1705 262 1786 ⁸spondente
283 1705 448 1778 sacerdote,
482 1706 596 1765 domine
616 1704 708 1763 multa
728 1706 806 1764 bona
827 1705 894 1766 iecit
914 1705 999 1778 mihi,
1020 1701 1141 1761 multum

103 1795 179 1852 euim
200 1793 239 1850 illi
261 1799 376 1869 teneor;
398 1799 515 1851 sanctus
537 1792 698 1850 subiunxit:
721 1790 809 1850 Cesso
830 1809 881 1867 pro
906 1809 939 1850 co
963 1805 1053 1864 orare,
1076 1790 1142 1864 quia

102 1895 178 1938 anuo
200 1881 310 1956 integro
334 1885 488 1954 antequam
512 1878 679 1953 sepeliretur
700 1884 828 1936 mortuus
851 1884 917 1956 ost,
938 1879 1019 1936 cuius
1039 1893 1142 1952 corpus

102 1965 245 2042 malignus
268 1968 382 2042 spiritus
403 1965 467 2023 loco
490 1968 603 2023 animae
625 1964 812 2041 vegetabat..
842 1963 952 2022 Fuerat
971 1963 1047 2022 idcm
1064 1962 1141 2021 Her·

102 2069 224 2113 mannus
246 2057 383 2129 tyrannus
406 2054 558 2128 maximus,
581 2053 656 2126 patri
676 2050 790 2124 similis,
813 2049 848 2108 dc
869 2049 997 2126 praedis,
1018 2051 1138 2123 iniuriis,

102 2140 261 2214 ceterisque
284 2139 423 2198 similibus
444 2136 484 2196 nil
506 2133 647 2217 curans5).
688 2134 891 2198 NOVICIUS:
914 2137 979 2196 Non
1001 2136 1139 2212 putabam

102 2241 206 2300 corpus
234 2226 391 2283 humanum
420 2226 480 2282 sinc
508 2227 604 2283 anima
630 2241 715 2300 posse
743 2223 907 2300 comedere,
935 2224 1034 2282 bibere
1063 2217 1140 2301 veit)

102 2310 233 2370 donnire.
275 2309 511 2372 MONACHUS:
543 2311 641 2370 Simile
669 2311 772 2387 legitur
791 2313 820 2368 in
842 2311 912 2369 Vita
932 2311 1023 2369 saneti
1044 2308 1139 2368 Patri-

100 2400 136 2456 cii
167 2396 363 2458 Hibernicnsis
391 2397 544 2474 Episcopi,
572 2397 608 2457 de
638 2398 763 2473 quodam
790 2397 906 2456 homine
937 2399 988 2472 qui
1012 2397 1140 2472 aurigam

98 2487 161 2544 eius
182 2484 295 2544 occidit.
327 2483 362 2543 In
384 2487 464 2544 cuius
487 2502 605 2561 corpore
628 2482 759 2544 diabolus
781 2484 877 2543 multis
899 2485 980 2542 annis
1001 2499 1053 2560 pro
1075 2484 1139 2542 ani-

98 2589 147 2630 ma
168 2571 309 2648 habitans,
332 2589 398 2630 cum
420 2571 458 2630 ad
478 2579 581 2631 nutum
603 2574 694 2631 sancti
715 2573 829 2646 exisset,
851 2588 952 2646 corpus
975 2573 1088 2646 corruit,
1111 2576 1139 2629 ct

98 2660 126 2716 in
154 2656 304 2734 pulverem
333 2659 482 2718 redactum
511 2666 563 2718 est.
605 2659 680 2717 Item
709 2658 800 2718 simile
830 2657 928 2716 audivi
957 2655 1138 2717 a¹monacho

97 2751 196 2806 nostro
220 2743 349 2805 Gerardo
372 2745 519 2822 quondam
540 2747 687 2804 Bonnensi
708 2744 896 2805 Scholastica.

468 2895 702 2996 amomon
722 2935 777 2996 Ν.

126 3057 174 3116 Dc
195 3056 300 3115 clerico
322 3058 406 3114 casius
428 3072 535 3131 corpus
556 3055 693 3114 diabolas
714 3057 779 3114 loco
801 3057 923 3113 animae
942 3053 1106 3130 depatabat.

163 3177 292 3236 Clericus
314 3175 431 3251 quidam
452 3181 512 3234 tam
536 3177 679 3253 egregiam
702 3183 730 3235 et
751 3181 811 3235 tam
828 3175 939 3234 dulcem
959 3193 1061 3234 vocem
1082 3175 1138 3236 ha-

95 3266 201 3339 bebat,
230 3269 263 3321 ut
291 3262 389 3323 audire
419 3263 497 3321 illam
527 3263 645 3322 deliciae
677 3269 885 3339 reputarentur.
927 3262 983 3322 Die
1012 3261 1138 3338 quadam

116 3381 146 3449 1)
165 3379 230 3434 cos
255 3380 368 3448 inquit.
389 3410 419 3419 -
440 3379 472 3444 2)
490 3381 525 3430 sic
544 3378 650 3432 coss?
674 3388 700 3437 et
718 3395 774 3430 corr
792 3380 824 3432 A.
859 3379 1030 3432 distinctionis
1047 3380 1138 3441 huius,

166 3465 282 3502 necnon
307 3458 332 3500 ct
359 3448 500 3511 secundae,
525 3448 637 3500 decimae
659 3447 855 3517 undecimaeque
879 3450 943 3500 tituli
967 3449 993 3500 in
1012 3448 1137 3502 codiceB

107 3550 114 3567 .
166 3517 349 3571 desiderantur.
362 3549 388 3558 -
406 3515 686 3586 sjcosuretcorrs
700 3517 783 3586 quod
801 3519 884 3570 ulter
903 3517 1032 3587 quidam
1049 3520 1138 3585 prin-

166 3603 243 3656 ceps
267 3587 491 3640 Alcmunniac.
511 3617 541 3626 -
560 3589 593 3654 4)
612 3586 632 3640 (i
655 3587 810 3639 demersa.
828 3587 900 3640 Conl.
920 3587 971 3651 Vll,
989 3589 1031 3640 38.
1049 3601 1074 3654 p.
1094 3589 1136 3640 54.

167 3687 199 3697 -
219 3658 251 3724 5)
269 3656 372 3709 coust>
390 3665 416 3708 et
438 3657 534 3709 correi
558 3659 668 3708 lucrat
691 3657 772 3709 idem
796 3659 955 3724 prinecps
977 3665 1137 3723 tyrannus

89 3745 100 3762 ¹
166 3729 336 3790 maximus,
353 3727 406 3780 vir
423 3729 660 3794 magnanimus,
682 3726 842 3782 modicum
860 3725 984 3780 habeus
1007 3727 1138 3778 timoris

166 3795 523 3864 [lamini-lissam.
625 3809 627 3813 ·
1167 3795 1175 3812 '
