2664 4308
1121 241 1183 303 397

145 333 248 388 XXIII.
283 335 324 388 De
342 335 448 389 invidia
466 343 493 390 et
509 337 618 390 filiabus
635 337 701 391 eius.
765 379 1115 393 .........
1134 341 1186 395 194

146 403 247 459 XXIV.
282 406 323 458 De
341 406 486 472 monacho,
512 408 559 476 qui
582 407 617 460 ab
641 408 725 461 altero
750 407 786 462 ob
809 408 942 462 invidiam
960 408 1116 462 criminatus

198 481 225 527 et
241 475 422 530 incarceratus
442 484 489 542 est,
509 484 535 529 et
552 478 670 547 gloriose
689 477 808 531 eductus.
850 518 857 530 .
893 518 900 530 .
937 519 943 530 .
980 519 986 532 .
1023 517 1029 530 .
1065 493 1072 508 ·
1109 477 1185 533 ,195

146 541 235 596 XXV.
270 545 312 597 De
329 547 428 614 puella,
447 561 516 614 quae
533 546 675 599 invidebat
693 547 783 600 studio
802 547 986 601 consororis..
1022 587 1028 599 .
1065 588 1071 600 .
1108 549 1184 604 ,196

146 612 247 666 XXVI.
257 613 812 686 Exemplumcontrainvidiamamagistro
820 615 966 685 liudolpho
972 617 1115 686 prolatum.
1133 618 1185 670 196

145 681 261 736 XXVII.
280 684 321 737 De
338 685 443 737 accidIa
461 693 487 737 et
504 685 613 738 filiabus
632 686 690 738 eius
692 725 1114 739 ...........
1132 688 1183 740 191

145 752 277 876 XXVII}i
309 753 349 806 De
367 753 513 819 monacho,
540 769 621 824 quem
639 755 743 808 accidia
760 770 816 807 non
833 755 939 809 sinebat
956 769 1064 828 surgere
1081 755 1114 808 ad
1132 825 1182 878 197

197 839 224 874 vr
278 837 315 876 as.
376 863 1113 878 ..................

144 891 199 948 XX
243 933 249 944 .
285 892 326 945 De
349 891 500 959 sacerdote,
526 893 571 945 cui
593 893 623 945 in
648 895 767 947 oratione
792 893 949 947 dormitanti
973 893 1114 948 crucifixus

149 995 152 1002 .
198 961 308 1015 dorsum
325 962 454 1015 vertebat.
503 1001 767 1017 .......
797 963 810 1016 ’,
847 1004 853 1017 .
891 1004 897 1017 ,
1020 1004 1026 1016 .
1063 1003 1069 1016 .
1106 965 1182 1017 ,198

144 1031 235 1084 XXX.
270 1031 312 1084 De
340 1031 534 1085 tentationibus
566 1040 592 1085 et
620 1032 771 1086 visionibus
808 1031 955 1086 Christiani
989 1032 1115 1086 monachi

197 1099 286 1153 Vallis
305 1101 390 1153 sancti
407 1101 489 1154 Petri.
548 1141 1114 1156 ..............
1133 1104 1183 1156 198

144 1167 248 1222 XXXI.
284 1170 325 1223 De
342 1169 459 1223 Henrico
479 1185 609 1224 converso
626 1170 782 1238 vilariensi,
800 1172 848 1241 qui
865 1173 982 1242 graviter
999 1179 1114 1225 tentatus

197 1239 254 1304 luit,
274 1253 306 1293 eo
325 1239 399 1308 quod
415 1255 471 1293 non
489 1248 559 1292 esset
576 1241 648 1293 illius
665 1242 803 1311 legitImus
806 1281 1112 1296 ........
1131 1241 1183 1294 909

144 1305 261 1361 ΧΧΧΠ.
296 1309 338 1362 De
356 1316 490 1379 serpente,
515 1323 596 1378 quem
618 1311 690 1362 vidit
712 1311 793 1364 trater
816 1309 955 1364 Corradus
978 1312 1008 1364 in
1032 1310 1113 1364 dorso

197 1378 321 1431 conversi
339 1377 509 1431 dormitantis
526 1379 556 1431 in
575 1379 665 1432 choro.
719 1420 1112 1434 ..........
1130 1379 1183 1432 909

143 1445 273 1501 XXXIII.
309 1448 350 1501 De
369 1463 510 1514 converso,
535 1449 579 1500 cui
603 1455 687 1502 cattus
708 1450 784 1503 visus
807 1457 848 1503 est
865 1451 958 1504 oculos
977 1448 1112 1515 claudere,

196 1531 258 1569 cunr
274 1517 303 1569 in
323 1517 404 1572 choro
424 1517 587 1570 dormitaret
633 1558 1112 1573 ............
1131 1517 1183 1572 903

142 1585 273 1639 XXXIV.
309 1585 349 1640 De
367 1585 510 1640 Frederico
526 1586 665 1651 monacho,
685 1587 729 1640 cui
746 1588 775 1640 in
786 1588 867 1642 choro
878 1588 1035 1642 dormitanti
1052 1589 1113 1641 dia-

194 1655 275 1709 bolus
293 1655 395 1709 nodum
412 1656 586 1710 stramineum
602 1657 632 1707 in
650 1658 743 1710 oculos
761 1657 832 1710 iecit.
893 1698 1113 1711 ......
1131 1657 1183 1710 903

143 1723 261 1778 XXXV.
296 1726 337 1778 Dc
354 1725 495 1792 monacho,
515 1725 584 1778 circa
597 1741 677 1796 quem
694 1727 724 1780 in
734 1726 815 1781 choro
828 1726 1017 1781 dormitantem
1034 1727 1112 1797 porei

185 1793 366 1854 uidebantur.
414 1835 420 1848 .
457 1835 463 1847 .
501 1834 507 1846 .
544 1835 568 1850 ..
587 1835 1110 1850 .............
1128 1795 1181 1848 904

142 1861 272 1917 XXXVI.
309 1865 352 1918 De
368 1862 479 1917 domino
498 1862 622 1917 Gevardo
639 1864 756 1929 Abbate,
776 1866 823 1934 qui
840 1866 986 1918 monachos
1003 1866 1033 1918 iu
1054 1879 1111 1918 aer-

196 1947 275 1986 mone
293 1933 467 1987 dormitantes
484 1947 534 2002 per
551 1933 670 1987 fabulam
686 1934 796 1987 Arcturi
814 1935 949 1988 excitavit.
975 1976 981 1988 .
1018 1975 1024 1987 .
1061 1975 1067 1987 .
1104 1933 1180 1988 ,905

141 2001 286 2056 XXXVII.
321 2003 363 2057 De
381 2001 496 2056 Henrico
515 2003 603 2054 milite
620 2004 693 2071 apud
717 2017 766 2056 noa
793 2019 915 2056 carenam
932 2005 1059 2070 faciente,
1084 2011 1111 2057 et

95 2103 109 2124 2
196 2071 230 2124 de
247 2073 274 2124 la
294 2072 347 2138 ide,
366 2073 395 2124 In
414 2089 467 2141 quo
486 2071 638 2124 dormiebat
656 2079 776 2141 tempore
795 2074 931 2126 orationis.
974 2113 980 2126 .
1017 2115 1023 2127 .
1060 2113 1066 2126 .
1103 2073 1179 2126 ,905

141 2087 299 2196 XXXVIII.
334 2142 375 2194 De
393 2141 525 2195 monacho
543 2141 571 2194 in
586 2141 666 2195 choro
675 2143 827 2211 frequenter
842 2143 1012 2209 dormitante,
1031 2157 1110 2213 quem

195 2211 336 2265 crucifixus
353 2211 383 2263 in
401 2212 513 2264 maxilla
530 2213 663 2279 percussit
681 2220 707 2264 et
725 2212 857 2265 exstinxit
858 2253 1108 2266 .......
1127 2211 1178 2265 906

141 2279 273 2338 XXXIX.
308 2281 350 2334 De
367 2282 459 2349 puella
477 2281 587 2345 reclusa,
606 2295 673 2350 quae
684 2281 773 2334 Deum
788 2288 856 2334 etan
876 2283 933 2335 eles
951 2297 1010 2335 esse
1028 2281 1110 2336 dubi-

194 2356 266 2418 tans,
285 2350 319 2403 de
338 2365 450 2420 corpore
468 2359 586 2432 egressa,
602 2366 660 2472 per
681 2351 807 2418 spiritum
830 2299 901 2404 vidit
918 2353 1028 2423 angelos
1047 2367 1109 2404 san-

195 2419 281 2490 01019)
301 2425 328 2472 et
345 2421 455 2486 animas,
475 2434 600 2490 sicquea
637 2434 734 2488 corpus
752 2435 871 2491 regressa
889 2427 930 2474 est
930 2461 1109 2476 .....
1126 2419 1179 2474 906

140 2487 200 2543 XL.
234 2490 276 2543 De
291 2489 497 2554 sanctimoniali,
516 2504 584 2558 quae
601 2490 631 2542 in
648 2490 701 2542 tide
720 2489 847 2544 dubitans
865 2497 892 2543 et
910 2491 1061 2562 desperans,
1079 2491 1109 2544 in

193 2558 337 2612 Mosellam
352 2574 380 2612 se
397 2559 586 2628 praecipitavit
588 2599 1108 2615 .............
1126 2561 1178 2614 909

139 2625 212 2682 XLI.
246 2629 288 2682 De
299 2641 436 2695 converso,
455 2629 546 2699 quiex
556 2627 741 2697 desperatione
757 2630 787 2681 in
798 2630 904 2698 piscina
922 2630 1108 2684 sesutiocavit.
1126 2630 1179 2683 910

139 2695 225 2752 XLII.
260 2698 301 2751 De
325 2698 537 2762 sanctimoniali,
565 2713 633 2766 quae
655 2713 671 2750 a
694 2698 812 2780 quodam
834 2701 954 2771 maligno
978 2714 1108 2754 converso

194 2766 352 2832 dementata,
371 2767 401 2820 in
417 2773 529 2837 puteum
547 2781 575 2820 se
592 2767 789 2836 praecipitavit.
843 2809 1107 2823 .......
1125 2770 1175 2823 911

47 2861 54 2874 -
139 2833 238 2890 XLHI.
272 2837 315 2889 De
331 2836 484 2902 iuvencula,
503 2851 571 2907 quae
590 2851 624 2890 ex
642 2837 751 2890 tristitia
768 2853 798 2891 se
813 2840 962 2908 suspendit,
981 2838 1015 2892 ab
1033 2853 1108 2892 ama-

193 2906 234 2959 sio
253 2921 301 2959 suo
320 2913 461 2959 contemta.
497 2945 1107 2963 ...............
1124 2908 1175 2962 911

137 2972 237 3030 XLIV.
289 2974 330 3029 De
348 2974 526 3057 adolescente,
545 2974 592 3044 qui
604 2976 725 3029 vestibus
743 2976 798 3030 suIs
817 2976 927 3044 delusis,
946 2992 981 3031 ex
998 2976 1107 3030 tristitia

138 3058 223 3170 xri.
238 3043 475 3235 utitem.
493 3084 630 3168 ntem
655 3086 816 3184 aaa...
833 3087 863 3168 ι,
880 3087 1040 3169 seete
1056 3086 1107 3168 ti:
1124 3047 1175 3238 {J}

191 3197 287 3236 vocao
290 3223 1104 3239 ....................

137 3250 236 3306 XLVI.
271 3252 312 3306 De
331 3251 509 3317 Scholastico,
535 3253 581 3320 qui
604 3269 705 3306 annum
725 3253 894 3328 probationis
913 3253 1060 3324 complevit
1076 3254 1106 3326 in

190 3323 219 3374 ni
253 3321 383 3376 oordIne
402 3322 498 3375 timore
516 3321 626 3375 silentii.
669 3362 1104 3378 ...........
1123 3321 1175 3376 913

137 3389 214 3444 XLV
242 3432 248 3444 .
284 3391 325 3444 De
342 3392 472 3462 praelato,
491 3391 537 3459 qui
556 3392 679 3444 ordinem
696 3391 805 3445 vocavit
822 3392 1004 3446 tentationem.
1056 3433 1062 3446 .
1098 3393 1175 3458 ,914

136 3459 261 3514 XLVIII.
297 3460 338 3514 De
355 3460 451 3524 milite,
471 3459 518 3528 qui
536 3459 659 3514 ordinem
676 3462 773 3514 vitavit
791 3461 887 3515 timore
905 3462 1100 3532 pediculorum.
1123 3461 1179 3515 914

137 3529 237 3584 XLIX.
281 3530 323 3583 De
353 3529 547 3582 tentationibus
577 3529 720 3586 Godefridi
748 3530 908 3584 scholastici
937 3531 1022 3585 sancti
1044 3531 1105 3584 An-

189 3599 270 3653 dreae
286 3600 316 3652 In
335 3597 449 3652 Colonia
451 3637 804 3654 .........
841 3615 847 3630 ·
883 3640 1104 3654 ......
1122 3599 1174 3653 915

136 3669 167 3724 L.
203 3668 271 3723 Item
289 3668 323 3723 de
341 3669 488 3742 tentatione
506 3667 604 3722 Reneri
622 3670 785 3724 successoris
803 3668 924 3724 eiusdem
926 3708 1104 3724 .....
1121 3669 1172 3722 917

149 3823 180 3879 ⁰)
194 3825 226 3870 sis
238 3827 351 3878 locandam
363 3838 403 3879 pro
416 3825 539 3869 scillcet.
