2664 4308
153 233 191 292 62
429 217 438 232 ’
458 228 686 292 DISTINOTIO
707 227 881 291 SEPTIMA

489 420 722 482 CAPITULUM
745 420 858 480 XLIII.

204 543 252 602 De
278 559 377 618 poena
399 543 514 616 lusoris,
536 545 588 618 qui
609 542 822 618 blasphemavit
842 547 977 600 semotam
997 538 1139 600 Mortem.

219 681 336 759 Legitur
357 682 386 740 in
407 681 479 742 libro
493 680 697 741 MIraculorum
714 679 898 740 Claraetallis
920 678 955 740 da
978 679 1090 738 duobus
1110 677 1193 738 luso-

153 769 233 828 ribus
247 767 370 829 terribssa
392 768 469 844 quid.
514 767 587 827 Cum
608 771 657 826 uni
679 767 753 827 male
771 765 946 841 succederet,
966 765 1096 826 fortunae
1117 764 1194 824 alte·

155 857 214 915 rius
234 855 379 930 invIdens,
407 862 440 914 ut
467 856 553 915 lurori
582 872 634 914 suo
664 854 855 930 satisfaceret,
883 855 913 912 in
934 853 1030 912 Deum
1060 868 1195 912 evomere

156 944 250 1019 eoepit
272 943 361 1002 verba
375 941 589 1002 contumeliosa
622 940 716 1017 Quem
730 943 825 1002 socius
839 938 940 1000 eodem
953 938 1078 1016 maligno
1093 940 1196 1014 spiritu

156 1029 270 1090 afflatus
300 1045 499 1104 compescens,
535 1029 590 1088 ait:
629 1027 703 1103 Sile,
731 1034 764 1086 tu
793 1029 869 1086 enim
896 1023 1197 1100 nasois'maladicere.

84 1159 86 1166 s
155 1115 315 1191 Statimque
337 1116 434 1175 Deum
461 1115 581 1174 niqum
602 1113 822 1191 blasphemans,
854 1130 920 1174 cnm
947 1114 978 1170 iu
1005 1113 1104 1172 matris
1133 1113 1196 1172 aias

154 1204 285 1262 iniurIam
314 1207 487 1278 erumperem
517 1218 575 1262 vox
597 1201 719 1277 desuper
739 1199 839 1260 audita
859 1205 918 1260 est:
945 1198 1044 1260 Meam
1064 1199 1198 1258 inturiam

156 1305 327 1365 quocunque
359 1289 445 1349 modo
476 1290 613 1364 sustinui,
645 1289 743 1346 mauis
771 1293 869 1346 autern
897 1303 980 1346 meae
1008 1285 1198 1346 contumelias

156 1392 340 1452 nequaquam
367 1380 467 1452 potero
496 1374 627 1434 tolerare.
675 1373 803 1450 Moxque
831 1389 917 1450 super
944 1374 1038 1450 ipsam
1064 1371 1198 1432 tabulam

155 1461 274 1522 vulnere
293 1461 399 1521 vidbili
419 1461 595 1520 invisibiliter
614 1477 778 1538 percussus,
799 1477 936 1536 spumans
961 1460 1121 1536 exspuerit
1156 1458 1199 1518 Et

157 1548 227 1625 quid
248 1546 342 1608 diram
363 1547 399 1608 de
428 1549 524 1608 verbis
546 1547 775 1623 contumeliosis,
804 1563 870 1607 cum
897 1548 984 1607 atam
1004 1545 1198 1622 aanffloquia,

156 1637 218 1696 sine
251 1634 318 1694 felle
350 1634 477 1695 malitiae
506 1641 605 1694 eontra
633 1641 751 1694 sanotae
778 1634 835 1694 Dei
862 1631 1014 1694 Genitriois
1041 1634 1199 1710 imagIncm

156 1720 276 1798 prolata,
297 1723 426 1782 noverim
447 1723 477 1780 in
497 1723 641 1798 praesenti
659 1723 764 1781 aoritm
785 1721 854 1782 satis
875 1718 996 1796 punita'l
1194 1717 1197 1722 ’

491 1910 724 1973 CAPII'ULUM
743 1909 854 1972 XLIV.
922 1945 925 1952 ·

175 2035 251 2094 Item
273 2034 309 2094 de
327 2051 426 2109 poeno
447 2034 602 2093 cuiusdam
624 2040 781 2092 marronae
803 2033 839 2092 de
852 2032 1012 2106 Veldeaac,
1034 2050 1111 2108 qaae
1133 2033 1171 2091 de

308 2124 438 2197 tmuptae
459 2127 580 2180 abactae
601 2119 720 2179 Mariae
741 2119 829 2179 stulte
850 2118 1036 2195 loquebatur.

219 2260 254 2319 In
286 2258 398 2335 capella
426 2260 512 2320 castri
532 2257 678 2319 Veldenae
695 2254 711 2337 ¹)
740 2258 883 2333 quaedam
910 2264 995 2318 vatus
1022 2258 1118 2334 imago
1148 2266 1196 2320 est

155 2348 258 2407 beatae
278 2346 420 2423 Virginis,
438 2348 468 2404 in
489 2348 552 2405 sinu
574 2353 674 2405 tenens
694 2345 797 2421 filiurn,
830 2361 887 2404 non
909 2343 1025 2420 quidem
1044 2360 1096 2420 per
1117 2361 1195 2421 opus

154 2434 229 2494 bene
256 2433 393 2509 formata,
421 2432 472 2494 aad
500 2431 592 2491 multa
619 2433 724 2492 virtute
746 2431 852 2492 dotata
894 2430 1028 2492 Matrona
1049 2430 1196 2512 quaedam

155 2519 284 2580 eiusdem
313 2525 412 2594 castri,
441 2519 520 2595 quod
547 2521 634 2578 situm
662 2521 756 2578 estin
776 2518 911 2578 Dioaoesi
932 2518 1116 2593 Trevarensi,
1146 2518 1197 2580 die

156 2605 281 2683 quadam
302 2606 331 2665 in
345 2605 456 2682 capella
476 2612 564 2681 stans,
584 2607 732 2682 ipsamque
746 2622 869 2682 yconam
882 2607 1044 2682 respiciens,
1065 2611 1094 2664 et
1112 2605 1196 2666 scul-

155 2701 257 2770 pturae
270 2691 431 2771 indIgnans‚
452 2693 507 2752 ait:
529 2691 569 2752 Ut
589 2692 657 2767 quid
678 2691 724 2751 hia
747 2697 805 2751 stat
825 2697 910 2751 vetus
922 2692 994 2752 hasa
1008 2689 1196 2773 rumbula²)‘l

155 2781 249 2840 Beata
269 2797 337 2839 raro
359 2777 453 2840 Maria
473 2785 565 2838 mater
586 2777 810 2854 misericordiae,
840 2778 975 2838 femmam
996 2777 1197 2854 stultiloquam

155 2884 214 2928 non
235 2873 267 2926 ut
288 2867 409 2927 arbiuor
429 2864 507 2942 apud
529 2865 618 2924 fillum
640 2882 788 2940 accusans,
815 2864 868 2924 sad
888 2882 1013 2941 poenam
1032 2882 1084 2940 pro
1107 2866 1198 2943 culpa

156 2955 279 3013 drturam
300 2954 380 3012 alteri
401 2953 515 3012 cuidam
537 2958 684 3012 matronae
704 2951 882 3028 praedicans,
902 2954 957 3012 ait:
980 2951 1055 3028 QuIa
1076 2951 1198 3014 domina

155 3041 219 3116 itta,
247 3042 361 3100 nomina
384 3057 447 3100 cam
469 3039 637 3116 designans,
664 3040 780 3098 vocavit
801 3055 847 3099 me
869 3043 994 3099 veteram
1015 3038 1196 3116 mnodum,

157 3145 269 3204 semper
290 3128 393 3186 misera
414 3129 466 3186 erit
487 3125 583 3201 quoad
603 3129 690 3186 vivet
734 3125 805 3184 Post
825 3141 934 3200 paucos
956 3125 1016 3186 dies
1038 3126 1075 3185 ab
1098 3128 1197 3186 omni-
1311 3129 1312 3136 ’

156 3216 212 3274 bus
233 3216 291 3273 suis
312 3214 394 3284 bonis
414 3213 568 3272 mobilibus
590 3218 618 3272 et
631 3211 824 3272 immobilibus
845 3229 864 3271 a
885 3211 943 3272 tilio
956 3215 1071 3290 proprio
1093 3213 1197 3289 eiecta,

157 3300 353 3372 miserabiliter
374 3300 443 3358 satis
464 3315 556 3374 usque
577 3299 662 3359 hodia
683 3298 842 3374 mendicat,
871 3315 993 3376 poenam
1015 3297 1096 3360 luens
1113 3300 1197 3361 stul·
1311 3289 1312 3310 ¹

158 3388 276 3462 tiloqnii.
319 3386 395 3446 Ecce
416 3388 457 3445 sic
479 3386 565 3446 beata
585 3386 676 3462 Virgo
706 3385 853 3462 diligentes
882 3403 914 3446 se
935 3385 1027 3462 diligit
1048 3393 1077 3446 at
1096 3384 1196 3448 hono-

157 3480 211 3550 rat,
232 3470 293 3553 α’)
316 3478 529 3534 contemnentes
551 3490 582 3533 sa
603 3474 686 3549 punit
707 3479 737 3532 et
757 3471 894 3532 humiliat.
936 3470 1138 3534 NOVIGIUS:
1162 3473 1196 3534 Si

176 3659 207 3727 1)
226 3658 336 3710 Veldenu
353 3660 422 3711 iuxta
440 3658 585 3712 Berncastel
606 3658 638 3710 ad
657 3658 791 3711 Mosellam.
811 3687 841 3698 -
861 3658 892 3725 2)
911 3657 1025 3710 rambula
1042 3657 1193 3712 vocabulum

227 3738 266 3780 est
284 3729 415 3780 formatum
434 3746 466 3781 er
478 3730 624 3782 Germanico
642 3727 783 3795 Rumpel,
804 3729 874 3780 cuius
883 3727 1049 3789 collectivum,
1067 3729 1194 3780 (ierim-

227 3798 295 3866 pei,
312 3797 428 3868 desIgnat
445 3798 513 3868 quod
531 3799 610 3852 Latini
628 3807 720 3851 vocant
737 3807 849 3850 scruta.
871 3829 900 3838 -
921 3798 952 3866 3)
970 3806 1001 3848 et
1018 3796 1067 3849 add
1083 3797 1156 3851 ACI).
