2580 4316
152 262 191 318 14
423 255 425 262 ’
479 235 705 321 uisumorlo
723 221 853 320 PRIMA
932 295 936 317 .

151 391 266 444 nostrae
287 382 435 460 psalleret,
461 385 553 441 innuit
574 386 600 442 ei
620 391 653 442 ut
673 383 818 442 modicum
840 389 1025 458 exspectaret.
1067 382 1184 443 lntcrim

94 535 99 542 .
150 473 265 546 pulsata
287 477 330 530 est
352 478 449 546 sexta3
473 478 501 530 et
521 473 636 529 intravit
657 471 775 530 chorum
795 476 925 545 uterque.
968 469 1068 530 Stante
1085 471 1183 530 Priore

149 562 178 616 in
202 557 284 617 stallo
307 575 375 632 suo,
398 557 516 638 augelus
532 558 664 632 Domini,
686 564 719 616 ut
739 564 841 633 postea
861 559 966 633 patuit,
988 557 1132 634 infigura
1154 565 1183 618 et

149 646 250 706 habitu
273 644 399 706 eiusdem
420 645 553 704 monachi
575 647 661 720 quasi.
678 645 803 704 factums
826 645 1030 704 consessionem
1046 644 1085 702 ad
1093 644 1183 719 pedes

149 733 255 791 Prioris
285 749 316 791 se
343 734 506 807 prostravit.
555 731 648 807 Quem
682 749 747 790 cum
775 729 873 790 levare
901 731 1001 806 vellet,
1038 732 1182 807 disparuit.

148 819 187 877 Et
207 837 339 878 reversus
360 823 389 876 in
412 837 442 878 se
464 819 559 892 Prior,
588 819 725 878 intellexit
753 819 887 895 angelum
913 819 999 878 luisse
1020 818 1154 878 monachi
1166 816 1180 898 ¹)

149 906 276 965 confiteri
296 906 428 981 volentis,
451 913 479 965 ct
501 906 684 965 confessionis
705 906 848 980 repulsam
870 907 924 964 sibi
943 904 1181 986 quodammodo²)

38 1053 39 1060 χ
149 995 372 1068 improperantis.
424 992 626 1052 NOVIOIUS:
658 992 753 1052 Valde
780 989 908 1071 miror³),
947 994 1024 1068 quod
1063 992 1183 1069 angelus

148 1077 294 1160 sanctusl)
316 1080 433 1139 Domini
456 1083 496 1139 sie
518 1079 660 1138 humiliter
681 1097 713 1138 se
733 1073 855 1155 pedibus
869 1080 991 1138 hominis
1004 1086 1181 1155 prosternere

148 1167 281 1244 dignatus
304 1175 355 1227 cst.
398 1161 633 1227 MONAOHUS:
668 1167 741 1225 Cum
761 1169 843 1225 nobis
870 1185 888 1225 a
915 1166 1049 1242 praelatis
1077 1170 1180 1226 uostris

147 1261 275 1330 negatur,
299 1254 375 1330 quod
397 1255 481 1313 saluti
501 1261 614 1313 nostrae
636 1253 799 1329 impendere
809 1259 948 1327 terrentur,
969 1255 1092 1313 maxime
1103 1255 1180 1330 quod

147 1343 184 1400 ab
207 1341 315 1418 angelis
336 1343 420 1400 nobis
442 1342 585 1416 deputatis
607 1341 711 1399 utiliter
739 1343 913 1417 suggeritur,
946 1344 1027 1417 quasi
1054 1343 1123 1416 ipsis
1151 1344 1180 1398 in

146 1427 202 1488 hoo
223 1430 361 1487 resistitur
373 1425 402 1508 ⁵).
445 1428 575 1504 Angelus
596 1445 665 1487 vero
687 1428 808 1501 homini,
829 1435 966 1503 tanquam
988 1427 1099 1488 eoelum
1120 1435 1179 1487 ter-

145 1531 210 1590 rae,
239 1522 376 1590 tanquam
406 1533 508 1574 aurum
540 1515 620 1590 luto,
653 1532 684 1574 se
705 1517 876 1591 prostravit,
908 1521 941 1572 ut
962 1531 998 1573 ex
1019 1518 1082 1590 ipso
1103 1515 1177 1575 facto

144 1601 218 1661 illius
239 1602 428 1678 negligentiae
436 1600 457 1681 ⁶)
481 1602 676 1677 exprobraret,
711 1608 740 1660 et
760 1603 862 1660 timore
880 1619 1049 1676 percussum
1071 1602 1106 1661 de
1129 1619 1179 1662 ce-

145 1696 205 1749 tero
229 1691 384 1748 cautiorem
406 1690 537 1749 efficeret.
580 1688 656 1747 Hine
679 1695 722 1747 est
744 1689 821 1764 quod
843 1689 975 1757 Salvator
995 1691 1024 1747 iu
1041 1689 1178 1766 Evange-

144 1775 182 1835 lio
204 1776 286 1836 dicit:
315 1777 377 1834 Vae
398 1781 450 1852 qui
470 1777 655 1835 sccudolt'eot
676 1795 771 1834 uuum
793 1777 828 1835 de
844 1778 961 1851 pusillis
982 1779 1051 1848 iaco,
1074 1783 1178 1852 etpost

143 1881 252 1939 pauca:
274 1865 380 1938 Aupclc'
402 1881 505 1922 eorum
526 1881 638 1938 semper
658 1864 758 1922 uident
777 1863 886 1939 faciem
908 1865 1011 1922 Putris
1031 1867 1103 1935 uret,
1127 1867 1178 1938 qut

143 1954 176 2009 in
197 1953 282 2009 coelis
304 1948 384 2028 estl).
427 1950 550 2025 Expleta
570 1950 642 2009 hora
657 1953 802 2025 canoniea,
823 1950 911 2024 Prior,
932 1956 1036 2009 vocato
1058 1951 1096 2009 ad
1112 1967 1142 2009 se
1154 1949 1175 2030 Β)

134 2038 293 2113 monacho,
316 2037 386 2095 dixit
407 2040 447 2096 ei:
484 2037 573 2096 Modo
602 2037 648 2096 fae
666 2038 883 2096 ‘consessionem
905 2045 993 2096 tuam.
1037 2036 1090 2095 Oui
1111 2055 1177 2096 cum

143 2125 189 2184 ille
213 2123 411 2200 responderet:
443 2125 524 2184 Bene
547 2130 680 2199 exspecto
689 2121 726 2203 9),
756 2124 881 2198 domine,
913 2125 1054 2199 usquein
1075 2126 1177 2184 erasti-

142 2229 224 2288 num3
261 2215 289 2269 in
326 2210 399 2271 haec
427 2213 517 2271 verba
544 2213 687 2287 prorupit:
730 2209 825 2268 Hodie
856 2227 914 2268 non
949 2210 1087 2286 gustabo,
1122 2213 1175 2269 nisi

143 2299 258 2372 audiam
275 2295 304 2377 ¹⁰)
326 2299 533 2357 consessionem
554 2293 658 2356 tuam'
683 2297 754 2356 Erat
775 2299 851 2356 enim
875 2296 946 2356 hora
977 2297 1095 2373 prandii.
1138 2298 1176 2356 Et

142 2387 286 2460 acquievit
306 2385 361 2444 ille.
405 2385 449 2442 Ex
470 2385 519 2444 ille
538 2385 610 2443 hora
629 2383 711 2442 Prior
731 2383 797 2443 Deo
826 2386 968 2459 promisit,
1002 2387 1069 2460 quia
1097 2385 1175 2444 nulla

143 2487 209 2532 curn
232 2474 397 2547 occupatio,
425 2472 503 2531 nulla
526 2474 654 2544 occasio,
675 2486 733 2528 nou
750 2468 779 2550 ¹¹)
800 2473 923 2546 inceptio
944 2473 1060 2547 psalmi,
1081 2489 1175 2548 neque

143 2576 241 2619 cursus
263 2556 291 2639 ¹²)
313 2561 454 2636 genitricis
466 2560 522 2617 Dei
540 2556 568 2638 ¹³)
589 2559 627 2616 ab
649 2557 798 2616 audiendis
816 2559 1039 2619 confessionibus
1060 2560 1174 2618 abstra-

141 2646 235 2722 heret,
264 2663 329 2705 cum
351 2649 464 2722 signum
483 2646 664 2706 confessionis
686 2644 804 2704 videret.
846 2646 954 2705 Factus
975 2663 1044 2705 vero
1066 2647 1174 2723 grand-

141 2750 245 2808 aevus,
279 2751 345 2795 cum
376 2739 492 2809 propter
515 2733 648 2806 corporis
682 2731 856 2791 debilitatem
876 2732 914 2792 ad
935 2733 1096 2794 Prioramm
1116 2752 1173 2793 nou

141 2821 298 2895 sufficeret,
326 2821 455 2879 laborem
482 2818 614 2877 Marthae
644 2822 831 2878 commutavit
849 2821 879 2877 in
901 2823 1025 2894 quietem
1045 2820 1172 2881 Mariae:

140 2910 221 2968 vovit
243 2910 317 2966 enim
336 2904 363 2987 ¹⁴)
386 2907 465 2981 Deo,
497 2913 530 2963 ut
561 2905 676 2981 siugulis
699 2905 799 2965 diebus
820 2906 985 2982 psalterium
1007 2924 1043 2965 ex
1062 2911 1172 2984 integro

142 2994 321 3070 decantaret3
351 2997 448 3069 sicque
477 2993 630 3051 virtutibus
656 2992 758 3067 plenus
786 2996 919 3070 migravit
940 2993 977 3052 ad
998 2994 1173 3068 Dominum,

159 3285 334 3355 lJGillius
361 3283 517 3337 monachi.
536 3313 567 3323 —
594 3283 626 3352 2)
650 3283 671 3338 G
697 3285 925 3353 quodammodo
953 3286 1023 3338 sibi.
1043 3317 1074 3327 -
1103 3287 1173 3355 mc

207 3359 309 3409 miror
326 3356 431 3408 valde.
451 3383 480 3394 -
502 3354 534 3422 4)
552 3364 686 3406 sanctus
704 3373 744 3406 our
763 3355 790 3408 G.
810 3385 841 3395 -
863 3355 894 3422 5)
911 3355 932 3406 ll
949 3358 1120 3409 resistunt.
1140 3387 1170 3397 -

208 3427 240 3494 6)
258 3426 278 3479 G
299 3425 529 3495 negligentiae
553 3424 656 3488 illius;
674 3425 748 3492 paulo
766 3434 824 3492 post
841 3424 862 3476 D
880 3426 1069 3492 perculsum.
1089 3458 1120 3468 -
1140 3429 1172 3496 7)

207 3495 294 3548 uersu.
314 3496 356 3558 18,
374 3496 447 3547 6.10.
468 3522 499 3540 -,
518 3492 549 3561 8)
568 3493 588 3546 0
606 3493 641 3544 ad
660 3511 693 3545 se
711 3504 876 3547 vocato-
895 3496 927 3562 9)
944 3495 986 3547 DP
1003 3506 1173 3564 exspecta-

207 3565 255 3617 bo.
274 3593 305 3604 ·-
326 3565 373 3632 10)
391 3562 411 3616 Β
430 3563 540 3628 undio,
564 3563 767 3630 (laudierim,
786 3595 818 3604 -
844 3564 892 3630 11)
910 3565 930 3617 G
947 3566 1045 3618 nulla.
1066 3597 1097 3607 -—
1123 3569 1171 3636 12)

207 3637 379 3686 matutinarius
397 3650 484 3686 cursus
502 3633 592 3685 beatae
610 3635 701 3686 uarias
728 3643 766 3686 est
792 3637 965 3702 perantiquum
992 3637 1101 3688 olliclurn
1127 3655 1173 3690 ec·

207 3695 381 3756 clesiasticurn.
401 3734 431 3743 -
461 3703 509 3772 13)
538 3702 624 3756 Dadd
642 3705 767 3756 illuriac.
787 3733 816 3746 -
847 3706 894 3773 14)
912 3705 932 3758 Ο
950 3709 1119 3775 vovitque,
1145 3717 1172 3759 et

206 3774 375 3841 paulopost:
402 3774 598 3842 psalterium
617 3774 754 3844 singulis
780 3775 894 3828 diebus
920 3775 1115 3830 decantaret
1134 3793 1171 3828 ex

207 3846 347 3912 integro.
