2628 4310
336 377 338 384 ,
380 289 384 298 ·
432 284 489 346 nn
509 281 792 346 nortmannos.
1065 279 1127 340 nor
1218 332 1222 341 Α

386 439 656 542 ‘eremmon
685 471 804 534 xxrv.
857 425 858 428 Ὺ

112 599 162 661 De
184 564 361 658 ddeodorioo
383 597 419 656 de
440 597 557 657 Rnlont
579 598 631 672 qui
653 611 745 654 water
770 593 812 653 ad
831 593 1018 670 omanorum
1039 591 1107 654 Do·

271 709 274 718 ·
299 686 373 743 mini
394 691 430 744 ut
450 691 617 742 metuetur
632 680 770 758 praeimus
792 679 927 740 obtinuit.
1198 697 1201 704 ·

158 805 243 866 Ciroa
269 803 320 864 illa
347 811 478 880 tempora
500 802 695 863 Theodericus
718 799 754 860 de
775 799 892 876 Rulant,
914 800 957 860 vir
977 801 1085 877 potens
1103 806 1131 860 et

91 892 188 968 dives,
210 890 369 962 devotionis
390 892 484 968 gratia
504 890 649 966 profectus
671 894 714 948 est
734 886 956 966 lerosolymam.
998 887 1132 947 Prostra·

90 986 139 1040 tus
153 975 170 1060 ¹)
193 985 259 1039 ante
274 977 458 1054 sepulohrum
471 977 663 1050 Dominioum,
685 974 848 1033 huiusmodi
868 974 941 1033 fudit
959 976 1132 1034 orationem:

89 1065 219 1126 Domine
246 1064 320 1125 Jesu
349 1063 461 1123 Christe
493 1065 543 1140 qni
571 1064 668 1123 omnia
695 1063 786 1136 nosti,
818 1062 842 1120 si
871 1077 929 1120 non
958 1060 1053 1120 habeo
1085 1077 1132 1122 me

91 1151 246 1214 emendare
275 1153 390 1212 avitiis
418 1151 557 1227 pristinis,
585 1165 712 1209 nonme
732 1150 881 1224 permittas
902 1147 995 1208 redire
1015 1149 1045 1206 in
1073 1153 1133 1206 ter·

90 1257 157 1300 ram
185 1255 296 1313 meam,
327 1237 380 1298 sed
408 1243 448 1297 ut,
468 1237 516 1297 hio
545 1237 615 1296 mihi
630 1237 707 1297 ,mori
728 1233 813 1294 liceat
835 1233 970 1295 oonoede.
1013 1232 1134 1293 Audiuit

90 1328 169 1387 hano
198 1327 357 1385 orationem
378 1324 451 1383 alius
472 1323 554 1383 miles
576 1327 722 1398 oompater
744 1323 819 1396 eius,
853 1327 882 1380 ot
903 1323 955 1380 ait:
986 1319 1133 1382 Orestisne

91 1414 168 1474 bene
189 1411 275 1472 hodie
308 1409 475 1487 compater?
518 1409 630 1482 Etiam,
657 1409 758 1486 inquit.
800 1408 923 1468 Dioente
943 1407 1007 1482 illo,
1037 1414 1067 1468 et
1088 1408 1134 1468 oui

90 1499 181 1561 vultis
203 1497 343 1558 dimittere
371 1513 491 1556 uxorem
521 1503 550 1556 et
573 1496 679 1556 liberos
700 1493 834 1554 vestros?
866 1494 1014 1570 respondit
1034 1493 1134 1554 Theo-

92 1586 222 1647 dericus:
243 1584 349 1644 Melius
371 1589 468 1644 estut
488 1582 551 1642 illos
574 1582 719 1656 deseram,
741 1598 829 1657 quam
851 1583 976 1641 animam
1005 1598 1100 1642 meam
1112 1578 1134 1660 ¹)

91 1671 223 1750 perdam.
267 1669 345 1747 Quid
371 1667 477 1746 plura?
520 1668 664 1728 Exaudite
693 1673 737 1728 est
765 1670 855 1728 oratio
877 1667 1001 1745 religiosi
1022 1667 1136 1744 militis,
1227 1745 1229 1750 ,

93 1765 126 1820 et
146 1764 213 1836 post
225 1774 334 1833 paucos
350 1754 409 1816 dies
422 1755 580 1830 defunctus,
603 1757 770 1817 ooniunttus
792 1751 864 1834 estl)
887 1751 997 1814 uiribus
1010 1753 1134 1834 Jerusa-

92 1847 153 1906 lem
175 1844 315 1906 ooelestis.
357 1843 453 1919 Quam
480 1858 570 1918 prope
598 1844 635 1900 sit
662 1841 804 1900 Dominus
833 1843 966 1900 omnibus
994 1843 1136 1902 invocan-

10 2007 11 2010 ,
93 1932 174 1994 tibus
197 1932 314 2017 eumin
340 1925 498 2009 veritate⁴),
528 1945 606 1992 mors
634 1927 751 1987 alterius
780 1927 929 1987 cuiusdam
951 1927 1136 1990 demonstrat.

442 2117 676 2178 CAPITULUM
696 2117 800 2178 XXV.
869 2113 872 2122 ’

145 2242 194 2304 De
214 2249 310 2302 motu
330 2241 468 2300 monmhi
490 2241 525 2300 de
548 2232 737 2318 Oeebroeoltss
761 2243 814 2316 qni
834 2243 932 2301 vivae
952 2246 1099 2303 reemoott

354 2335 477 2404 propter
498 2326 643 2386 Abbalem
665 2326 880 2389 tumultuatum.

162 2449 199 2510 In
221 2444 415 2527 Oesbroeelr⁶)
436 2450 609 2510 monasterio
631 2448 782 2508 Dioeeesis
813 2449 1013 2527 Traieetensis,
1033 2467 1137 2512 mona·

97 2537 170 2599 ohus
185 2535 301 2612 quidam
314 2535 368 2594 luit
385 2541 471 2596 tenax
484 2537 617 2610 iustitiae,
630 2535 848 2596 zelum-habens
860 2535 1033 2614 disciplinae.
1044 2537 1135 2599 Gum-

98 2641 156 2701 que
177 2630 290 2683 mortuo
311 2622 670 2698 illiustemporisAbbate,
692 2619 749 2702 etr)
771 2624 795 2682 is
815 2625 863 2698 qui
876 2623 1019 2686 hosanna
1032 2625 1135 2686 delun-

99 2719 162 2772 otus
175 2716 226 2786 ost,
249 2711 338 2786 eiper
354 2710 521 2794 electionem
535 2710 763 2784 substitueretur,
782 2709 831 2768 ille
852 2713 945 2771 solens
964 2714 1136 2776 eumvirum
1198 2749 1199 2754 κ
1303 2677 1304 2712 ³

98 2797 276 2858 saecularem
290 2802 378 2871 atque
391 2798 621 2872 incontinentem,
630 2799 769 2874 ingemuit
779 2796 891 2857 dioenst
905 2797 973 2858 Heu
982 2799 1068 2858 modo
1077 2800 1138 2860 dis·

100 2883 205 2961 eiplina
216 2883 319 2944 domus
332 2883 417 2943 huius
434 2884 547 2959 peribit
567 2883 620 2942 Est
635 2886 711 2943 enim
725 2882 761 2943 de
783 2883 882 2962 ordino
895 2887 976 2962 nigro
990 2893 1138 2946 monaste-

98 2974 182 3046 rium,
201 2969 357 3047 aliquando
377 2970 458 3029 dives
484 2972 562 3029 satis.
596 2969 634 3028 Et
644 2974 699 3030 ait:
722 2970 847 3030 Domine
860 2969 933 3031 Jesu
945 2971 1056 3032 Christe
1069 2980 1137 3048 peto

98 3075 137 3120 ne
154 3059 232 3117 sinas
263 3073 310 3116 me
332 3055 438 3115 diutius
459 3059 573 3130 vivere,
600 3053 666 3137 nel)
696 3056 810 3117 videam
827 3057 1033 3119 desolationem
1053 3059 1139 3122 huius

98 3137 273 3206 monasterii.
321 3141 451 3218 Cumque
478 3142 574 3202 induci
601 3159 659 3202 non
689 3149 787 3219 posset
814 3150 848 3204 ut
869 3144 992 3204 eundem
1014 3145 1139 3224 eligeret,

98 3233 162 3292 sive
182 3230 388 3308 professionem
407 3229 522 3305 iaceret,
544 3231 584 3288 ait
604 3229 642 3289 ad
664 3247 730 3289 eum
750 3237 846 3291 mente
864 3233 1028 3308 tranquilla:
1057 3235 1140 3294 Deus

99 3316 289 3394 novitsquod
305 3316 422 3393 diligam
444 3332 513 3392 vos,
535 3315 587 3375 sed
608 3319 667 3376 seio
683 3315 761 3392 quod
780 3316 881 3394 religio
903 3318 1005 3379 domus
1026 3317 1141 3400 huius')

100 3405 264 3466 destruetur
290 3421 342 3481 per
363 3419 426 3462 vos.
467 3402 557 3462 Mane
579 3401 656 3463 diota
677 3405 825 3464 missaab
849 3404 951 3465 eodem
972 3405 1089 3469 Abbate
1110 3425 1142 3468 so

120 3572 549 3644 1)OFquiprostratus.-
560 3573 857 3640 2)11111111011111.-
868 3549 1145 3642 3)1)111111111111111

173 3651 239 3708 est,
256 3645 510 3696 coniunctus.-
533 3642 565 3709 l)
584 3642 649 3699 Ρ111
668 3643 727 3708 144,
747 3644 970 3714 18-5JA11EP
992 3647 1145 3716 Orsburg.

50 3717 53 3722 '
175 3742 206 3753 -
226 3714 258 3781 6)
274 3712 494 3779 El’Ostburg
512 3711 557 3763 ΑΙ)
575 3711 727 3782 Orthrug.
752 3712 909 3767 Coenobrum
927 3715 976 3768 hoo
998 3715 1065 3766 haud
1082 3732 1146 3782 pro

67 3846 72 3851 ι
173 3781 430 3920 orloanBllltraieoto
452 3782 500 3833 iuit
522 3783 604 3833 situm.
623 3811 656 3820 —-
675 3783 707 3852 7)
725 3791 757 3834 et
774 3783 914 3836 omli-
883 3785 966 3854 -8)
984 3785 1005 3838 B
1022 3793 1057 3837 ut
1074 3800 1145 3838 non

315 3854 415 3905 istius
