2580 4316
168 219 208 276 74
467 211 695 279 utsummlo
715 213 901 279 SECUNDA

167 347 315 418 tyrannus.
356 337 414 398 Hic
432 357 499 398 cnm
521 347 597 400 esset
610 341 791 415 vanissimus,
810 341 851 400 nil
871 343 901 398 in
923 357 955 400 se
974 338 1086 401 habens
1107 342 1205 418 pieta-

168 429 221 502 tis,
248 427 288 485 nil
308 425 498 502 religiositatis
510 425 541 506 ¹),
563 427 678 486 dicebat
705 429 732 486 ei
753 427 879 503 quodam
899 435 1028 504 tempore
1048 447 1206 506 germanus

169 531 248 589 suus,
269 515 313 572 rir
332 513 449 573 nobilis:
471 513 595 574 Domine
616 514 767 590 Episcopo,
788 516 910 573 multum
930 516 1129 575 scandalizatis
1149 533 1203 576 nos

166 601 256 660 laicos
283 606 381 660 vestro
403 600 543 676 exemplo.
585 599 751 676 Antequam
773 605 873 661 essetis
893 602 1068 678 Episcopus,
1096 603 1205 679 aliquid

169 687 267 746 Deum
287 688 446 761 timebatis,
471 687 558 746 modo
584 688 625 745 nil
651 705 767 764 prorsus
797 689 833 747 de
853 688 902 747 illo
925 693 1038 748 curatis.
1082 689 1138 748 Cui
1157 690 1206 749 ille

169 775 331 850 respondit:
352 775 460 849 Frater,
485 774 543 833 duo
564 776 651 833 vicini
673 783 768 849 erant,
790 793 826 834 ex
848 777 952 851 quibus
974 795 1048 835 nnus
1070 777 1205 853 exemplo

168 861 284 920 alterius
305 863 445 937 peccavit.
488 861 596 922 Mortui
620 867 687 920 sunt
698 863 795 936 ambo,
817 870 846 922 ct
868 863 982 922 deducti
1003 866 1032 920 in
1053 864 1205 923 infernum.

170 949 243 1008 Cum
265 955 360 1008 essent
379 951 409 1006 in
431 951 592 1022 tormentis,
614 965 688 1006 unus
710 948 791 1008 alteri
812 949 940 1009 dicebat}
960 950 1025 1010 Vae
1046 950 1114 1026 tibi,
1137 952 1205 1026 qnia

168 1041 218 1095 tuo
255 1034 385 1110 exemplo
416 1043 590 1110 provocatus
618 1035 656 1093 ad
682 1043 834 1110 peccatum
867 1039 957 1096 merui
985 1037 1062 1096 huno
1099 1037 1204 1097 locum.

169 1122 222 1182 Cui
244 1123 329 1181 alter:
350 1123 546 1195 Bonericine,
568 1121 699 1196 siplacet
712 1124 764 1181 tibi
785 1123 907 1197 amphus
921 1123 1005 1182 sedes
1027 1141 1102 1198 mea,
1122 1122 1203 1182 trade

166 1210 237 1268 mihi
255 1209 349 1282 ihm,
378 1215 407 1267 et
428 1224 481 1284 ego
504 1209 580 1267 dabo
602 1210 654 1267 tibi
675 1226 779 1267 meam.
822 1209 869 1268 Sic
891 1210 955 1268 dico
976 1211 1076 1285 vobis,
1101 1210 1202 1283 frater,
1234 1267 1237 1280 ,

121 1335 125 1344 ·
167 1296 282 1372 qnando
310 1297 471 1355 venerimus
499 1295 537 1353 ad
564 1294 684 1369 inferos,
711 1299 736 1356 si
756 1295 900 1354 videbitur
927 1298 1010 1356 vobis
1031 1297 1117 1356 sedes
1137 1313 1202 1356 mea

165 1382 371 1457 honorabilior,
399 1381 544 1441 ascendite
571 1398 651 1456 earn,
679 1389 708 1440 et
729 1400 784 1460 ego
806 1385 940 1460 recipiam
961 1391 1098 1443 vestram.
1140 1383 1201 1442 Re-

165 1471 280 1546 spondit
300 1469 361 1528 ille:
382 1467 463 1527 Mala
477 1467 633 1527 consolatio
646 1469 728 1528 haec.
770 1470 830 1529 Iste
844 1469 994 1545 Lupoldus
1014 1473 1055 1528 ita
1078 1469 1201 1544 diaboli-

167 1575 218 1617 cus
240 1559 308 1630 erat,
334 1563 366 1614 ut
386 1561 515 1630 tempore
536 1555 705 1630 schismatis,
728 1556 805 1631 quod
826 1564 887 1616 erat
908 1560 980 1616 inter
1002 1557 1076 1616 duos
1098 1557 1200 1633 Reges,

166 1643 302 1704 Ottonem
324 1641 432 1701 scilicet
444 1650 472 1702 et
493 1640 665 1717 Philippum,
688 1659 753 1701 cum
775 1644 829 1703 sibi
850 1650 1018 1719 usurpasset
1037 1644 1200 1720 Episcopa—
1246 1713 1249 1718 ¹

164 1738 226 1790 tum
247 1729 497 1806 Maguntinensem
529 1728 657 1788 eiusdem
677 1729 803 1806 Philippi
834 1733 1018 1806 auctoritate,
1047 1739 1078 1789 et
1106 1731 1200 1790 multis

124 1867 128 1876 ,
164 1820 313 1877 interesset
334 1814 430 1891 bellis,
461 1833 519 1874 non
547 1823 678 1892 parceret
706 1817 849 1893 eeclesiis,
876 1835 935 1876 non
962 1820 1115 1877 cimiteriis.
1161 1816 1199 1874 Et

165 1923 231 1966 cum
254 1907 279 1964 ei
300 1903 403 1962 milites
424 1905 468 1962 sui
489 1904 629 1962 dicerent:
651 1903 784 1977 Domine,
805 1921 864 1963 non
884 1905 950 1964 licet
970 1906 1053 1970 nobis
1076 1903 1198 1980 spoliare

165 1993 316 2067 cimiteria3
338 1990 499 2066 respondit:
521 1990 551 2066 Si
573 2007 640 2086 opsa
661 1997 838 2049 mortuorum
859 1990 964 2065 tollitis,
986 1997 1054 2050 tunc
1076 1995 1197 2068 primum

164 2081 301 2140 cimiteria
322 2077 457 2153 spoliatis.
500 2076 556 2152 Qui
571 2093 636 2135 cum
651 2083 727 2136 esset
737 2079 866 2152 privatus
887 2079 925 2137 ab
940 2077 1033 2137 officio
1056 2086 1087 2137 et
1108 2079 1196 2138 bene-

164 2168 230 2226 ficio
252 2167 289 2224 ab
311 2165 478 2224 Innocentio
498 2165 581 2239 Papa
609 2171 726 2240 propter
753 2167 930 2224 invasionem
956 2168 1014 2223 iam
1036 2165 1106 2225 dicti
1125 2165 1195 2239 Epi·
1264 2223 1271 2246 ,

163 2259 307 2329 scopatus,
329 2251 433 2309 auxilio
444 2250 569 2325 Philippi
580 2250 675 2324 fretus,
697 2249 817 2310 collecto
840 2255 974 2325 exercitu,
995 2253 1140 2328 proiectus
1154 2255 1195 2309 est

161 2343 191 2399 in
213 2338 335 2412 Italiam,
356 2340 450 2413 ipsum
470 2338 582 2412 Papam
604 2336 754 2396 debellare.
798 2338 891 2414 Quem
920 2341 1006 2398 etiam
1026 2342 1056 2396 in
1079 2338 1195 2398 diversis

162 2428 241 2501 locis,
263 2423 340 2500 quod
363 2425 440 2484 dictu
461 2423 595 2484 horribile
613 2431 665 2498 est,
686 2423 851 2484 ardentibus
862 2425 988 2496 candelis
1000 2425 1194 2485 excommuni-

164 2515 248 2574 cavit.
291 2511 398 2572 Postea
425 2528 493 2571 vero
515 2513 544 2569 in
574 2511 671 2570 odium
691 2511 874 2586 Imperatoris
898 2510 1011 2572 Ottonis
1039 2513 1134 2572 officio
1166 2513 1194 2568 ct

161 2599 301 2661 beneficio
314 2602 461 2658 restitutus
474 2605 526 2658 est.
569 2598 622 2658 Vir
642 2599 695 2656 iste
707 2599 935 2674 saepeetvalde,
956 2606 989 2657 ut
1009 2602 1067 2658 iam
1089 2600 1192 2658 dictum

162 2695 220 2763 est,
253 2686 368 2760 cecidit;
400 2688 497 2744 nescio
518 2691 614 2743 utrum
640 2687 760 2743 surrexit
788 2687 817 2743 in
838 2685 895 2744 fine
915 2703 968 2761 per
988 2689 1191 2748 contritionem

160 2774 226 2834 Hoc
248 2775 323 2847 scio,
355 2772 432 2848 quod
452 2771 558 2848 legatio
580 2774 608 2830 in
631 2789 689 2846 qua
709 2770 854 2831 hominem
876 2772 1008 2848 deposuit
1018 2770 1055 2853 ²),
1087 2771 1191 2831 multae

161 2861 343 2921 dissensionis
373 2861 554 2918 seminarium
582 2859 642 2916 suit.
696 2857 899 2919 NOVICIUS:
926 2860 1019 2934 Saepe
1053 2858 1190 2936 quosdam

159 2949 219 3008 vidi
241 2947 350 3021 cadere,
373 2953 401 3005 et
421 2963 473 3022 per
493 2947 698 3022 poenitentiam
720 2962 881 3022 resurgere3
904 2946 955 3005 sed
977 2945 1190 3024 quodquidam

158 3036 256 3096 lortius
277 3039 433 3111 resurgant,
453 3033 568 3109 probari
589 3032 660 3091 mihi
680 3032 785 3091 vellem
808 3033 952 3109 exemplis.

453 3216 891 3270 ψ

173 3446 203 3515 1)
221 3445 245 3532 (ἶΙ
258 3446 301 3530 nil
319 3443 567 3529 misericordiae
585 3442 709 3494 habens
727 3442 780 3496 vel
798 3445 953 3511 pietatis,
976 3431 1025 3495 nil
1041 3446 1072 3496 in
1090 3459 1121 3495 so
1138 3453 1185 3557 rti-

223 3511 1185 3646 {aluenninuinlidiscidentibus

221 3670 306 3718 causa,
332 3657 439 3705 occasio.
464 3652 512 3702 vn.
539 3651 565 3704 S.
582 3651 689 3720 Engclb.
717 3651 751 3716 ll,
769 3653 800 3703 4:
829 3651 929 3718 „literas
947 3669 1002 3704 cnm
1020 3653 1135 3722 legisset,
1160 3648 1183 3697 in

220 3728 305 3792 ignem
323 3725 424 3794 mittens
442 3721 548 3789 pedibus
566 3720 738 3785 conculcavit,
756 3738 788 3773 ne
806 3720 945 3774 discordiae
964 3725 1121 3775 seminarium
1139 3717 1183 3768 fle·

219 3801 276 3846 rent
292 3794 358 3845 inter
375 3795 457 3872 ipsum
475 3800 501 3844 et
519 3800 655 3862 cognatum
672 3794 770 3844 sunm.“
789 3791 856 3843 infra
873 3793 915 3859 lll,
932 3793 974 3846 26.
993 3793 1054 3846 Gen.
1067 3793 1109 3857 37,
1126 3789 1149 3840 5.
