2664 4308
169 286 189 344 4
473 278 701 342 DISTINOTIO
722 279 898 342 SEPTIMA

168 405 277 480 operire
298 401 473 477 viderentur,
502 409 532 462 et
552 402 678 478 procella
706 402 861 480 procellam
881 400 1044 479 impellens,
1073 401 1208 480 generale

168 491 306 552 diluvium
326 491 409 548 terris
426 491 588 550 minaretur.
619 489 658 550 Et
678 492 753 550 sicut
774 490 881 550 dictum
901 490 954 549 fuit
968 488 1079 550 Abbati
1099 496 1207 565 nosbo,

167 594 234 640 cum
255 575 357 638 endem
378 593 454 636 anno
476 579 646 636 visitationis
666 579 758 654 gratia
778 577 901 638 Frisium
921 578 1069 654 intrasset,
1094 577 1173 653 quod
1189 572 1207 656 ¹)

166 666 269 725 fluctus
290 664 416 722 furentes
438 664 524 722 etiem
545 680 637 739 usque
650 660 671 743 ²)
694 661 842 724 Coloniam
863 666 1075 740 pervenissent,
1103 665 1127 722 si
1147 680 1207 724 non

166 755 191 811 is
213 753 262 827 qui
284 767 333 810 eos
355 753 537 825 excitaverat,
560 749 712 810 Genitricis
733 767 811 826 suae,
832 755 866 810 ut
886 756 987 826 postea
999 750 1117 825 nicena,
1136 767 1207 826 pre·

167 839 248 898 cibus
262 839 493 913 compescuisset.
520 836 724 898 NOVIDIUS:
742 837 825 897 Nosti
838 853 954 897 caussam
968 842 1065 898 tantae
1079 835 1206 914 plagae?

165 923 401 986 MONACHUS:
422 924 506 984 Novi.
548 923 630 983 Friso
652 924 770 999 quidam
791 930 852 984 arte
865 923 946 1000 pugil
966 926 996 982 in
1018 923 1120 983 eadem
1134 939 1206 1000 pro-
1238 915 1247 928 “

165 1013 260 1072 vincia
281 1013 401 1086 exstitit,
429 1013 478 1086 qui
506 1013 637 1086 quotiens
659 1010 695 1070 de
717 1012 836 1071 taberna
859 1011 953 1070 ebrius
974 1010 1072 1086 rediit,
1100 1013 1206 1070 totiens

165 1115 284 1160 uxorem
304 1099 471 1158 verberibus
501 1103 529 1156 et
560 1097 653 1174 plagis
675 1099 745 1157 satis
766 1097 921 1157 tribulavit.
964 1097 1107 1173 Tempore
1130 1113 1206 1172 quo-

166 1184 233 1245 dam
254 1188 355 1244 timore
376 1186 469 1242 mariti
489 1183 681 1243 infirmitatem
702 1184 854 1258 simulans,
882 1201 918 1243 ne
937 1184 1205 1250 simulatioeadem

48 1339 52 1345 ,
166 1278 264 1348 posset
284 1273 392 1345 notari,
421 1287 525 1346 corpus
546 1270 663 1330 Domini
691 1271 746 1329 sibi
773 1268 834 1328 dari
862 1270 1028 1345 postulavit.
1070 1271 1205 1331 Venienti

164 1358 307 1419 sacerdoti
327 1357 406 1434 pugil
428 1375 494 1417 cum
515 1357 625 1434 scypho
647 1359 784 1417 cervisiae
807 1358 902 1416 ebrius
924 1365 1083 1432 occurrens,
1105 1358 1205 1417 bibere

165 1463 232 1506 eum
242 1442 262 1526 ³)
285 1447 402 1504 monuit.
445 1445 483 1502 Et
504 1461 570 1504 cum
590 1443 637 1502 ille
651 1443 848 1520 responderet:
872 1442 983 1519 Corpus
996 1443 1113 1502 Domini
1134 1459 1205 1519 por·

164 1540 210 1605 to,
226 1523 300 1591 'non
327 1525 448 1614 modo⁴)
476 1531 590 1606 bibam3
622 1533 711 1590 iratus
732 1531 814 1589 Friso
844 1547 910 1590 cum
939 1529 1049 1606 scypho
1077 1529 1204 1606 pixidem

164 1621 317 1694 percussit,
339 1624 367 1678 et
388 1635 487 1677 omnes
509 1617 617 1677 hostias
639 1616 675 1676 dc
695 1617 745 1676 ille
767 1620 906 1692 excussit,
932 1618 972 1676 ita
993 1624 1026 1675 ut
1046 1634 1097 1692 per
1117 1618 1204 1693 pavi-

164 1712 292 1766 mentum
322 1705 557 1782 dispergerentur.
606 1703 756 1764 Matronae
785 1722 870 1778 vero,
899 1721 973 1780 quae
1002 1703 1203 1764 consolationis

164 1795 257 1869 gratia
278 1798 478 1867 convenerant,
499 1807 586 1866 super
606 1791 732 1867 singulas
752 1790 861 1850 hostias
875 1797 1013 1866 tanquam
1034 1790 1133 1850 stellas
1153 1808 1204 1850 ra-

165 1879 276 1939 diantes
296 1879 437 1938 viderunt.
481 1878 560 1953 Quas
588 1878 722 1937 sacerdos
749 1895 867 1954 gemens
899 1895 934 1938 ac
956 1876 1056 1937 dolens
1076 1879 1107 1936 in
1128 1878 1204 1952 pixi-

165 1967 231 2026 dem
245 1966 391 2042 recollegit
412 1971 441 2024 et
462 1965 541 2023 abiit.
582 1964 664 2024 Friso
686 1981 756 2024 vero
777 1982 797 2023 a
809 1964 929 2024 Deceno
943 1965 1107 2039 provinciae
1129 1966 1203 2024 cita-

165 2061 219 2129 tus,
241 2055 503 2114 excommunicatus
525 2056 577 2126 est,
598 2051 721 2111 sednon
736 2052 854 2111 curavit.
887 2049 943 2127 Qui
956 2050 1072 2110 tandem
1087 2050 1126 2109 ad
1146 2049 1203 2110 hoe

165 2140 330 2216 compulsus
353 2145 403 2213 est,
425 2146 457 2197 ut
479 2155 562 2198 cruce
576 2155 627 2214 pro
650 2144 730 2199 tanto
745 2138 891 2214 sacrilegio
908 2139 1035 2214 signatus
1058 2153 1124 2197 eum
1144 2139 1203 2197 iam

165 2227 240 2287 dicto
263 2226 412 2286 sacerdote
435 2227 521 2285 etiem
543 2242 626 2284 cruce
648 2227 760 2302 signato
775 2227 885 2284 veniret
905 2224 1037 2306 Romam.
1072 2223 1126 2283 Oui
1147 2223 1203 2284 do-

164 2316 258 2372 minus
272 2314 417 2373 Honorius
438 2313 521 2387 Papa
542 2311 656 2387 eulpam
679 2311 822 2371 confitenti
844 2329 896 2387 pro
910 2313 1085 2386 poenitentia
1106 2313 1202 2370 niun-

164 2404 219 2475 xit,
249 2407 282 2460 ut
310 2417 388 2460 mare
410 2402 549 2473 transiret,
580 2399 678 2473 ibique
707 2399 797 2458 tribus
826 2401 907 2457 annis
928 2401 958 2456 in
980 2400 1065 2457 armis
1088 2397 1201 2457 Christo

164 2483 324 2567 servirem).
375 2485 451 2561 Quid
478 2484 582 2561 plura?
633 2485 715 2545 Mare
744 2488 916 2544 transierunt
944 2485 1046 2560 ambo,
1078 2490 1108 2544 et
1134 2490 1202 2546 ante

163 2575 329 2634 Damiatem
358 2574 462 2632 mortui
489 2578 556 2632 sunt
577 2573 671 2631 ambo.
715 2572 826 2647 Quibus
850 2571 1002 2647 defunctis,
1032 2589 1098 2630 cum
1125 2587 1201 2632 enno

164 2661 267 2720 eodem
288 2660 429 2719 Dominus
450 2661 626 2734 provinciam
647 2659 821 2733 terribiliter,
850 2666 882 2717 ut
904 2675 992 2734 supra
1013 2657 1121 2717 dictum
1142 2664 1201 2731 est,

163 2747 317 2824 plagasset,
340 2754 368 2806 et
390 2763 477 2806 causa
495 2746 601 2822 plagae
622 2745 761 2822 populum
782 2746 897 2819 lateret,
918 2751 1066 2804 matronae
1088 2744 1202 2804 cuidam

163 2835 249 2894 valde
262 2834 420 2910 religiosae,
441 2832 566 2891 Domino
581 2834 691 2891 ieiuniis
699 2828 730 2910 ⁶),
752 2832 935 2906 orationibus,
956 2832 1059 2908 vigiliis
1081 2837 1110 2890 et
1123 2831 1201 2891 clee-

163 2924 290 2998 mosynis
313 2922 456 2993 servienti,
477 2924 647 2978 materterae
668 2918 800 2978 videlicet
823 2918 929 2977 domini
943 2914 1113 2997 Witbolllq
1134 2916 1201 2977 Ab·

124 3038 126 3042 ·
162 3010 238 3068 batis
261 3010 352 3068 sancti
373 3006 519 3082 Berncrdi,
539 3006 627 3064 beata
647 3005 704 3064 Dei
727 3005 865 3080 Genitrix,
886 3004 1010 3064 lacrimis
1032 3007 1092 3064 eius
1114 3011 1201 3080 mota,

162 3094 319 3172 populique
337 3096 461 3167 miserta,
482 3109 623 3168 apparens
644 3094 685 3152 sic
706 3095 761 3151 ait:
783 3092 905 3166 Propter
920 3093 1051 3150 iniuriam
1074 3090 1125 3150 filii
1144 3094 1201 3151 mei

162 3185 192 3242 in
214 3188 425 3242 sacramentum
447 3182 572 3255 corporis
594 3181 654 3239 eius
675 3179 796 3254 iactam,
817 3179 967 3238 submersa
987 3183 1030 3237 est
1050 3178 1150 3253 Frisia,
1172 3184 1202 3238 et

163 3269 258 3330 adhuc
280 3269 402 3345 amplius
424 3266 600 3342 plagabitur,
629 3268 653 3325 si
676 3265 818 3342 condigna
845 3267 1019 3341 poenitentia
1039 3281 1097 3323 non
1117 3265 1202 3324 fucrit

163 3357 326 3416 subsecuta
368 3355 414 3412 Ex
437 3353 540 3429 quibus
561 3353 657 3430 verbis
679 3352 827 3429 colligitur,
852 3352 930 3427 quod
950 3369 1008 3410 non
1029 3351 1122 3411 solum
1142 3369 1201 3428 pu-

162 3443 241 3519 gilis,
266 3441 319 3502 sed
341 3441 539 3500 communibus
559 3439 659 3515 populi
679 3442 805 3514 peccatis
827 3439 1020 3515 exigentibus,
1051 3437 1108 3498 hoo
1129 3455 1201 3498 evc-

162 3532 243 3590 nerit.
286 3529 415 3604 Moxque
436 3526 540 3586 adiecit
561 3533 651 3586 mater
665 3525 890 3586 misericordiae:
911 3526 993 3586 Leve
1014 3524 1113 3586 oculos
1134 3532 1199 3585 tuos

182 3717 212 3784 1)
231 3712 316 3835 quodsi
334 3731 375 3767 om
393 3713 420 3766 Ρ.
439 3713 521 3835 -52J
532 3712 701 3836 GAltilusque
719 3711 764 3764 ad.
780 3741 810 3752 -
827 3711 859 3831 δὲ
877 3709 1013 3832 efflladd
1025 3709 1100 3793 1)..ss
1113 3708 1199 3794 ilbi)

155 3897 160 3905 .
233 3784 816 3924 '¹1⁰rfddivssndn,iiddiit‘ir'r‘,
834 3782 1198 3904 e)wrnso0¹1dr.¹⁰¹⁰m¹⁵'
