2594 4302
156 211 217 272 182
500 207 728 272 Distincmo
748 207 862 270 NONA

152 331 225 391 bens
250 345 287 390 ae
314 328 434 392 madens
460 332 490 390 iu
511 332 645 392 omnibus
664 331 795 409 partibus
816 348 869 408 per
890 345 965 406 quas
984 327 1080 406 liquor
1101 328 1198 390 caliois

153 417 311 478 defluxerat
340 420 481 494 apparuit.
523 415 652 478 Territus
680 419 769 478 homo
790 417 826 480 dc
847 425 909 478 tsm
929 416 1053 478 mirabili
1073 418 1199 492 visione,

153 505 250 566 stetim
273 503 423 565 Coloniam
444 508 576 581 cucurrit,
597 505 762 566 conradum
781 523 859 566 nune
880 505 1082 581 Praepositum
1103 506 1198 564 maio-
1280 575 1281 582 χ

152 607 222 666 rem,
242 597 311 651 tuuc
325 591 484 667 Decanum,
504 599 673 668 ceterosque
686 590 799 652 Priores
810 594 954 665 convenit,
975 589 1091 667 etquid
1111 607 1198 666 prse-
1280 593 1281 640 f

153 677 230 738 dicto
242 678 385 740 sacerdoti
407 681 564 755 contigerit,
585 678 691 755 quidve
712 678 815 738 viderit
834 695 887 756 per
908 677 1037 737 ordinem
1058 680 1198 738 rectam.

154 763 208 825 Oui
220 771 465 842 praeceptum-est
477 771 510 824 nt
523 765 573 826 tali
592 767 638 826 die
660 765 747 826 allato
769 783 869 826 secum
891 763 1032 842 corporali
1047 763 1196 824 Coloniam

152 851 271 927 rediret,
299 859 383 912 utet
410 854 561 912 veritatem
588 853 701 929 plenius
723 857 928 930 agnoscerent,
958 859 988 912 et
1015 851 1139 928 qualiter
1159 849 1197 912 de

152 941 233 1000 unta
242 937 416 1018 negligentia
426 938 657 999 sabsiaoiendum
668 947 745 1000 esset
754 940 866 1016 plenius
877 935 896 1020 ¹)
911 937 1110 1000 deliberarent
1130 937 1196 1015 Ego

153 1023 255 1087 ecdem
283 1031 411 1103 tempore
440 1029 506 1086 veni
528 1026 693 1102 Coloniam,
722 1033 752 1086 et
779 1029 900 1087 recitata
920 1031 988 1088 suni
1008 1025 1078 1085 mihi
1099 1025 1197 1086 omnia

151 1113 225 1174 lracc
246 1129 265 1173 a
286 1110 434 1174 Bemardo
455 1113 571 1173 maioris
593 1111 732 1174 eeclesiae
754 1116 901 1174 canonico.
945 1113 1022 1190 Quid
1042 1129 1111 1174 vero
1129 1117 1197 1188 post

151 1196 255 1280 hace²)
277 1207 375 1260 actum
395 1201 440 1275 sit,
460 1217 519 1259 non
539 1199 677 1260 intellexi·
716 1199 807 1260 Estne
828 1201 882 1260 tibi
902 1197 998 1260 adhuc
1018 1199 1197 1260 musiacum

152 1291 196 1348 tot
218 1293 246 1347 ct
267 1288 353 1346 tande
375 1287 521 1364 exemplis,
542 1303 581 1346 an
601 1287 698 1347 adhuc
718 1285 802 1365 plura
815 1285 957 1363 requiris?
988 1283 1196 1348 Novlctiisz

151 1374 200 1436 Sic
221 1373 292 1433 mihi
313 1373 449 1434 satisfecit
471 1377 562 1434 oratio
584 1380 655 1450 tua,
686 1377 798 1436 utiam
818 1392 878 1434 non
900 1373 964 1433 dico
987 1373 1118 1448 credam,
1143 1370 1197 1433 scd

152 1461 232 1538 qnod
260 1461 382 1538 amplius
411 1457 499 1541 est⁸)3
531 1461 620 1521 seiam
648 1465 716 1539 post
744 1461 987 1522 consecrationem
1016 1461 1069 1520 snb
1099 1457 1196 1538 specie

151 1549 212 1609 vini
242 1563 345 1608 vemm
373 1563 437 1608 essa
465 1553 634 1625 sanguinum
664 1547 777 1608 Christi.
829 1545 903 1608 (inm
932 1549 1008 1607 enim
1035 1545 1197 1624 Apostolus

152 1634 238 1711 dicat,
257 1635 344 1712 fldem
366 1649 425 1694 etse
438 1633 637 1694 substantiam
658 1651 761 1694 rerem
779 1635 1008 1710 mambrem,
1031 1651 1196 1711 arqumm-

153 1729 218 1784 tum
238 1737 301 1781 nott
323 1719 572 1798 apparentium,
595 1737 670 1798 quae
691 1723 756 1781 visu
777 1727 837 1782 tam
859 1720 1009 1782 manifeste
1030 1728 1062 1782 ut
1087 1719 1196 1781 dictum

153 1815 198 1870 est
217 1809 420 1886 percipiuntur,
440 1808 499 1868 iam
519 1823 578 1868 non
600 1808 761 1884 ereduntur,
782 1807 834 1868 sed
852 1804 1010 1868 scinntnr.'
1031 1807 1118 1885 Quod
1140 1809 1196 1869 snb
1280 1831 1281 1876 ς

152 1897 213 1956 tam
234 1895 383 1973 multiplici
404 1897 566 1956 testimonio
588 1895 683 1955 visum
706 1900 758 1970 est,
779 1913 826 1955 mc
847 1894 954 1955 vidbse
975 1902 1087 1972 reputo.
1118 1893 1199 1956 Mo·
1280 1903 1281 1930 ¹

152 1981 329 2044 NAOHUS:
351 1981 457 2043 Adhuc
479 1983 653 2060 subiungam
674 1981 732 2042 duo
755 1979 895 2058 exempla,
915 1999 968 2059 per
990 1997 1064 2058 quae
1086 1997 1200 2059 coguo-

153 2083 217 2132 stes
251 2069 330 2147 quod
369 2073 456 2130 etiem
491 2067 666 2146 quandoque
700 2069 845 2129 Dominus
878 2071 909 2127 iu
938 2069 1059 2147 dmpdci
1086 2067 1199 2146 lquere

153 2163 288 2236 operetm
307 2157 455 2234 miracula,
475 2153 514 2218 ad
534 2155 674 2218 honorem
695 2157 768 2217 tanti
789 2158 970 2224 sacramenti.

413 2391 421 2408 ·
490 2380 723 2444 CAPITULUM
743 2381 862 2456 XXIV.

233 2521 283 2581 De
303 2520 429 2598 bsflrmo·
442 2524 492 2583 orsi
516 2517 630 2582 abludo
651 2537 794 2599 consata
816 2525 859 2580 est
880 2523 1118 2598 intercalarem.

218 2657 361 2720 sacerdes
382 2657 514 2736 quidam,
542 2661 617 2720 sieut
644 2657 715 2718 mihi
742 2658 815 2719 alins
836 2660 954 2736 quidam
974 2658 1126 2737 religiosus
1147 2675 1200 2720 sa-
1280 2697 1281 2720 r

154 2743 255 2811 arios
276 2746 386 2822 retulit,
407 2747 552 2806 infirmum
572 2743 728 2828 aliquom⁵)
751 2749 886 2808 visitavit.
927 2745 999 2808 Erat
1018 2746 1094 2808 idem
1114 2745 1200 2806 infir·
1280 2751 1281 2844 J

153 2850 219 2894 mus
240 2833 333 2894 laicus
352 2834 510 2895 admodum
530 2833 691 2912 religiosus.
734 2833 791 2910 Qui
812 2836 853 2898 ait
874 2834 1030 2894 secerdoti:
1057 2833 1200 2910 Domine,

147 2917 247 3001 num¹)
269 2920 355 2981 hodie
377 2919 562 2982 celebrastis?
605 2919 809 2998 Respondento
831 2920 898 2997 illo,
929 2923 1033 2998 ctiam
1061 2926 1200 2998 aegrotus

150 3009 309 3070 subiunxit:
341 3008 415 3068 Peto
448 3014 612 3068 ut‘msnus
642 3009 747 3085 quibus
776 3010 919 3068 tractastis
948 3025 1062 3068 mesum
1091 3006 1200 3068 Christi

150 3111 254 3172 corpus
278 3101 308 3154 et
327 3097 511 3172 sanguinem,
532 3112 630 3156 coram
651 3111 698 3160 me
720 3094 858 3170 abluatis,
881 3097 991 3170 critque
1011 3111 1094 3156 meac
1114 3093 1201 3154 infir-

149 3181 242 3244 mittet
271 3180 374 3242 ecdem
402 3181 512 3242 ablutio
541 3182 713 3242 antidotum.
756 3181 841 3258 Quod
870 3182 1088 3257 emicuisset,
1118 3199 1200 3257 equs

41 3297 42 3304 τ
150 3270 180 3328 in
203 3267 335 3330 eratbera
362 3264 500 3348 munds⁷)
522 3276 638 3345 recepta
659 3275 712 3329 est.
743 3268 790 3328 Do
813 3285 872 3344 qus
885 3286 952 3333 cum
973 3269 1095 3332 bibisset
1114 3265 1199 3328 infir·

149 3371 230 3432 mus,
258 3351 429 3435 residuam⁸)
458 3357 488 3416 in
518 3358 619 3423 datam
646 3358 713 3433 poni
735 3358 834 3432 iussit,
861 3361 899 3416 et.
913 3355 1062 3433 diligenter
1083 3357 1229 3434 ομήή.
1242 3413 1256 3435 ,Σ

150 3442 259 3506 Postea
287 3459 354 3504 oum
384 3441 506 3507 eandem
526 3460 634 3521 aquam
653 3445 826 3560 requberct,
852 3459 965 3520 puers
986 3445 1089 3506 misni
1108 3459 1201 3510 αωο-

171 3644 202 3714 i)
220 3644 348 3713 plenius
366 3661 408 3698 orn
425 3644 456 3699 Β.
476 3676 508 3686 -
527 3647 560 3715 2)
577 3645 599 3699 B
622 3645 689 3699 hoc.
708 3675 739 3686 -
752 3646 791 3714 1³)
815 3653 867 3698 est
884 3661 926 3698 orn
943 3644 997 3700 ab.
1017 3675 1048 3686 -
1067 3645 1101 3716 4)
1118 3645 1197 3700 llcbr.

222 3715 271 3778 11,
295 3715 319 3767 1.
342 3745 373 3756 -
398 3716 432 3784 5)
454 3715 476 3770 B
500 3715 674 3794 quendam·
688 3746 718 3757 -
734 3715 771 3838 l?
788 3713 854 3770 Bon
872 3731 951 3782 nou,
968 3715 987 3770 P
1004 3717 1053 3775 uti.
1071 3745 1104 3776 -.
1122 3715 1197 3786 ’ὒῦ

221 3784 373 3840 eratberc
390 3784 515 3839 mundo.
535 3815 566 3827 -
586 3785 617 3856 d)
635 3785 657 3840 B
674 3801 741 3838 rcsr
769 3802 847 3840 uum.
