2664 4308
464 302 519 362 uu
540 283 698 363 scaeua
713 259 855 362 uenia
1137 304 1177 362 ar

137 427 303 505 Stephanus
331 423 491 502 Epistolam
529 423 599 501 legit
633 423 670 483 dc
703 422 775 484 libro
813 421 976 491 Malachiae
1004 423 1177 500 Prophetae.

137 515 262 576 Sanctius
290 530 360 574 vero
382 511 531 572 iohannes
552 510 753 587 Evangelista,
784 508 937 570 dalmatica
957 510 1090 586 indutus,
1109 511 1179 590 legit

136 601 330 680 Evangelinm
362 600 520 659 seeundum
547 597 672 672 Lucam,
709 597 832 671 scilicet,
869 598 1037 673 Postquam
1050 631 1056 648 ι
1069 601 1180 675 inpleti

137 695 209 750 aaa
236 689 299 747 dics
324 689 514 763 perpatiaris
542 685 673 756 Martae,
703 691 733 743 et
767 691 862 744 cetera
873 680 899 763 ¹).
951 683 1015 760 Quo
1043 686 1180 761 perlecto,

137 777 282 836 Dominus
303 772 462 834 secundum
483 790 593 832 morem
624 771 731 832 ordinis
759 773 848 830 nostri
880 769 918 829 ad
939 771 1067 848 ,gradum
1088 773 1180 848 rediit,

139 870 169 925 ct
188 864 228 924 ab
251 861 436 922 offerentibus
457 859 592 921 candelas
622 861 756 934 suscepit.
799 857 952 918 Praedicta
972 866 1070 918 autem
1093 863 1181 938 virgo,

137 951 357 1028 perspiritum
392 949 517 1006 sentiens
546 945 644 1005 se⁹ed
673 962 777 1020 corpur
805 941 997 1019 reversuram,
1030 947 1181 1008 candelam

139 1054 224 1097 suam
253 1035 353 1096 offerre
380 1033 485 1108 noluit,
515 1035 601 1092 etiam
628 1032 731 1108 angelo
761 1048 813 1091 suo
846 1035 1051 1108 praecipiente,
1080 1034 1180 1095 volens

138 1124 219 1184 illam
239 1139 341 1182 soccum
361 1120 399 1180 ad
419 1126 510 1180 terras
533 1119 691 1196 deportare.
735 1116 821 1193 Quod
849 1119 968 1194 angelus
989 1121 1182 1195 considerans,

140 1209 293 1271 candelam
324 1209 354 1268 in
382 1225 471 1266 mauu
504 1209 565 1266 eius
595 1206 687 1282 fregit,
715 1207 889 1282 superiorem
910 1213 1022 1281 partem
1044 1208 1183 1282 auserem,

141 1304 171 1358 et
208 1296 370 1355 inferiorem
406 1295 448 1352 illi
479 1293 652 1368 relinquens.
703 1291 808 1368 Sicque
844 1290 882 1350 ad
917 1309 1019 1368 corpus
1051 1311 1182 1370 reversa,

122 1389 254 1461 ,partem
283 1380 404 1442 eandem
432 1397 521 1438 manu
550 1379 714 1439 conclusam
747 1395 778 1438 se
806 1381 954 1440 retinuisse
975 1383 1092 1440 invenit
1135 1382 1182 1442 De

142 1489 202 1546 qua
233 1468 373 1545 plurimae
405 1467 522 1541 fiebant,
553 1473 582 1526 et
612 1467 686 1524 forte
714 1483 807 1541 usque
839 1465 924 1525 hodie
953 1467 1027 1526 liunt
1052 1471 1182 1530 virtutes.

141 1558 219 1618 Nam
232 1574 339 1630 aquam
352 1555 532 1630 superfusam
545 1553 649 1612 infirmi
669 1553 780 1626 bibunt,
802 1559 831 1612 ct
853 1554 1066 1614 convalesermt
1109 1556 1182 1615 'Pam

143 1643 295 1704 manifesta
322 1647 351 1700 et
377 1649 438 1700 tam
459 1639 587 1700 sublimis
609 1646 671 1699 crat
691 1641 772 1714 visio,
793 1639 965 1700 atmodum
987 1645 1047 1701 eius
1068 1645 1183 1704 minime

142 1729 322 1807 intelligeret,
353 1727 449 1788 diceus
477 1727 548 1785 illud
575 1725 709 1802 Apostoli
738 1743 804 1784 oum
825 1725 863 1784 de
893 1743 928 1785 ca
949 1730 1183 1806 interrogaretur:

144 1818 212 1878 Sive
248 1822 281 1874 ta
312 1832 452 1890 ,corpora
480 1818 540 1873 cive
567 1821 655 1892 cetra
688 1830 809 1886 corpus,
840 1817 945 1885 aecio,
978 1816 1062 1874 Deus
1093 1815 1183 1897 cciv).

146 1905 291 1964 Dominus
326 1901 500 1962 Eustacbius
532 1899 635 1959 Abbas
671 1900 706 1958 de
737 1898 881 1973 Claustra,
916 1900 1055 1961 Visitator
1081 1911 1186 1979 noster,

144 1980 266 2052 audiens
298 1989 374 2048 hanc
406 1991 549 2049 visionem
584 1986 756 2062 quibusdam
790 1984 955 2046 Abbatibus
990 1989 1185 2066 referentibus,

143 2078 288 2139 desiderio
308 2077 437 2136 veritatis
459 2073 676 2150 cognoscendae
704 2075 842 2149 virginem
863 2076 1087 2149 praesentialiter
1108 2077 1186 2154 adiit,

144 2172 175 2225 et
202 2165 242 2224 ab
277 2165 338 2222 eins
367 2179 416 2222 cre
448 2179 523 2238 quae
551 2162 627 2220 dicta
648 2165 715 2219 sunt
736 2160 854 2220 audivit.
895 2160 1098 2223 NOVICIUS:
1120 2163 1185 2224 Non

144 2269 265 2328 possum
293 2251 433 2308 visionem
461 2247 595 2323 Apostoli
622 2248 689 2306 huic
716 2247 872 2323 praeferre,
905 2250 954 2324 qui
981 2267 1012 2308 se
1033 2267 1132 2326 usura*
1147 2252 1185 2312 ad

144 2341 261 2400 tertium
292 2335 404 2396 coelum
432 2342 547 2410 raptum
567 2336 654 2394 luisse
675 2339 803 2394 testatur.
845 2333 1081 2398 MONAOHUS:
1103 2339 1186 2398 Nosti

144 2425 216 2502 qrrid
237 2427 275 2484 sit
295 2425 410 2482 tertium
431 2421 564 2481 coelum?
607 2420 811 2481 NOVICIUS:
833 2421 908 2480 Non.
949 2422 1184 2488 MONACHUS:

145 2513 275 2572 Primum
290 2510 402 2570 coelum
414 2512 485 2568 visio
501 2516 544 2568 est
558 2508 727 2585 corporalis3
750 2508 907 2568 secundum
921 2512 994 2570 visio
1016 2513 1184 2590 spiritualis3

145 2602 262 2660 tertium
276 2599 349 2656 visio
362 2597 503 2656 mentalis.
545 2596 612 2656 Hac
631 2614 701 2655 usus
723 2597 818 2655 estin
838 2612 891 2655 suo
908 2604 997 2673 raptu
1017 2599 1185 2677 Apostolus,

145 2689 221 2746 siout
254 2690 284 2744 et
312 2684 388 2742 'baec
419 2686 510 2759 virgo.
558 2681 645 2758 Quod
675 2682 822 2757 viderunt,
860 2681 946 2764 hoci)
978 2687 1186 2748 intellexeruut.

145 2774 177 2835 Si
199 2779 298 2832 autem
320 2770 492 2847 quaerisdc
513 2769 592 2844 loeo,
613 2771 736 2845 primum
758 2769 870 2830 coelum
891 2771 1033 2849 intelligas
1055 2791 1184 2851 aereum3

145 2859 306 2920 secundnm
327 2857 482 2931 sidereum,
503 2859 617 2916 tertium
630 2859 795 2932 empireum.
816 2857 852 2916 In
865 2857 921 2918 hoc
937 2875 1055 2935 corpora
1076 2861 1186 2922 electo·
1234 2889 1238 2901 v

146 2965 210 3006 rum
240 2950 323 3004 crunt
349 2949 416 3020 post
443 2946 677 3003 resurrectionem
705 2943 867 3020 gloriosam.
917 2944 1048 3026 Utrum)
1070 2947 1185 3010 adhoc

147 3033 261 3094 coelum
293 3048 384 3091 necne
417 3048 536 3106 corpore
567 3037 650 3106 rapta
671 3033 709 3090 sit
737 3031 810 3090 haec
831 3034 928 3108 virgo,
960 3037 1071 3109 nescio,
1103 3035 1185 3096 Deus

147 3123 209 3182 seit
233 3153 275 3162 —
296 3117 393 3176 Aliam
421 3135 491 3177 vero
512 3117 594 3177 Deus
622 3117 662 3176 illi
688 3117 812 3176 ostendit
843 3121 995 3195 visionem,
1016 3121 1106 3181 multo
1129 3120 1185 3184 hac

147 3205 386 3267 excellentiorem.
437 3203 511 3263 (ium
539 3212 667 3281 ternpore
697 3204 821 3280 quodam
851 3208 988 3281 cogitaret
1017 3207 1052 3268 de
1079 3210 1184 3287 abysso

147 3301 281 3354 aeternae
308 3291 589 3368 praedestinationis,
622 3297 650 3350 et
680 3290 715 3350 de
743 3292 879 3352 ineffabili
898 3303 1076 3355 sacramento
1098 3304 1185 3374 atque

147 3379 273 3440 remedio
296 3379 410 3438 divinae
430 3379 646 3453 incarnationis,
666 3379 744 3437 facta
764 3380 794 3436 in
816 3397 950 3455 excessu,
971 3384 1110 3459 virginem
1132 3403 1184 3444 co·
1245 3415 1251 3422 ·

146 3485 210 3526 ram
219 3484 254 3525 se
267 3465 339 3524 vidit
353 3465 545 3539 cristallinam,
565 3464 595 3523 id
607 3472 651 3524 est
662 3464 701 3524 ad
715 3467 805 3524 instar
817 3467 932 3526 cristalli
944 3460 1128 3545 perlucidam.
1150 3471 1184 3530 In

148 3556 230 3613 cuius
262 3559 345 3612 utem
375 3552 568 3627 contemplata
596 3558 640 3610 cst
669 3552 807 3611 infantem
833 3554 1068 3632 pulcherrimum,
1106 3561 1185 3636 regio

148 3639 320 3718 dyademate
335 3645 512 3700 coronatum.
553 3637 692 3700 Habebat
704 3635 803 3698 autem
816 3639 894 3700 idem
908 3641 1050 3719 dyadema
1064 3652 1186 3721 quatuor

166 3807 199 3876 1)
216 3806 277 3859 uas.
294 3771 326 3870 ι’,
349 3805 622 3874 22.-2)c0r.11,
647 3808 693 3874 ιι,
707 3809 734 3861 a.
754 3837 786 3850 -
805 3809 838 3876 s)
861 3810 882 3864 c
904 3819 949 3875 aa,
972 3810 992 3864 r
1015 3811 1074 3865 noc
1092 3822 1132 3865 or.
1152 3843 1182 3853 -

216 3877 251 3943 4)
270 3874 308 3928 ΟΡ
325 3891 432 3928 rerum
450 3891 495 3928 au.
