2538 4314
405 289 457 348 nn
479 288 743 351 ranrnmonn
904 361 907 370 ‚
1027 292 1086 348 ru

86 409 207 473 VIOIUS:
231 411 276 471 Ex
298 411 358 472 hoc
381 412 444 472 loco
465 415 533 472 satis
562 412 705 488 intelligo,
734 410 813 487 quod
841 428 877 471 ex
897 411 1004 471 virtute
1025 425 1091 471 cor-

84 499 166 572 poralis
183 502 364 559 innocentiae
385 502 414 557 ln
435 505 528 558 mente
549 498 637 558 herlus
658 499 790 560 monaehi
810 505 911 558 natum
932 501 969 557 sit
989 499 1091 556 vitium

83 585 153 644 inuis
171 587 282 662 gloriae.
327 581 568 646 MONACHUS:
590 586 652 645 Nec
672 586 738 646 Deo
759 584 862 661 placet,
883 601 938 644 nec
960 582 1091 645 fflabolm

82 673 144 730 tinet
160 676 216 732 sinc
236 673 401 733 humilitate
423 675 628 750 virginitatem,
656 689 721 732 cum
750 678 847 731 tamen
867 671 932 731 Deo
961 670 1090 748 placeat,

80 764 101 815 et
111 757 224 820 diabdus
234 762 337 820 timeat
351 761 411 819 sine
428 761 591 837 virginitate
602 759 800 818 humilitatem.
828 759 905 819 Ecce
920 757 1090 834 exemplum.

419 948 651 1009 CAPITULUM
679 950 732 1010 VI.

109 1071 148 1129 lle
169 1071 339 1132 lbeobolclo
360 1075 484 1144 novato,
507 1073 559 1147 qui
581 1072 783 1131 immunditiae
805 1070 928 1130 bibendo
949 1077 1047 1128 necteus

401 1157 556 1234 superbiae
587 1161 745 1218 rainucii.

123 1294 204 1372 Apud
224 1314 280 1356 nos
302 1297 462 1356 monachus
484 1296 600 1371 quidam
620 1297 687 1372 fuit,
720 1294 904 1356 Theobaldus
926 1297 1040 1355 nomine
1057 1293 1088 1375 ¹),

74 1387 125 1440 ante
144 1386 360 1443 conversionem
381 1383 505 1443 leccator
517 1380 537 1463 ²)
561 1400 654 1459 opere,
675 1385 742 1443 vino
765 1389 794 1442 et
809 1383 964 1450 tesseribus
978 1381 1090 1442 deditus

74 1475 141 1542 ntus,
161 1475 188 1529 et
208 1478 328 1546 propter
350 1487 433 1529 suam
443 1469 644 1530 'scurrilitatem
665 1473 694 1528 in
715 1475 777 1528 tota
800 1471 913 1528 civitate
928 1467 1090 1528 Coloniensi

73 1558 226 1616 unissimus.
278 1557 375 1632 Saepe
393 1555 481 1615 illum
511 1555 620 1615 nudum
648 1574 700 1631 per
728 1555 839 1631 plateas
869 1556 997 1615 eiusdem
1019 1558 1090 1615 civi·

73 1643 124 1700 tatis
141 1637 272 1704 incedere
294 1644 364 1702 vidi.
413 1643 543 1702 Tandem
565 1643 602 1702 de
622 1642 791 1702 scurrilitate
813 1660 866 1702 sua
887 1650 1090 1717 compunctus,

73 1726 102 1784 ad
118 1730 345 1790 intercessionem
365 1730 496 1796 Priorum
508 1727 529 1810 ³)
543 1727 763 1790 'coloniensium
785 1747 803 1788 a
825 1728 939 1788 domino
955 1728 1089 1788 Gerardo

73 1813 169 1876 Abbate
185 1824 286 1876 nostro
306 1823 464 1892 susceptus,
485 1819 515 1874 in
537 1817 623 1875 domo
636 1823 736 1875 nostra
752 1817 880 1876 novicius
895 1822 947 1874 est
964 1815 1089 1874 effectus.

74 1899 131 1960 Cum
151 1910 226 1962 esset
245 1905 469 1979 inprobatione,
492 1921 609 1978 sperans
630 1902 695 1962 Deo
717 1903 786 1960 nihil
808 1919 870 1961 esse
885 1901 1090 1978 acceptabilius

73 1990 187 2061 operibus
232 1989 425 2067 humilitatiS,
460 1997 492 2048 ut
534 1991 588 2049 sibi
628 1989 726 2050 larue
765 1988 967 2048 concederetur
1015 2005 1090 2064 pan·

73 2075 163 2135 doulos
192 2080 385 2137 cauteriorum
412 2079 528 2153 petivit,
561 2082 590 2135 et
611 2077 741 2135 obtinuit.
785 2075 870 2151 Quod
892 2093 957 2134 eum
972 2075 1091 2134 'lecisset

73 2176 113 2233 per
131 2163 187 2222 dies
210 2163 331 2239 aliquot,
352 2170 475 2223 tentator
496 2163 589 2237 affuit,
611 2169 639 2222 et
660 2165 765 2238 sagitta
786 2163 936 2236 superbiae
959 2179 1009 2220 cor
1029 2164 1090 2221 eius

73 2248 214 2325 vulnerans,
236 2250 401 2310 huiusmodi
416 2251 600 2326 cogitationes
614 2251 750 2308 immisit:
772 2248 847 2324 Quid
860 2251 930 2324 agis,
948 2265 965 2306 o
981 2247 1089 2308 stulte?

73 2331 134 2408 Quid
153 2336 190 2396 ad
212 2344 241 2397 te
262 2339 386 2412 pertinet
406 2337 510 2396 horum
523 2336 726 2410 immunditias,
749 2353 870 2410 quorum
891 2341 923 2393 tu
943 2335 1014 2394 forte
1036 2353 1090 2395 na·

72 2421 135 2481 tione
154 2426 244 2482 maior
267 2420 347 2503 es⁴),
375 2422 495 2483 lavare?
538 2423 617 2482 Dum
645 2419 808 2481 huiusmodi
829 2424 1015 2498 cogitationes
1036 2422 1090 2481 ali-¹

72 2516 162 2580 quanto
191 2517 321 2587 tempore
349 2513 378 2568 iu
405 2513 466 2569 eius
497 2509 581 2568 corde
609 2515 806 2583 versarentur,
838 2527 857 2568 a
884 2505 999 2568 diabolo
1026 2509 1090 2568 illas

73 2609 123 2653 csse
147 2597 323 2673 intelligens,
352 2599 400 2673 qui
427 2613 477 2654 rex
505 2602 549 2655 est
570 2613 656 2671 super
676 2612 776 2655 omnes
797 2594 870 2654 filios
892 2597 1042 2671 superbiae
1056 2594 1089 2677 ⁵),

73 2679 109 2738 die
127 2683 249 2757 quadam
270 2682 437 2760 panniculos
459 2682 541 2742 solito
553 2679 574 2762 ⁶)
598 2683 758 2759 diligentius
783 2680 862 2757 lavit,
884 2688 912 2742 et
933 2688 965 2754 ut
987 2683 1089 2766 diabo-

72 2764 120 2826 lum
139 2770 259 2847 amplius
282 2770 478 2845 confunderet,
505 2772 717 2844 immissamque
735 2769 898 2844 superbiam
918 2769 1090 2844 retunderet,

72 2854 150 2926 ipsam
171 2857 345 2916 ablutionem
365 2858 447 2916 bibit.
490 2856 571 2915 Vidit
591 2856 664 2916 haec
694 2854 840 2930 diabolus,
868 2841 1033 2930 et'invidit,
1061 2865 1090 2916 et

73 2955 145 3012 quem
164 2960 216 3017 per
236 2944 364 3019 spiritum
385 2943 536 3019 superbiae
558 2949 740 3018 prosternere
756 2959 814 3001 non
834 2945 941 3017 potuit,
973 2947 1089 3002 terrori-

73 3023 118 3084 bus
137 3046 285 3105 aggressus
308 3036 360 3088 est.
392 3030 475 3088 Haec
496 3047 572 3104 quae
593 3029 764 3105 dictasunt,
787 3029 882 3088 retulit
903 3029 973 3088 mihi
995 3029 1088 3088 dorni·

73 3127 117 3170 uus
135 3113 272 3176 Henn‘cus
293 3116 396 3176 Abbas
425 3122 537 3190 noster,
566 3132 695 3175 asserens
724 3133 755 3176 se
785 3116 821 3175 ab
852 3118 912 3174 eius
934 3131 983 3175 ore
1005 3116 1089 3174 audi-

73 3194 165 3281 'visseb
186 3204 240 3263 sub
260 3209 329 3280 typo
352 3203 545 3262 consessionis.
576 3202 620 3261 Ex
641 3205 704 3278 ipsa
725 3204 801 3262 enim
814 3202 961 3261 immunda
977 3209 1006 3260 et
1026 3203 1090 3263 foe-

90 3419 115 3486 1)
130 3419 166 3474 GP
182 3426 306 3476 nomine
328 3423 539 3476 Theobaldus.
558 3454 590 3462 -
609 3425 641 3493 2)
659 3423 708 3477 hoc
726 3432 775 3488 est,
791 3439 890 3486 scurram
907 3421 973 3474 coni.
992 3421 1045 3486 Xll,
1064 3427 1088 3476 5.

134 3519 162 3529 -
182 3491 214 3558 3)
230 3492 326 3545 Priores
343 3493 393 3545 hoc
411 3494 469 3545 loco
487 3502 545 3554 sunt
562 3494 707 3561 presbyteri
723 3495 834 3560 priores,
854 3501 883 3544 ut
901 3501 959 3544 sunt
977 3492 1089 3559 Praepo-

134 3559 172 3610 siti
182 3560 311 3614 etbecani.
330 3562 373 3624 lX,
384 3563 432 3614 23:
448 3602 461 3630 „
475 3566 558 3616 statim
571 3563 700 3616 Coloniam
719 3564 836 3626 cucurrit,
855 3561 1005 3626 Conradum,
1023 3568 1089 3612 nunc

134 3627 299 3696 Praepositum
315 3633 442 3696 maiorem,
459 3633 662 3694 tuncllecanum,
679 3640 827 3701 ceterosque
837 3631 935 3684 Priores
944 3635 1087 3684 convenit.“

135 3697 204 3751 bont.
220 3700 260 3765 Vl,
276 3702 318 3752 27.
337 3701 389 3764 llll,
407 3703 448 3754 39.
467 3702 508 3766 lx,
525 3703 567 3755 25.
587 3704 629 3756 65.
642 3731 673 3742 -
692 3702 725 3769 4)
743 3701 763 3752 Β
781 3703 919 3753 natione
936 3701 1091 3767 superior

136 3781 180 3832 es,
197 3767 215 3820 G
231 3771 383 3837 superior
399 3787 432 3830 es
449 3774 588 3824 natione.
605 3801 634 3812 -
656 3771 688 3838 5)
706 3769 753 3822 lob
771 3771 814 3836 41,
831 3771 915 3824 25.-
936 3771 967 3839 6)
986 3769 1091 3821 solito

136 3851 174 3887 om
190 3837 236 3891 BC.
254 3869 287 3877 -
307 3839 339 3906 7)
356 3839 376 3892 G
392 3840 532 3894 audisse.

750 3873 832 3984 .ὃῆ
