2538 4314
181 318 243 376 roo
472 310 702 376 umumcmo
722 311 906 375 suouuus
966 271 973 290 ⁶

179 439 215 500 de
237 443 315 498 stetu
335 451 404 512 sno,
437 442 467 498 et
495 439 519 496 si
540 435 649 514 aliquid
669 439 782 498 timeret
803 437 840 498 de
859 436 909 496 ille
929 435 1136 512 inobedientis,
1167 453 1212 500 rc·

177 525 307 603 spondit:
328 525 403 584 Non.
431 524 470 583 Et
479 524 597 585 adiecit:
619 523 651 584 Si
665 523 802 586 obediens
822 525 948 599 fuissem,
971 523 1213 601 etEpiscopatum

175 613 257 673 illum
276 613 475 687 suscepissem,
497 610 648 671 damnetis
670 627 763 672 essem
784 611 972 672 octomeliter.
1007 609 1213 688 Subiunxitquc

176 701 299 760 verbum
319 698 406 759 valde
427 698 559 758 terribile.
601 698 651 758 Ad
673 698 743 774 hoc,
775 701 885 774 inquit,
907 700 966 758 iem
988 697 1103 759 devcmt
1124 704 1213 758 sistus

176 786 340 860 Ecclesiae,
368 792 401 844 ut
426 803 484 845 non
515 787 552 844 sit
579 785 668 861 digne
687 785 764 863 regi,
792 788 846 845 nisi
867 802 886 845 e
906 786 1036 862 reprobis
1057 784 1213 862 Episcopis.

177 871 380 934 NOVIOIUS:
401 871 540 932 Sanctum
561 870 748 932 Wilhclmum
768 872 978 932 Bituricensem
993 868 1010 952 ¹)
1033 873 1214 950 Episcopum,

177 963 227 1038 qui
248 966 315 1020 onte
335 976 445 1036 peuces
467 975 557 1018 annos
580 957 729 1019 defunctus
752 965 803 1034 est,
824 976 888 1019 esse
907 959 943 1020 de
964 976 1084 1019 numero
1108 959 1213 1020 electo·

177 1065 256 1124 rum,
293 1047 394 1107 crebre
422 1049 483 1106 eius
507 1051 652 1106 testentur
679 1047 826 1106 mirecule.
875 1044 1113 1108 MONACHUS:
1141 1046 1213 1106 Puto

176 1134 257 1194 illum
278 1134 399 1194 verbum
420 1132 633 1192 tem¹horribile
656 1140 754 1192 coutm
774 1132 935 1209 Episcopos
956 1131 1147 1209 proferendo,
1168 1151 1213 1194 re-

174 1223 304 1298 spexisse
326 1221 365 1280 cd
385 1219 596 1280 multitudinem
616 1219 767 1294 melorum,
783 1226 818 1279 et
839 1219 877 1279 ad
898 1222 1044 1280 teutatem
1066 1221 1213 1294 bonorum,

173 1316 203 1368 et
226 1306 303 1384 qood
333 1306 455 1366 candem
483 1309 630 1365 raritatem
658 1309 754 1384 exiget
781 1306 888 1367 molitio
916 1306 1112 1383 subditorum,
1143 1309 1214 1367 sicut

59 1441 65 1456 ,
173 1401 295 1456 testetur
316 1411 400 1454 sucre
421 1395 568 1468 scriptus,
591 1392 702 1453 dicens:
726 1395 786 1471 Qui
806 1411 933 1470 repuorc
945 1392 1213 1472 rodthppocrttom

169 1488 295 1558 propter
311 1487 436 1556 peccatu
453 1481 560 1556 populi
568 1477 600 1556 ²).
643 1478 847 1540 NOVIGIUS:
866 1479 1059 1557 ¹Relinquetur
1081 1479 1214 1557 ergoho-

173 1586 237 1627 rum
258 1569 365 1642 oratio,
394 1570 462 1642 quie
490 1584 526 1626 ee
547 1583 621 1642 quse
643 1567 757 1628 residue
778 1573 846 1626 sunt
867 1567 903 1628 ds
925 1569 1097 1628 counitione
1119 1567 1214 1628 audire

171 1654 314 1722 desidero.
356 1652 592 1714 MONAOHUS:
623 1653 708 1730 Quod
731 1653 904 1714 dictumest
926 1653 1088 1731 depuellis
1117 1657 1211 1731 bspti-

172 1744 243 1802 netis
267 1747 296 1800 et
318 1740 353 1801 de
374 1741 534 1817 Episcopis,
557 1740 595 1799 ed
617 1743 815 1802 contritionem
836 1743 967 1818 pertinet,
988 1744 1057 1817 quie
1077 1743 1111 1801 in
1132 1741 1213 1802 edul-

172 1831 209 1888 tis
231 1830 292 1888 sine
315 1830 482 1888 contritione
504 1827 574 1887 nihil
595 1825 723 1908 sclutis³)
746 1835 881 1904 operetur
903 1829 1072 1904 baptismus,
1097 1836 1127 1890 et
1145 1829 1213 1906 Epi-

173 1932 328 1991 scoporum
350 1922 406 1990 est,
438 1915 546 1975 mederi
557 1911 579 1995 ⁶)
603 1917 731 1974 contritis
752 1915 852 1990 corde,
882 1917 1074 1976 confessiones
1104 1916 1212 1976 illorum

173 2001 352 2078 recipiendo,
385 2008 414 2062 et
445 2003 649 2079 poenitentiam
683 2001 866 2079 iniungendo.
916 2001 1000 2062 Unde
1029 2005 1100 2079 quie
1131 2004 1212 2079 penei

172 2092 262 2150 nostri
283 2091 418 2166 temporis
428 2087 449 2169 ⁵)
460 2090 597 2166 Episcopi
617 2091 646 2148 in
668 2089 720 2148 teli
739 2089 860 2166 physice
873 2087 998 2166 student,
1019 2096 1048 2149 et
1057 2093 1212 2166 practicam

174 2179 235 2236 cius
257 2179 351 2236 minus
373 2183 520 2254 exercent,
542 2178 616 2236 iuste
637 2175 792 2251 aliquando
814 2194 833 2237 o
854 2176 990 2252 subiectis
1012 2183 1041 2237 et
1062 2173 1211 2256 murmur)

173 2262 342 2324 iudicantur.

486 2554 719 2618 crementur
738 2509 859 2617 uxm.
873 2553 903 2639 ν)

175 2717 222 2774 Dc
243 2715 389 2791 Episcopo
410 2714 626 2790 Lembordioc,
657 2718 709 2791 qui
731 2715 857 2782 ostendit
879 2714 1048 2775 &meduno
1069 2715 1211 2792 Episcopo

246 2802 468 2878 Mupuutirccnoi
488 2805 611 2892 commo
632 2801 687 2862 eibi
708 2806 931 2870 cornmtroorum
952 2805 985 2862 irc
1006 2803 1145 2864 chartula

611 2892 786 2965 cormeripta.

238 3061 381 3137 Tempore
403 3059 546 3120 Frederici
567 3060 766 3138 fflperstoris,
795 3061 843 3120 evi
869 3060 955 3121 lruirrs
975 3059 1137 3138 Frederici,
1166 3062 1212 3136 qui

174 3165 250 3210 nunc
276 3154 392 3226 regnet,
425 3147 543 3208 sedente
566 3147 725 3207 Christiano
748 3147 892 3224 Episcopo
914 3144 1113 3228 Meguntise⁷)
1134 3149 1212 3206 iuxta

174 3235 318 3316 quendum
339 3234 515 3312 Episcopum
536 3231 773 3313 Lombardiee⁸),
794 3237 948 3311 requisitus
971 3241 1015 3294 est
1036 3236 1073 3295 eb
1096 3233 1164 3309 illo,
1189 3233 1211 3292 si

173 3329 272 3383 nosset
299 3339 398 3382 omnes
426 3321 573 3398 Episcopii
600 3323 645 3381 sui
672 3320 809 3381 homines.
852 3321 1025 3400 Subridentc
1054 3321 1212 3397 Episcopo,

173 3428 208 3471 uc
229 3409 435 3486 respondente:
467 3408 542 3467 Puto
564 3407 771 3484 Episcopatum
792 3425 889 3468 meum
910 3426 969 3468 non
990 3411 1129 3468 minorem
1151 3423 1211 3467 esse

175 3503 237 3558 totu
257 3496 448 3574 Lomberdie3
478 3497 594 3572 expavit
622 3496 716 3555 bouus
748 3512 783 3555 ec
812 3494 950 3556 sollicitus
970 3495 1131 3573 Episcopus
1152 3493 1211 3566 ille,

192 3684 222 3752 1)
240 3683 481 3735 Bituricensem
499 3697 540 3733 om
559 3680 633 3734 Aeo.
653 3711 684 3721 -
703 3681 735 3749 2)
753 3678 801 3733 lob
819 3681 863 3744 dl,
880 3681 965 3734 30.-
984 3681 1016 3750 3)
1034 3680 1154 3733 solutis
1172 3694 1210 3730 om
1254 3727 1255 3742 ,

241 3751 289 3805 BG.
311 3753 377 3803 -t
411 3751 586 3804 Omedcre.
607 3781 638 3791 ·-
658 3751 809 3819 5)Otem
839 3750 951 3802 oribus
978 3753 1111 3804 nostris.
1131 3780 1162 3789 —
1181 3747 1211 3814 6)
1254 3755 1255 3810 l

181 3827 185 3838 ¹
241 3821 315 3874 Gal)
338 3752 483 3874 inarmis
510 3830 540 3873 et
558 3819 730 3874 subiectis.
750 3850 783 3860 -
801 3767 835 3889 *ς
852 3819 942 3872 llomil.
960 3819 989 3874 ll.
1008 3837 1033 3890 p.
1053 3823 1111 3876 100.
1132 3849 1160 3858 -
1181 3817 1211 3883 7)

243 3891 481 3960 Dlloguntiee.
502 3921 532 3931 -
552 3891 584 3961 8)
602 3891 643 3945 ΒΡ
660 3889 918 3962 longobardiae.
