2538 4314
155 245 215 308 156
467 241 694 310 ammonio
716 245 865 310 TERTIA

152 370 296 446 struiturp
311 374 340 429 et
367 367 400 428 iit
418 383 645 447 nonnunquam,
671 377 785 432 uttam
805 371 903 431 verbis
934 385 1021 448 quam
1050 369 1192 449 exemplis

151 456 189 516 ab
209 455 257 515 ido
281 455 408 532 edoctus,
428 457 467 516 ad
487 471 519 517 se
539 464 717 532 revertatur,
739 465 768 518 et
789 457 825 518 de
847 475 900 518 sua
920 475 1057 534 perversa
1078 459 1190 520 volun-

151 547 211 602 tate
241 549 410 604 conteratur.
454 543 539 621 Quod
559 547 584 604 si
606 546 750 605 confessor
769 546 861 606 iustus
884 552 940 620 est,
970 552 999 605 et
1018 562 1072 621 pro
1095 546 1192 607 confi-

151 633 230 689 tente
252 636 329 705 orat,
355 629 436 690 Deus
463 631 544 690 illum
572 631 726 707 siquando
754 646 807 708 pro
829 633 936 692 meritis
958 634 1019 692 eius
1039 633 1194 694 illumiret.

154 714 245 776 Vides
268 724 392 792 quantus
413 720 450 777 sit
469 718 577 778 111118
598 718 838 778 inconfessione?
870 717 1071 780 NOVICIUS:
1093 719 1193 780 Video

154 808 183 878 ct
214 803 343 880 gaudeo,
375 810 461 880 atquc
490 801 526 864 de
555 805 599 864 his
628 801 760 881 exempla
787 807 908 884 requiro.
951 803 1193 868 MONACHUS=

152 889 237 966 Quod
258 893 321 966 quis
342 909 361 951 c
382 891 542 952 confessore
563 894 685 968 ternum,
706 892 845 970 peccandi
864 893 1043 954 voluntatem
1065 893 1193 970 deseret,

153 978 315 1053 exemplum
336 977 393 1039 hoc
414 985 443 1038 te
465 978 577 1038 doceat

462 1165 695 1230 curruuou
710 1165 875 1252 ximus)

177 1291 226 1352 De
246 1290 418 1368 cortfeeeore,
441 1293 494 1368 qui
513 1307 670 1350 nummum
686 1285 815 1366 proiecti
826 1294 865 1380 tu
887 1298 971 1367 torpa
992 1275 1156 1368 emefltmtt'a

493 1383 522 1436 et
536 1380 690 1452 poenitere
709 1379 843 1440 uolentis.

214 1496 337 1574 Quidum
356 1496 476 1556 veniens
496 1495 535 1556 ad
556 1497 764 1557 confessionem
786 1496 899 1556 cuidem
921 1497 1062 1558 sacerdoti
1077 1498 1190 1560 discre-

148 1592 187 1659 to,
209 1585 357 1644 coufessus
379 1589 423 1643 est
443 1582 482 1642 illi
502 1589 622 1660 peccata
644 1581 786 1660 quaedam
804 1582 967 1644 crimicaliu.
1009 1584 1188 1646 Admonitus

148 1672 185 1730 ab
209 1688 252 1747 eo,
273 1677 306 1730 ut
325 1675 445 1747 peecata
466 1669 596 1730 confessa
617 1670 774 1746 desereret,
807 1670 919 1730 deserta
940 1671 1076 1747 defleret,
1097 1677 1127 1733 ct
1149 1672 1188 1733 de

147 1758 257 1834 reliquo
270 1755 287 1838 ¹)
308 1755 486 1817 emendatius
507 1759 625 1832 viveret,
645 1757 806 1833 respondit:
829 1757 963 1817 Confiteri
983 1775 1110 1835 possum,
1131 1759 1188 1820 sed

147 1851 269 1922 peccata
290 1845 430 1904 dimittere
451 1860 509 1903 nou
528 1860 656 1920 possum.
699 1844 840 1912 Sacerdos
861 1845 917 1905 hoc
939 1844 1052 1921 audito,
1079 1847 1187 1922 poeni·

148 1934 266 1992 tentiam
286 1929 327 1990 1111
346 1933 492 2012 iniungere
512 1932 665 1991 recusavit
710 1929 832 1990 Oblatus
855 1938 899 1991 est
920 1934 947 1991 ci
967 1933 1004 1991 ab
1026 1932 1074 1992 illo
1096 1949 1188 1993 num-

110 2061 113 2066 ·
147 2037 220 2079 mus.
264 2018 357 2095 Quem
378 2017 494 2094 quidem
511 2017 645 2078 sacerdos
658 2021 774 2093 recepit,
794 2017 846 2077 sed
859 2015 1056 2078 inrecedentis
1070 2017 1188 2101 tergu²)

148 2106 271 2166 eundem
292 2121 358 2166 cum
379 2104 503 2165 elamore
522 2106 650 2181 proiecit,
671 2104 782 2164 dicens:
808 2105 937 2164 Pecunia
956 2112 1008 2166 tua
1028 2112 1125 2165 tecum
1146 2110 1189 2168 sit

146 2196 176 2252 iu
197 2193 385 2270 perditionem
396 2188 427 2272 ⁸).
469 2189 522 2250 Ille
543 2207 612 2250 vero
633 2197 694 2250 tam
716 2189 752 2251 de
773 2190 862 2251 verbo
885 2209 971 2267 quam
994 2191 1029 2252 de
1051 2193 1187 2253 iactosui

147 2280 315 2340 confessoris
334 2280 458 2353 territus,
478 2279 508 2336 iu
530 2278 652 2337 crastino
674 2277 770 2352 rediit,
794 2275 1032 2359 confessionem⁴)
1053 2281 1186 2356 iteravit,

143 2367 350 2443 poeniteutiam
371 2364 542 2441 condignam
563 2365 689 2440 suscepit
710 2371 739 2424 et
760 2366 825 2440 egli.
867 2365 957 2425 Vides
988 2382 1064 2426 nuuc
1086 2383 1186 2442 quau-

145 2461 207 2514 tum
227 2451 324 2514 valeat
344 2449 495 2529 prudentia
516 2449 705 2510 confessoris?
748 2451 779 2510 Si
799 2451 964 2527 imprudens
978 2451 1116 2512 confitens
1130 2455 1187 2514 tuli

145 2539 231 2600 modo
253 2556 310 2598 nou
341 2539 441 2598 inisset
467 2539 595 2612 territus,
626 2538 755 2597 fortassis
782 2553 837 2597 nec
850 2535 870 2618 5)
900 2543 975 2598 esset
1002 2539 1185 2601 iustificatos.

144 2626 222 2686 Audi
243 2623 321 2687 aliud
342 2624 514 2702 exemplum,
537 2629 676 2700 quantum
698 2623 898 2684 confitentibus
919 2627 1009 2702 prosit
1030 2626 1184 2688 consilium

74 2749 78 2756 ι
142 2716 259 2775 bouum.

454 2827 687 2898 CAPITULUM
717 2829 867 2891 XXXVI.

142 2960 191 3018 De
211 2955 325 3018 Abbate
345 2957 441 3016 saucii
462 2954 657 3014 Pactuleouis
677 2955 710 3012 iu
722 2951 854 3026 Colonia,
876 2955 929 3030 qut
947 2952 1042 3030 fratri
1062 2957 1184 3015 camuli

240 3046 400 3121 pecuniam
422 3043 555 3102 ecelesiae
575 3057 649 3099 suae
671 3038 801 3100 tribuero
822 3037 1073 3120 depaupcrcuiw.

204 3165 240 3226 In
261 3166 432 3226 monasterio
455 3163 547 3223 suncti
560 3159 742 3222 Pantaleouis
764 3163 792 3220 in
805 3159 924 3221 Colonia
933 3161 1036 3222 Abbas
1059 3164 1181 3239 quidam

137 3255 198 3330 suit,
218 3255 334 3314 irenem
354 3253 465 3312 habens
486 3245 657 3328 carnalcm¹)
669 3246 797 3308 eiusdem
811 3249 933 3308 civitatis
953 3249 1054 3309 civem.
1080 3249 1180 3326 Quem

111 3393 113 3406 ⁴
137 3341 287 3403 carnaliter
308 3337 436 3417 diligens,
456 3353 543 3413 saepe
563 3337 716 3412 pecuniam
736 3338 901 3394 monasterii
921 3335 962 3394 illi
983 3336 1096 3396 occulte
1114 3335 1180 3398 lsr-

135 3430 276 3506 giebatur.
326 3425 420 3505 Quam
448 3425 580 3502 propriae
612 3423 790 3482 substantiae
818 3421 994 3498 adruiscens,
1024 3430 1053 3483 et
1080 3425 1110 3482 in
1141 3442 1179 3485 ea

153 3613 293 3682 qliomil.
311 3612 341 3666 ii,
359 3628 385 3680 p.
404 3611 445 3664 it.
464 3637 496 3649 -
525 3604 650 3730 ip)Gde
678 3615 797 3658 cetero.
817 3635 848 3646 —
872 3606 942 3675 2)Β
966 3616 1064 3676 tergo.
1085 3638 1116 3649 -
1142 3610 1177 3679 3)

204 3683 260 3738 Act.
279 3683 304 3748 8,
322 3683 364 3734 20.
383 3711 416 3720 -
435 3679 467 3747 1)
484 3675 528 3730 ΑΙ)
566 3686 597 3729 et
614 3675 865 3728 consessionem.
885 3706 916 3717 -
940 3677 972 3745 5)
990 3677 1032 3732 Bc
1050 3693 1121 3731 non,
1141 3709 1174 3720 .-

202 3749 395 3874 Ιθέπιίᾰιέῧὲ
412 3756 587 3818 paupertatem
604 3743 713 3816 redegit,
730 3746 826 3800 scilicet
838 3745 949 3800 fratrem.
962 3776 990 3788 -
1011 3748 1043 3816 7)
1061 3763 1176 3802 carna.
