2642 4330
145 259 208 320 294
457 253 684 316 nnnmonro
707 253 858 332 onnam

144 397 210 440 reus
222 374 255 457 ¹),
284 375 421 453 capabilis
447 383 491 437 est
518 395 589 437 snae
616 376 752 438 iacturae.
794 377 923 436 Mentem
954 373 1077 435 hominis
1096 373 1181 432 iuxta

145 465 334 526 substantiam
354 463 423 522 nihil
442 461 559 540 implere
581 471 691 540 potest,
714 466 769 523 nisi
790 464 910 523 creatrix
931 461 1064 520 Trinitas.
1105 457 1181 520 NO-

145 549 292 611 VICIUS:
322 549 398 626 Quid
422 556 466 610 est
492 548 590 632 ergo²)
613 551 691 626 qnod
713 549 844 610 diabolus
865 548 965 608 dicitur
986 565 1036 608 cor
1055 546 1180 605 hominis

145 640 258 712 intrare,
271 641 383 697 tentare'
399 637 448 697 vel
459 637 630 697 immittere?
651 635 884 696 MONACHUS:
905 635 971 694 Non
993 635 1073 694 aliter
1092 634 1181 692 iuuat

147 724 195 785 vel
207 723 306 800 implet
320 723 368 783 vel
376 724 510 799 immittit,
526 725 580 783 nisi
593 723 671 798 quod
685 726 811 782 animam
825 721 990 799 decipiendo
1004 719 1180 804 inaffectnm

147 810 272 870 malitiae
284 810 378 869 trahit.
419 810 458 868 Et
467 810 541 871 hacc
555 817 599 870 est
613 810 770 870 differentia
788 812 862 868 inter
880 808 1036 869 adventum
1055 806 1181 881 Spiritus

148 900 240 957 sancti
261 904 290 958 et
310 899 424 972 spiritus
445 897 571 974 maligni,
595 897 673 972 quod
692 896 740 956 ille
761 898 874 972 proprie
896 895 997 955 dicitnr
1017 893 1103 967 illabi,
1123 893 1180 951 iste

147 986 268 1043 immitti.
309 983 430 1059 Spiritus
458 989 573 1042 sanctus
594 986 734 1043 exsistens
761 986 838 1041 intus
854 985 884 1041 in
904 980 1182 1056 animapeccatrice
1211 1036 1215 1042 .

147 1087 199 1146 per
214 1073 366 1130 essentiam
379 1076 408 1129 et
419 1073 574 1146 potentiam
593 1077 623 1128 et
642 1072 819 1146 sapientiam,
840 1071 923 1144 quasi
943 1068 979 1127 de
999 1083 1090 1144 prope
1109 1061 1180 1144 illi')

145 1156 271 1217 illabitur
298 1174 349 1233 per
376 1159 506 1234 gratiam.
548 1155 669 1231 Spiritus
694 1172 763 1216 vero
791 1155 933 1232 malignus
955 1172 1022 1214 cum
1043 1159 1123 1212 extra
1142 1152 1181 1210 sit
1280 1185 1284 1191 -

147 1250 181 1303 ut
208 1243 316 1304 dictmn
344 1249 388 1302 est
414 1259 467 1318 per
493 1244 697 1317 substantiam,
729 1242 805 1301 mala
832 1239 1011 1318 suggerendo
1040 1245 1069 1298 et
1102 1239 1180 1298 vitiis

148 1336 275 1390 mentem
302 1328 466 1404 afficiendo,
495 1332 578 1404 quasi
603 1330 753 1404 sagittam,
781 1347 863 1388 suam
888 1329 1013 1387 immittit
1032 1325 1180 1384 malitiam.

147 1413 232 1476 Unde
257 1415 363 1475 habes:
389 1415 601 1474 Immtrstooem
623 1433 681 1491 per
709 1417 829 1491 aequos
857 1409 995 1491 malos⁴).
1037 1411 1114 1471 Hinc
1135 1416 1181 1471 est

149 1502 227 1579 quod
239 1502 326 1561 homo
343 1508 409 1578 post
429 1501 584 1561 adventum
598 1501 718 1577 Spiritus
731 1504 823 1561 sancti
834 1501 900 1577 plns
918 1507 946 1560 et
966 1500 1065 1558 lortius
1085 1503 1182 1574 potest

149 1589 264 1666 diligere
277 1590 395 1664 bonurn,
416 1606 503 1663 quam
517 1595 583 1649 ante
598 1588 694 1646 dilexit
705 1588 820 1663 malum,
841 1589 925 1663 quasi
946 1586 981 1646 de
993 1591 1105 1646 remoto
1123 1585 1180 1642 im-

147 1678 275 1735 missum.
319 1675 392 1734 Cum
409 1674 539 1735 diabolus
557 1675 658 1734 dicitur
679 1691 742 1735 esse
762 1676 791 1733 in
803 1675 927 1748 homine,
947 1690 1006 1731 non
1018 1671 1181 1748 intelligen-

149 1762 217 1821 dum
246 1768 290 1822 est
319 1761 354 1821 de
376 1765 484 1837 anima,
513 1760 566 1821 sed
595 1762 630 1821 de
653 1778 785 1837 corpore,
814 1763 882 1836 qnia
901 1763 931 1819 in
953 1757 1182 1820 concavitatibus

148 1850 209 1908 eius
236 1855 265 1908 et
291 1851 321 1907 in
348 1850 505 1924 visceribus
534 1848 584 1907 nbi
612 1855 739 1908 stercora
763 1849 956 1922 continentur,
984 1853 1013 1905 et
1032 1847 1095 1921 ipse
1116 1860 1182 1905 esse

146 1941 251 2012 potest.
292 1933 495 1994 novicius:
518 1934 593 1994 Satis
611 1934 760 2009 expeditus
781 1951 845 1994 sum
863 1933 899 1993 de
921 1934 1088 2009 quaestione
1109 1930 1181 2008 hac;

146 2022 199 2081 sed
213 2038 328 2097 quaero,
350 2022 373 2080 si
387 2021 483 2081 adhuc
500 2022 613 2095 aliquae
634 2023 699 2080 viae
720 2023 777 2080 sint
797 2020 879 2096 aliae,
894 2020 1004 2095 quibus
1026 2019 1182 2078 daemones

146 2107 309 2168 hominibus
340 2107 452 2167 soleant
471 2106 597 2166 nocere?
624 2106 859 2166 MONAOHUS:
888 2106 1006 2165 Habent
1027 2105 1184 2165 daemones
1302 2159 1307 2166 .

146 2195 222 2257 mille
235 2193 357 2254 nocendi
370 2202 455 2270 artes,
477 2211 512 2253 ex
531 2195 641 2270 quibus(
656 2201 779 2270 quatuor
798 2193 851 2252 tibi
876 2192 1010 2270 pandam.
1053 2191 1183 2268 Quibus·

148 2281 215 2341 darn
235 2287 341 2340 nocent
360 2281 433 2340 falsa
453 2280 651 2357 promittendo,
671 2275 734 2339 aliis
753 2285 858 2340 nocent
878 2297 930 2355 per
950 2295 1018 2338 suos
1038 2279 1184 2337 ministros

145 2370 176 2427 in
196 2366 253 2427 fide
275 2368 454 2442 subruendo,
474 2367 616 2426 nonnullis
638 2374 743 2427 nocent
762 2369 792 2424 in
815 2382 931 2442 corpore
953 2381 1004 2425 eos
1024 2363 1184 2440 laedendo,

146 2454 208 2514 aliis
230 2453 308 2529 quod
321 2454 507 2528 periculosius
529 2460 580 2528 est,
601 2455 773 2536 inpeccatis
795 2451 960 2512 occidendo.
1002 2451 1064 2511 Ista
1086 2453 1185 2512 omnia

145 2543 219 2601 iusto
232 2539 290 2601 Dei
309 2536 505 2616 fiuntiudioio,
527 2547 555 2601 et
577 2540 612 2600 de
636 2540 754 2617 singulis
775 2539 827 2599 tibi
847 2540 1020 2616 subiungam
1040 2537 1184 2615 exempla.

482 2728 716 2790 CAPITULUM
736 2729 822 2790 XVI.

207 2851 256 2910 De
275 2853 414 2928 οοῃυονεὸ
438 2850 605 2927 Oonrpeost,
635 2855 687 2927 qui
703 2854 898 2927 wendecote
918 2849 1114 2925 diadematus

332 2937 588 2998 Halberetodecais
610 2939 752 3014 deceptam
773 2955 929 3013 suspauur
950 2943 1000 2996 cst

207 3057 242 3116 In
270 3057 394 3134 Campo,
422 3043 636 3116 dono‘ordinrs
668 3057 877 3132 cisterciensis,
905 3073 979 3132 qnae
1008 3057 1063 3116 sita
1085 3059 1183 3117 estin

140 3143 317 3221 Episcopatu
330 3145 500 3218 Coloniensi,
520 3146 594 3202 sieut
609 3143 738 3204 audine
756 3144 882 3219 quodam
903 3142 1052 3204 sacerdote
1072 3142 1184 3205 ordinis

140 3233 237 3308 nostri,
258 3231 375 3290 homine
386 3230 521 3304 veridico,
543 3247 628 3305 quem
642 3248 687 3291 res
701 3247 759 3290 non
780 3231 870 3303 latuit,
892 3246 1046 3290 conversus
1060 3228 1183 3305 quidam
1279 3273 1282 3278 ι

141 3318 202 3392 drit,
224 3321 272 3402 qui
286 3336 304 3377 a
316 3316 472 3390 monachis,
494 3333 560 3374 eum
577 3317 681 3392 quibus
698 3316 878 3392 loquebatur,
898 3319 927 3374 in
948 3322 1060 3375 tantmn
1080 3315 1182 3376 literas

141 3403 293 3478 didicerat,
321 3406 362 3462 ita
390 3410 422 3461 ut
446 3408 556 3462 textum
578 3403 672 3480 legere
694 3405 788 3462 sciret.
830 3402 1004 3463 Huiusmodi
1025 3404 1182 3463 occasione

139 3489 251 3551 illectus
275 3497 304 3550 et
319 3490 472 3565 deceptus,
492 3489 603 3550 libellos
625 3492 679 3564 sibi
700 3489 739 3548 ad
760 3489 815 3549 hoe
837 3488 957 3550 idoncos
979 3489 1090 3550 occulte
1110 3489 1182 3550 lecit

158 3606 189 3674 1)
207 3605 228 3660 (l
244 3606 276 3656 in
294 3620 431 3672 corpore
449 3606 533 3668 cius3
559 3621 618 3658 mox
635 3605 655 3658 B
674 3603 902 3672 corporabilis.
920 3604 1041 3656 Bernard.
1059 3606 1085 3656 in
1103 3603 1179 3660 Cant.

208 3675 287 3728 Scrm.
297 3675 328 3738 V,
348 3674 388 3727 10.
401 3675 485 3742 pat:
505 3674 603 3741 „nullus
621 3673 777 3742 angelorum,
793 3674 861 3726 nulla
878 3675 1015 3726 animarum
1033 3672 1083 3726 hoc
1100 3673 1179 3728 modo

181 3743 183 3748 ’
206 3744 267 3796 mihi
283 3743 403 3811 capabilis
421 3752 470 3809 est,
486 3745 578 3796 nullius
596 3760 644 3865 epo
662 3747 766 3812 capaxl‘
787 3775 817 3785 -
837 3745 869 3814 2]
886 3743 951 3797 Aur
968 3759 1048 3815 ergo
1065 3751 1124 3797 est.
1144 3774 1176 3786 -

208 3814 240 3883 3)
257 3812 309 3866 illi
326 3812 376 3866 add
393 3813 441 3868 BC.
462 3843 492 3854 -
511 3815 544 3884 4)
562 3814 627 3867 Psa.
646 3815 688 3880 77,
706 3814 748 3866 49.
863 3861 868 3874 ,
