2654 4308
398 275 454 336 DE
475 271 660 336 Dlvuusls
680 271 916 338 vlatoutssus.
1111 277 1173 339 1³5

136 397 256 473 servivi,
286 396 425 458 custodite
455 398 572 458 domurn
598 415 693 459 meam
715 404 744 458 et
765 416 838 458 vasa
857 403 963 458 vestra
1005 395 1081 458 Mira
1101 397 1174 458 fides

135 485 266 560 feminae,
286 486 360 544 mira
374 490 403 544 et
416 487 506 544 vinus
522 483 735 560 Apostolorum.
779 484 836 561 Qui
856 487 1001 562 propriam
1023 485 1174 545 ecclesiam

96 635 100 643 ,
137 576 276 647 exparte
302 574 476 632 concremari
495 573 698 647 permiserunt,
726 573 893 632 braratricis
914 569 990 632 suae
1006 571 1123 631 domurn
1143 574 1174 631 in

135 657 236 717 mediis
256 657 379 718 flammis
399 660 531 734 positam,
552 675 609 717 non
631 661 692 718 sine
713 662 838 717 maxima
858 658 1046 719 admiratione
1067 658 1175 718 multo-

135 762 199 804 rum
226 743 355 804 illaesam
376 762 490 804 servare
512 751 692 804 curaverunt.
734 744 935 806 NOVICIUS:
963 745 1057 805 Valde
1078 745 1175 806 hono·

135 830 218 890 randi
240 838 307 890 sunt
323 830 466 909 Apostoli,
488 849 540 908 per
561 848 634 908 quos
656 831 779 892 muudus
800 834 854 892 iste
875 832 1054 892 iudicabitur.
1096 830 1175 892 MO-

134 915 311 978 NAGHUS:
340 918 440 979 Verba
464 918 538 978 haec
566 919 637 977 mihi
657 925 794 979 revocant
807 914 824 998 ¹)
856 918 895 979 ad
916 921 1083 979 memoriam
1104 921 1175 980 civis

137 1003 286 1065 cuiusdam
307 1005 415 1066 dictum
436 1007 497 1066 sive
517 1006 625 1067 tactum
646 1006 785 1066 relatione
806 1005 931 1083 dignum.

464 1193 698 1292 carnoten
723 1196 836 1258 uxrn.

203 1317 252 1378 De
269 1317 390 1378 Korolo
411 1321 473 1380 ciue
494 1322 546 1394 pua·
567 1320 679 1395 lapidas
700 1320 743 1378 cd
760 1319 962 1396 fundamenta
983 1319 1116 1386 molestae

399 1407 559 1466 comedam
580 1408 792 1483 Apostolorum
812 1405 926 1466 obtulit.
1152 1403 1158 1416 ‘

203 1526 238 1584 In
261 1525 381 1588 Colonia
397 1527 548 1605 burgensis
570 1528 687 1604 quidam
709 1534 779 1604 erat,
799 1527 887 1589 homo
909 1526 990 1588 dives
1012 1545 1049 1589 ac
1068 1534 1181 1604 potens,

139 1611 266 1674 Karolus
286 1617 412 1691 nomine,
431 1622 514 1691 pater
535 1614 641 1674 domini
660 1615 761 1674 Karoli
782 1614 907 1674 Abbatis
930 1615 1101 1692 quandoque
1122 1615 1179 1675 Vi·

138 1698 277 1761 lariensis.
319 1701 377 1760 Hic
399 1717 465 1760 cum
487 1701 631 1777 audisset,
663 1703 730 1777 quia
750 1700 884 1777 Apostoli
912 1701 1066 1761 iudicaturi.
1084 1707 1179 1764 emant

140 1785 286 1868 orbem2),
316 1790 452 1865 cogitavit
482 1791 557 1848 intra
586 1783 617 1848 ie
640 1787 753 1848 dicens:
774 1788 931 1848 Peccatum
952 1806 1040 1866 grave
1062 1795 1120 1864 est,
1150 1793 1181 1848 et

138 1871 249 1949 lapides
277 1870 476 1954 anchorareii)
498 1874 583 1935 valde
605 1881 672 1934 aunt
692 1875 853 1951 ponderosi.
884 1875 987 1934 Emam
998 1877 1083 1952 igitur
1103 1874 1179 1952 lapi-

140 1960 192 2020 des
218 1962 290 2022 tales
319 1962 357 2021 ad
385 1962 509 2021 futuram
537 1962 676 2021 fabricam
704 1968 867 2020 sanctorum
894 1960 1113 2038 Apostolorum,
1146 1967 1180 2020 ut

140 2063 207 2108 cum
227 2051 256 2107 in
278 2049 325 2109 die
346 2048 442 2108 iudicii
464 2066 553 2124 opera
573 2065 640 2108 mea
660 2050 753 2124 bone,
781 2066 835 2108 nec
856 2065 915 2108 non
937 2054 966 2108 ct
987 2047 1063 2107 mala
1083 2051 1180 2125 posita

138 2133 243 2195 fuerint
255 2137 285 2196 in
299 2142 414 2213 statera,
436 2135 569 2211 Apostoli
584 2137 632 2211 qui
646 2135 755 2195 iudices
770 2141 861 2212 sumt,
881 2134 991 2211 lapides
1012 2137 1082 2195 istos
1104 2135 1179 2196 lanci

140 2238 228 2298 opera
249 2240 315 2282 mea
335 2223 413 2282 bona
434 2225 588 2282 continenti
608 2217 806 2301 immittent⁴),
827 2229 856 2282 ct
876 2239 944 2282 mox
963 2221 1179 2298 praepondera-

139 2308 213 2367 bunt
224 2306 254 2390 ὅ).
304 2310 383 2369 Emit
395 2326 462 2386 ergo
485 2311 582 2369 navim
603 2308 719 2386 plenam
739 2308 892 2385 lapidibus,
913 2325 985 2385 quos
1006 2326 1058 2385 per
1079 2325 1179 2368 currus

139 2399 256 2473 portari,
277 2402 306 2456 et
326 2399 407 2478 turta
419 2395 625 2473 Apostolorum
641 2391 820 2476 ecclesiamt)
843 2395 946 2472 deponi
966 2397 1041 2455 tecit.
1085 2394 1179 2474 Quem

141 2499 207 2542 curn
228 2485 357 2544 canonici
369 2486 600 2561 interrogassent,
622 2477 691 2558 qnid
712 2483 766 2542 sibi
787 2482 876 2543 vellet
895 2499 948 2558 per
967 2482 1077 2558 lapides
1099 2482 1178 2559 illos3

139 2569 297 2646 respondit:
322 2569 430 2646 Aliqua
452 2570 562 2633 dierum
581 2569 748 2640 renovanda
769 2575 813 2629 est
834 2569 954 2630 ecclesia
974 2572 1038 2645 ista,
1061 2575 1089 2628 et
1109 2576 1179 2629 tunc

140 2664 222 2716 erum
250 2658 334 2717 vobis
364 2659 526 2717 necessarii.
575 2656 641 2717 Non
666 2657 756 2716 mnlto
777 2663 844 2733 post
866 2673 931 2716 cum
953 2653 1101 2737 ccclesia²)
1125 2672 1179 2715 ex·

139 2737 317 2818 tenderetur,
345 2743 498 2804 occasione
526 2749 648 2819 utputo
678 2743 833 2804 eorumdem
854 2742 995 2820 lapidum,
1023 2746 1053 2801 in
1073 2742 1179 2802 lunda-

139 2838 236 2890 mento
272 2833 358 2906 positi
384 2836 459 2890 sunt.
506 2829 589 2890 Haec
618 2830 654 2890 de
682 2829 888 2906 Apostolorum
915 2831 1073 2890 visionibus
1102 2829 1179 2889 dicta

139 2917 205 2975 sint
247 2915 331 2975 Nunc
363 2916 459 2992 aliqua
486 2918 538 2976 tibi
565 2916 658 2976 dicam
688 2915 724 2977 de
748 2917 932 2993 martyribus.
973 2914 1184 2976 noviomae

141 3001 219 3078 Quid
246 3003 333 3062 iaciat
352 3010 501 3080 martyres,
524 3020 612 3079 quare
633 3009 773 3080 martyres
794 3003 939 3078 dicantur,
960 3002 1008 3062 v'el
1030 3008 1101 3079 quot
1121 3004 1179 3062 sint

139 3106 248 3166 genera
274 3091 409 3166 martyrii,
442 3091 520 3166 prius
552 3090 622 3149 mihi
648 3088 753 3151 edicas.
801 3087 1037 3151 MONAGHUS:
1071 3088 1178 3150 Facilis

139 3177 243 3238 horum
263 3175 367 3238 solutio
388 3181 441 3238 est.

442 3259 878 3364 ψ

159 3509 190 3576 1)
207 3505 252 3560 Bl)
270 3502 431 3559 revocant
447 3503 534 3557 mibi.
554 3533 584 3544 -
604 3505 637 3572 2)
654 3502 763 3556 orbern
781 3500 831 3554 add
848 3502 879 3556 Β.
897 3501 1003 3566 nait,
1019 3501 1069 3555 ct.
1095 3529 1126 3542 -
1145 3501 1178 3636 33

209 3574 443 3630 Cuncborarii.
478 3575 578 3628 Ancora
602 3576 657 3627 sive
680 3586 761 3625 ancon
785 3582 824 3624 est
841 3572 950 3641 lapidum
969 3575 1075 3640 species.
1094 3599 1125 3611 -
1144 3571 1161 3621 i

209 3645 276 3699 coni.
311 3646 484 3698 incurrent
506 3653 533 3696 et
562 3642 793 3710 praecidentur
816 3642 864 3708 lV,
883 3645 908 3696 1.
922 3643 964 3694 50.
981 3672 1012 3682 -
1035 3641 1068 3710 5)
1091 3636 1178 3692 Acus

209 3714 500 3784 praeponderabit.
519 3744 552 3753 -
571 3714 603 3782 6)
621 3713 662 3767 ct>
680 3709 854 3764 ecelesiam
889 3711 1137 3780 Apostolorum,
1154 3706 1177 3760 B

152 3781 158 3788 '
210 3786 383 3907 ecciesiam
416 3793 598 3837 sanctorum
633 3779 875 3852 Apostolorum.
900 3809 932 3822 -
957 3781 989 3849 7)
1015 3779 1037 3833 Β
1066 3775 1177 3840 eadem

209 3869 264 3910 ecc
285 3857 363 3909 etia.
639 3873 642 3876 ·
