2628 4310
116 231 122 238 ’
202 269 264 336 eos
488 266 715 332 sermome
739 267 951 332 muscum
994 225 999 236 ’

200 405 277 452 nem.
326 388 383 450 Dic
411 389 751 466 rememoremur
777 393 818 452 eis
844 390 1024 467 vidmeom,
1052 388 1126 450 duos
1150 403 1225 450 canet

201 475 723 553 commiserescendum
751 484 829 538 tetris
854 478 999 538 laceretru
1026 483 1056 538 ct
1081 478 1227 548 extinctus,
1281 495 1282 502 ¹

201 579 325 640 poenam
338 563 425 624 solvit
437 563 676 641 depraedationis,
697 575 785 650 amne
801 566 937 626 iniciens
956 564 1119 626 minemo
1137 577 1227 624 saere-
1281 595 1282 608 κ

201 656 371 714 mentorum.
417 649 496 727 Quis
521 649 660 728 praedem
686 651 841 712 homicidio
871 651 1035 727 frequenter
1066 655 1228 727 scopentur,
1281 649 1282 660 ¹

201 735 299 814 aliqua
309 737 362 798 tbi
381 737 524 814 poeno
541 737 673 816 exempli
687 737 722 799 de
743 745 837 799 morte
849 738 1004 800 miserabili
1022 735 1228 799 homicidum

546 891 783 956 cosumus
811 865 901 972 ure)

298 1014 346 1073 De
363 1020 462 1074 monte
483 1015 635 1075 Bmsordi
654 1015 896 1076 Mortuetera'cnoe'e
916 1018 969 1093 qai
989 1018 1142 1076 sororium

610 1117 701 1162 ewam
723 1102 836 1162 coedit

262 1219 324 1280 Vix
344 1222 412 1280 euni
433 1219 491 1282 duo
512 1219 602 1299 elapsi
616 1227 683 1282 sunt
704 1219 783 1298 quod
797 1223 869 1283 civis
890 1219 1008 1298 quidam
1028 1215 1231 1284 Monasteriee·

201 1308 241 1366 sis
263 1306 412 1368 defunctus
434 1314 486 1369 est
527 1307 585 1370 Hic
607 1326 674 1370 eum
695 1307 813 1369 domum
834 1319 864 1368 et
882 1311 1020 1385 pecunias
1048 1307 1157 1369 multas
1183 1305 1231 1366 lilio

202 1410 256 1454 suo
282 1395 366 1455 unico
394 1394 561 1471 dimisisset,
587 1395 636 1456 ille
664 1396 808 1456 luxuriose
835 1395 962 1456 vivendo
990 1413 1056 1456 eum
1082 1394 1232 1456 meretrici·
1282 1389 1283 1400 ’

202 1480 257 1540 bus
278 1485 308 1541 et
328 1483 357 1538 in
382 1483 507 1543 tabernis
536 1485 633 1544 omnic
658 1499 714 1542 sue
741 1481 860 1544 mobilis
886 1484 1072 1559 consempsit.
1114 1482 1232 1542 Domum

202 1583 272 1628 vero
294 1569 402 1628 sororio
424 1585 476 1628 suc
497 1569 634 1644 vendens,
656 1574 686 1629 et
697 1563 715 1650 ¹)
737 1569 846 1644 obiens,
867 1572 992 1645 pretium
1012 1568 1087 1628 illius
1108 1571 1141 1629 in
1162 1567 1232 1628 brevi
1281 1594 1284 1680 ἵ

203 1652 379 1730 dilapidavit
420 1654 599 1717 Necessitate
620 1655 823 1732 compellente,
847 1653 886 1714 ed
906 1653 1031 1716 eundem
1053 1671 1141 1716 suum
1161 1670 1233 1715 soro·

202 1742 276 1800 dum
296 1740 417 1816 rediens,
437 1742 476 1803 ab
499 1760 534 1803 eo
556 1749 618 1804 tum
637 1749 755 1820 propter
774 1759 903 1820 uxorem,
925 1748 987 1802 bem
1000 1747 1120 1820 prepter
1141 1739 1233 1804 vendi·

202 1833 263 1888 mm
288 1830 497 1906 possessiouem
526 1825 687 1910 detentus²)
717 1836 769 1890 est
817 1827 912 1906 Quem
940 1846 1006 1889 cum
1033 1831 1161 1906 primum
1186 1827 1233 1888 ho·

202 1920 283 1976 necte
304 1916 389 1992 setis,
414 1933 450 1978 ac
471 1915 574 1978 deinde
594 1915 784 1994 negligentius
805 1921 955 1992 tractaret,
980 1915 1029 1976 ille
1050 1933 1087 1976 ex
1107 1915 1232 1992 indigue-

203 2001 280 2062 tione
300 2019 369 2065 eum
397 2001 547 2080 deserens,
574 2003 691 2064 domurn
718 2001 868 2064 venditam
892 2005 1039 2080 repetivit,
1065 2018 1097 2062 se
1120 2005 1232 2064 circum·

206 2093 325 2150 ventum
347 2106 534 2166 conquerens.
575 2088 605 2152 A
627 2107 684 2168 quo
707 2107 772 2152 urm
793 2088 863 2151 nihil
877 2106 931 2166 per
950 2090 1088 2150 iustitiam
1108 2091 1172 2150 sive
1191 2104 1233 2164 per

206 2177 299 2238 mines
321 2176 448 2238 obtinere
469 2183 582 2254 posset,
610 2177 727 2254 bipenni
749 2175 831 2237 illum
858 2178 888 2235 in
917 2175 1011 2237 medlo
1038 2175 1102 2236 loro
1132 2175 1232 2237 occidit

206 2259 278 2321 Mox
305 2263 335 2324 lu
364 2263 515 2326 eeclesiam
543 2266 635 2324 sancti
654 2263 740 2324 Peuli
766 2262 894 2342 lugiens,
923 2263 1031 2324 clericis
1059 2264 1233 2324 coeuntibus

207 2347 331 2410 clamere
360 2352 470 2427 eoepit:
501 2351 565 2412 Vos
597 2350 704 2412 domini
739 2349 882 2410 defendite
912 2350 1073 2412 libertatem
1107 2357 1233 2412 resnou

207 2433 292 2512 Quod
314 2442 343 2496 et
362 2437 498 2498 fecerunt
539 2438 696 2499 Venientes
709 2437 747 2498 ed
764 2453 830 2498 cum
843 2439 896 2498 riri
917 2436 1038 2512 honesti,
1059 2438 1089 2495 in
1110 2436 1169 2497 fide
1189 2451 1233 2496 soe

206 2538 273 2582 eum
296 2519 418 2586 educere
438 2524 599 2600 volueriut,
620 2524 750 2587 volentes
770 2526 843 2584 inter
862 2525 957 2601 ipsum
976 2530 1005 2586 et
1025 2524 1112 2584 occisi
1133 2526 1232 2584 amicos

207 2625 377 2688 componere
386 2605 422 2692 ³),
447 2613 556 2672 miserti
576 2611 659 2672 illiers.
702 2609 789 2687 Quod
810 2627 876 2672 cum
897 2612 1020 2688 primum
1045 2615 1232 2687 acceptasset,

206 2713 274 2756 mox
296 2696 395 2758 habito
417 2715 515 2758 seeum
537 2697 654 2757 consilio
675 2695 836 2773 respondit:
859 2697 925 2758 Non
947 2697 1089 2776 egrediar5
1118 2695 1233 2760 absoluti

206 2785 268 2842 sitis
297 2801 316 2844 e
343 2784 467 2860 pollicito
496 2786 664 2844 iuramento.
713 2782 807 2860 Quem
832 2789 899 2860 post
926 2783 1076 2860 paululum
1104 2802 1179 2844 unus
1203 2797 1232 2842 ex

206 2865 565 2946 scireburnensem
586 2870 641 2930 Exi
661 2869 822 2944 Bemerdc,
844 2872 905 2945 exi,
932 2872 1031 2930 vinum
1053 2873 1191 2947 optimum
1209 2870 1231 2926 iu

205 2956 256 3017 teti
277 2957 410 3018 venditur
430 2958 559 3020 taberne
603 2952 713 3037 Quos⁴)
735 2963 867 3032 secutus,
889 2963 956 3032 post
977 2956 1122 3017 modicum
1142 2953 1230 3033 prodi-

206 3050 253 3102 tus
275 3051 333 3118 est,
362 3050 392 3104 et
412 3050 523 3121 ceptus.
565 3043 731 3120 Requisitus
754 3059 805 3102 our
833 3045 937 3104 exisset
965 3043 1001 3103 dc
1029 3042 1167 3115 ecclesie,
1192 3058 1231 3100 re·

206 3130 336 3206 spondit:
364 3130 410 3190 Ite
438 3130 508 3190 mihi
529 3130 629 3190 erdere
650 3129 803 3190 videbatur
827 3132 1021 3205 pavimentum
1043 3131 1098 3190 sub
1119 3129 1230 3206 pedibus

206 3220 286 3292 meis,
308 3224 340 3278 ut
351 3220 492 3280 sustinere
505 3234 564 3277 nou
583 3233 709 3293 possem
751 3216 851 3278 Posito
874 3233 908 3276 eo
925 3219 955 3276 in
976 3225 1047 3293 reta,
1070 3233 1136 3278 oum
1156 3229 1231 3276 mane

206 3303 352 3366 scholares
370 3303 408 3366 ed
423 3321 489 3366 eum
503 3305 656 3379 venissent,
674 3308 703 3362 et
716 3303 857 3370 dicerent:
878 3303 1024 3367 Bemerdc
1037 3306 1112 3366 rivis
1123 3297 1230 3364 adbeel

205 3390 298 3452 suerat
318 3393 393 3455 euim
414 3391 570 3468 litteratus,
591 3390 750 3467 respondit:
771 3389 878 3452 Adhuc
899 3393 977 3452 vivo.
1019 3391 1147 3466 Moxque
1167 3387 1230 3450 sub-

205 3479 285 3540 iecitt
311 3478 348 3540 Iu
376 3485 461 3540 nocte
489 3484 636 3540 beusecta
661 3495 794 3554 eampum
822 3479 908 3540 istum
936 3478 1054 3554 plenum
1081 3476 1140 3538 vidi
1168 3474 1230 3534 dee·

205 3566 348 3628 monibus.
389 3563 506 3628 Nullum
527 3571 624 3626 tumen
645 3567 759 3642 signum
779 3563 828 3626 vel
848 3564 970 3626 verbum
990 3562 1180 3642 poemmdiis
1198 3559 1230 3620 eb

206 3669 241 3714 eo
262 3652 360 3714 videre
381 3652 428 3712 vel
449 3651 547 3712 eudbe
570 3657 733 3730 potueruut.

223 3770 256 3840 t)
271 3779 305 3823 et
322 3785 363 3910 Ἥ
378 3768 534 3914 ὅθί-οἵῃ)
552 3766 575 3822 Ο
591 3777 755 3840 receptur.
773 3799 806 3812 «-
824 3767 857 3838 3)
874 3765 897 3824 Ε
913 3781 1022 3838 pucem
1040 3778 1228 3837 componere

277 3868 308 3882 -·
462 3854 479 3891 u
534 3875 541 3891 .
