2594 4302
172 223 237 282 are
488 217 717 304 anemurio
741 218 898 282 naemu

173 343 261 403 eham
281 337 420 403 miracula
439 345 500 402 tem
520 341 685 418 permolor
707 359 794 420 quam
816 337 1022 424 perbonoe¹).
1065 342 1113 404 De
1134 343 1215 426 honis
1268 375 1269 380 κ

174 429 304 505 quaestio
325 444 384 487 non
406 435 463 504 est3
493 428 529 488 de
550 427 634 489 malis
654 447 725 491 vero
746 429 882 491 Salvator
903 429 971 490 dieit
990 431 1021 489 in
1042 429 1214 508 Evangelio:

173 514 265 578 Multi
284 513 380 574 dicatu
400 515 472 574 malti
483 512 506 585 ²)
529 519 561 575 tn
581 517 635 576 illa
656 517 717 590 dte,
745 517 876 577 Domine
896 518 1041 591 nonan,
1063 535 1164 577 nomae
1182 521 1215 578 in

125 670 131 682 Ι
172 605 293 662 nornine
306 608 358 662 tuo
374 603 628 678 prophetavimus,
647 611 676 663 et
689 605 721 664 lu
735 607 855 664 nombre
876 611 928 664 tuo
950 605 1111 664 mammea
1132 608 1215 664 eiad·

173 689 262 748 mue?
285 693 314 748 et
335 695 438 763 eetera,
460 705 552 765 usqne
572 689 648 764 illue,
669 694 765 750 neruo
788 694 840 767 qao·
862 687 969 767 salisb.
1011 689 1215 752 NOVICIUS:

174 773 257 852 Quae
286 782 330 836 est
358 789 446 836 eausa
466 774 690 836 miraculorum?
732 775 970 837 MONAOHUS:
1001 776 1097 837 Causa
1117 779 1216 838 multi-

172 861 240 939 plex
268 869 326 937 est,
354 863 482 938 mihique
509 862 725 939 inexplicabilis.
772 861 938 939 Aliquando
966 863 1050 924 Deus
1077 865 1217 924 miracula

174 955 308 1025 operatur
340 944 400 1029 uta)
431 951 461 1008 in
490 949 652 1024 elementis,
683 956 717 1009 ut
743 950 912 1011 mortalibus
939 967 1023 1010 suam
1052 949 1216 1031 ostendat⁵)

172 1037 338 1112 potentium.
380 1035 546 1111 Aliquando
577 1053 684 1113 genera
712 1036 763 1096 dat
788 1037 966 1114 linguarum,
995 1040 1057 1098 sive
1085 1041 1218 1114 spiritum

172 1122 349 1200 prophetiae,
370 1130 403 1181 nt
415 1123 578 1183 manifestet
597 1141 680 1183 suam
701 1125 880 1200 sapientiam.
912 1123 1078 1200 Aliquando
1092 1127 1218 1202 gratiam

173 1208 224 1269 dat
244 1211 407 1284 sanitatum,
429 1215 461 1268 nt
482 1228 564 1270 snam
585 1227 721 1287 magnam
748 1210 831 1270 nobis
853 1210 963 1271 revelet
983 1211 1219 1272 misericordiam

172 1295 376 1357 novicius:
408 1295 444 1354 In
472 1298 576 1372 quibus
604 1297 676 1356 fiunt
704 1295 862 1357 miracula?
914 1296 1153 1358 MONACHUS:
1181 1299 1218 1358 In

171 1382 344 1458 hominibus,
365 1384 394 1442 in
416 1382 575 1459 elementis,
595 1385 666 1460 igne*
682 1383 799 1459 seilicet,
820 1401 902 1459 aere,
922 1402 1000 1461 aqua
1022 1391 1051 1444 et
1071 1392 1166 1461 terra,
1188 1389 1218 1446 in

172 1470 293 1549 avibus,
321 1470 463 1546 piscibus,
491 1469 663 1530 animalibus
692 1477 721 1532 et
748 1470 905 1547 reptilibus.
948 1470 1030 1547 Quae
1059 1477 1092 1531 ut
1121 1475 1218 1550 magis

173 1557 225 1617 tibi
253 1556 324 1616 fiant
344 1565 429 1632 nota,
457 1556 554 1634 aliqua
577 1557 612 1616 de
634 1556 753 1634 singulis
775 1558 827 1617 libi
848 1553 1049 1637 subiungamt)
1073 1559 1219 1635 exempla

172 1642 219 1704 De
240 1646 347 1705 sanetis
368 1661 436 1704 vero
459 1647 508 1720 qui
528 1646 632 1704 nostris
652 1643 732 1704 luere
755 1645 941 1721 temporibus,
962 1645 1101 1705 miracula
1123 1646 1218 1722 pluri-

171 1748 221 1790 mu
248 1732 301 1791 tibi
329 1731 422 1792 dicere
450 1748 580 1807 possem3
608 1730 660 1790 sed
688 1733 795 1807 scripta
822 1731 943 1791 aliorum
971 1731 1116 1791 silentium
1146 1733 1219 1792 mihi

172 1818 330 1894 imponunt
363 1817 480 1893 Aliqua
506 1825 603 1877 tamen
629 1819 682 1877 tibi
709 1818 830 1877 reseram
859 1817 936 1878 uude
965 1821 1035 1878 satis
1056 1820 1218 1881 muaberis

172 1903 283 1965 Nostris
305 1907 381 1966 enim
402 1907 521 1983 contigit
541 1905 717 1981 temporibus
727 1901 747 1986 ⁷)
770 1902 849 1983 quod
869 1907 1006 1982 sequitur.

538 2095 772 2156 CAPITULUM
807 2095 847 2155 11.

236 2218 285 2278 De
312 2216 462 2276 Wnondo
494 2220 547 2294 qut
567 2218 651 2294 infra
672 2235 767 2299 unam
788 2219 896 2276 boram
918 2215 957 2276 ab
978 2217 1151 2279 Jerusalem

350 2303 514 2406 trenelatus
536 2312 577 2364 eet
598 2309 631 2364 in
652 2305 814 2365 Dioeeeelm
836 2304 1035 2364 Leodiensem.

234 2443 270 2502 In
284 2442 419 2504 Dioeeesi
431 2443 584 2504 Leodiensi
604 2439 673 2503 villa
694 2461 768 2520 quae
784 2442 882 2503 Ehelo
905 2443 1014 2518 dieitur,
1034 2442 1127 2504 laieus
1150 2448 1218 2521 qui·

172 2529 239 2590 dum
260 2529 411 2590 habitabat
428 2531 575 2608 religiosus
595 2533 709 2590 nomine
727 2530 897 2605 Winandus,
921 2527 1048 2609 metuar)
1079 2533 1218 2592 monaehi

170 2619 260 2678 nostri
280 2617 424 2692 Winandi,
441 2635 464 2701 ¹a
485 2635 542 2694 quo
562 2635 667 2677 nomeu
689 2619 784 2693 traxit,
805 2616 974 2676 avunculus.
1005 2617 1063 2676 Hie
1086 2624 1218 2694 tempore
1268 2685 1269 2688 Ἴ

172 2703 298 2780 quodam
318 2706 552 2781 peregrinationis
566 2708 659 2782 gratia
681 2722 746 2764 eum
768 2704 940 2780 quibusdam
957 2706 1123 2780 provinciae
1145 2723 1219 2766 suae
1268 2727 1269 2746 ¹

171 2790 334 2852 hominibus
356 2791 569 2867 lerosolymam
595 2791 741 2868 proiectus
764 2797 815 2851 est.
859 2791 894 2850 In
922 2790 968 2851 die
990 2807 1059 2850 vero
1082 2789 1218 2853 Paschae

172 2885 318 2953 cumpost
339 2877 487 2939 sollemnia
508 2881 711 2938 missarum'se
733 2877 771 2938 ad
792 2879 915 2938 reditum
935 2877 976 2936 illi
995 2884 1219 2955 praepararent,

171 2961 303 3043 eisque⁹l
332 2965 494 3042 praedictus
516 2965 677 3025 Winandus
699 2971 732 3024 ut
759 2964 846 3024 homo
870 2964 991 3024 devotus
1012 2965 1148 3026 suaderet
1171 2967 1219 3024 di-

171 3070 249 3129 oens,
270 3054 443 3112 conveniens
466 3057 510 3111 est
529 3052 645 3127 fratres,
667 3058 699 3110 ut
720 3053 748 3109 in
770 3051 826 3112 hae
848 3053 1042 3111 sacratissima
1062 3051 1107 3110 die
1132 3055 1218 3128 quie·

171 3147 299 3214 scentes,
327 3157 426 3199 omnes
448 3141 509 3198 eius
530 3139 617 3199 horas
637 3137 853 3215 peraudiamus3
882 3138 1055 3215 persuadere
1077 3155 1137 3198 non
1159 3157 1218 3215 po-

171 3229 233 3285 tuit.
276 3226 490 3286 Festinantibus
519 3227 559 3285 eis
582 3225 620 3284 ad
641 3233 769 3302 portum,
798 3228 860 3301 ipse
881 3227 1030 3299 remansit,
1060 3228 1218 3302 omniaque
1268 3219 1269 3282 ἶ

172 3313 227 3374 diei
247 3312 323 3372 ihius
345 3313 440 3372 olfieia
460 3313 644 3389 peraudiens,
672 3312 751 3372 solus
778 3319 846 3389 poet
867 3329 916 3372 eos
939 3312 985 3371 die
1006 3315 1142 3387 sequenti
1162 3316 1220 3374 iter

191 3515 222 3585 1)
240 3514 280 3638 d?
298 3515 402 3568 bonos
427 3532 514 3584 quarn
539 3531 596 3583 per
619 3515 727 3568 malos.
753 3545 784 3557 -
809 3517 842 3584 2)
860 3514 902 3568 cu
920 3515 1035 3599 dieunt
1053 3515 1147 3636 miBhi,
1171 3515 1219 3601 Al)

239 3585 875 3719 aaretustineantur
889 3585 1048 3706 nerra
1062 3584 1218 3707 enar

237 3724 273 3792 ,6)
292 3724 331 3778 Cl’
350 3725 566 3794 tradam-7)
582 3725 624 3778 BC
643 3724 843 3792 temporibus
861 3724 1132 3792 contigit.-8)E
1150 3726 1217 3778 lra-

241 3802 291 3848 ter
308 3797 434 3861 matris,
458 3796 477 3848 Β
502 3805 594 3863 pater
617 3797 738 3852 matris.
758 3823 789 3835 -
809 3795 841 3863 9)
859 3793 880 3847 C
898 3794 1099 3864 eisdemque..
