2594 4302
425 291 490 352 DE.
503 290 732 354 MIRAUULIS.
1034 289 1099 350 239

59 411 177 475 fuissent
204 409 350 473 decoctae.
394 411 601 491 campanarius
624 420 723 474 autem
742 414 774 472 in
793 411 919 472 marimo
940 412 1043 472 timore
1064 425 1100 472 aa

58 506 173 577 stupore
194 501 308 574 iacens,
329 499 401 559 vidit
422 498 578 560 daemones
597 500 735 562 insultum
754 499 891 558 faciamos
911 491 946 558 in'
963 497 1100 574 eeclesia3

59 587 111 648 sed
138 592 167 647 et
195 585 315 662 capsula
343 603 418 662 quae
440 593 502 648 erat
522 592 589 663 post
610 587 715 662 altare,
742 585 863 662 prosiliit
882 603 969 662 super
994 585 1101 660 altere,

60 680 90 735 et
109 679 243 750 apertura
259 673 337 733 laeta
358 679 413 732 est·
425 675 453 732 in
477 691 519 748 ea,
542 689 616 749 quae
638 673 733 750 adhue
754 673 796 732 lta
816 677 953 732 remanet
1002 669 1110 732 Sancti

60 777 127 821 vero
164 759 451 836 quorum'reliquiae
476 761 517 819 ibi
545 765 627 835 sunt,
662 761 768 837 egressi
795 759 903 819 fortiter
930 759 1102 818 resistebant

60 847 263 922 daemonibus,
292 853 322 907 et
346 847 455 907 factum
484 853 528 906 est
549 848 622 906 inter
643 853 760 906 sanctos
782 851 811 906 et
833 845 988 906 daemones
1008 843 1101 905 vehe-

59 935 267 994 mentissimum
286 939 440 993 certarnen.
483 933 615 992 Tandem
637 932 741 993 demoti
762 932 926 1007 daemones,
947 949 1013 991 oum
1035 947 1102 991 cor·

59 1037 113 1098 pus
127 1016 146 1100 ¹)
160 1025 309 1096 asportare
330 1037 390 1079 non
410 1027 537 1096 possent,
558 1027 670 1095 partem
684 1021 752 1080 tecti
772 1035 871 1079 secum
891 1020 1102 1078 abstraxenmt.

59 1107 158 1168 Refert
184 1106 264 1166 idem
292 1109 493 1182 campanarius
520 1105 600 1182 quod
629 1123 732 1182 corpus
762 1105 918 1166 sacerdotis
949 1103 1103 1180 usquead

59 1199 167 1254 tectum
196 1194 296 1268 turris,
324 1194 379 1253 sub
406 1211 464 1269 qua
485 1190 622 1272 scilicet²)
643 1193 794 1269 pulsantes
811 1186 964 1267 steterant,
996 1196 1026 1252 et
1046 1191 1102 1250 sub

60 1297 118 1357 qua
152 1282 287 1357 prostrati
319 1282 469 1355 iacebant,
501 1281 638 1340 violentia
667 1279 841 1339 daemonum
868 1279 1038 1354 aliquotiens
1066 1279 1103 1336 sit

59 1374 189 1443 raptum,
220 1366 273 1426 sed
301 1367 441 1426 beneficio
470 1374 634 1427 sanctorum
656 1367 810 1444 relapsum.
852 1365 943 1426 Aiunt
967 1366 1103 1425 clericum

60 1454 183 1516 eundern
213 1459 283 1513 tuuc
319 1453 355 1513 de
390 1471 468 1524 novo
502 1451 685 1534 acquisisse³)
726 1470 862 1513 coronam
888 1447 1103 1530 coreizando⁴),
1163 1527 1165 1532 Ι

60 1557 148 1617 quarn
170 1542 252 1616 quasi
266 1541 358 1600 victor
378 1539 599 1614 iuxtadomum
611 1539 631 1620 ⁵)
653 1540 810 1616 suspendit,
830 1546 863 1598 ut
883 1541 925 1598 ibi
946 1539 1025 1598 stulti
1046 1538 1103 1598 ho-

60 1630 151 1688 mines
171 1626 311 1702 luderent,
333 1627 525 1702 ducerentque
547 1628 667 1688 choreas
675 1621 706 1706 ⁶).
742 1625 947 1687 NOVICIUS:
972 1625 1053 1686 Sicut
1073 1626 1104 1683 in
1198 1628 1202 1636 '

59 1714 117 1774 hoo
138 1713 287 1774 sacerdote
309 1714 474 1788 considero,
505 1716 535 1772 in
564 1714 766 1774 dilaceratione
787 1715 911 1772 vestium
932 1719 1019 1788 atque
1042 1710 1107 1771 cel-¹

60 1793 266 1862 clamentorum
293 1800 376 1860 Deus
405 1803 518 1876 punivit
549 1801 729 1876 superbiam3
762 1797 864 1880 sicut⁷)
893 1803 923 1858 in
956 1801 1104 1859 exustione
1200 1809 1208 1825 ”

58 1887 235 1968 genitalium,
255 1887 407 1964 luxuriam.
443 1885 677 1946 MONAOHUS:
699 1887 780 1948 Bene
801 1889 905 1961 sentis3
928 1889 996 1961 quia
1017 1901 1104 1960 saepe

58 1992 155 2054 poena
172 1971 347 2054 rospondit⁰)
363 1973 473 2050 culpae.
501 1974 567 2034 Hoc
590 1976 676 2033 etiam
697 1979 727 2034 te
748 1976 820 2032 scire
841 1968 918 2048 volo,
940 1979 969 2032 ei
981 1973 1104 2048 probare

61 2061 208 2138 exemplo,
238 2060 316 2138 quod
345 2064 419 2121 sicut
439 2060 521 2120 Deus
550 2068 583 2120 ut
607 2061 714 2120 dictum
736 2059 893 2122 estmalos
913 2077 965 2134 per
986 2059 1105 2118 iulmina

61 2155 150 2223 atque
167 2150 293 2208 tonitrua
315 2147 350 2208 de
374 2147 454 2208 coelo
475 2151 566 2225 punit,
586 2150 627 2208 ita
649 2164 701 2224 per
722 2146 824 2207 eadem
845 2145 999 2222 aliquando
1021 2146 1105 2206 bonis

61 2237 209 2296 succurrit.

406 2425 641 2487 CAPITULUM
662 2425 768 2486 XXX.

127 2549 178 2607 Dc
198 2547 353 2608 Riohwino
370 2568 427 2626 per
457 2553 625 2609 tonitrunm
647 2568 667 2608 a
683 2546 888 2624 praedonibus
910 2546 1043 2607 liberato.

128 2669 298 2729 Richwinus
332 2671 493 2732 cellerarius
521 2677 619 2730 noster
646 2688 717 2734 ,cum
745 2671 791 2731 die
821 2665 948 2746 quadarn
980 2675 1136 2744 tempore,

62 2755 225 2816 discordiae
260 2758 337 2822 inter.
362 2758 541 2834 saepedictos
571 2759 667 2835 Reges
698 2758 733 2817 de
765 2757 884 2818 Colonia
912 2759 1017 2831 exiret,
1050 2771 1110 2814 non

61 2841 167 2918 procul
195 2842 232 2900 ab
262 2844 333 2902 urbe
360 2844 456 2918 plures
484 2851 610 2904 armatos
633 2862 668 2904 ex
689 2845 777 2904 latere
799 2849 906 2904 stratae
927 2843 1060 2919 publicae
1081 2843 1111 2900 in

62 2931 125 2989 suis
139 2926 286 2988 dextrariis
299 2928 398 2989 sedere
410 2934 567 3006 conspexit.
589 2931 701 3008 Quibus
721 2926 791 2991 visis
813 2949 879 2992 oum
900 2933 969 2990 satis
992 2932 1112 3004 timeret,

61 3031 200 3074 1111111111
231 3016 271 3074 eis
301 3032 384 3074 cursu
412 3018 591 3092 rapidissimo
614 3018 652 3076 ad
674 3036 739 3078 eum
760 3021 894 3091 veniens,
923 3034 1029 3092 equum
1051 3017 1113 3074 eius

61 3120 118 3179 per
139 3101 251 3160 frenum
274 3103 380 3177 tenuit,
401 3120 487 3178 quern
509 3103 554 3162 his
576 3106 671 3164 verbis
693 3105 816 3181 superbe
838 3105 980 3164 allocutus
1002 3107 1046 3162 est
1068 3101 1114 3160 di-
1168 3120 1171 3134 ·

63 3204 154 3250 cens:
175 3187 302 3248 Domine
317 3190 458 3249 monache
473 3190 652 3267 descendite3
675 3198 788 3267 oporiet
809 3209 855 3252 1111
876 3190 985 3250 habere
1007 3206 1114 3264 equum

62 3278 164 3336 istum.
207 3274 266 3333 Vix
294 3276 385 3335 verba
405 3276 530 3351 finierat,
560 3283 589 3335 et
618 3295 685 3338 ecce
706 3278 849 3338 Dominus
870 3295 929 3337 non
950 3278 1040 3336 verbo
1062 3274 1115 3334 sed

62 3367 194 3423 tonitruo
223 3362 361 3436 praedoni
389 3381 440 3438 pro
468 3381 551 3422 servo
582 3381 634 3423 suo
664 3364 819 3441 respondit
860 3365 936 3424 Nam
966 3381 1032 3425 cum
1053 3368 1116 3422 tota

62 3451 116 3511 illa
148 3450 193 3509 die
215 3449 295 3508 nulla
316 3448 435 3508 luissent
456 3450 555 3510 audita
577 3453 716 3527 tonitrua,
744 3455 900 3512 ictuatum
921 3450 1116 3512 validissimus

63 3539 215 3614 inopinate
227 3539 384 3613 personuit,
405 3544 437 3596 ut
460 3554 551 3613 equus
572 3537 700 3598 satellitis
728 3540 850 3616 genibus
872 3545 976 3598 terram
997 3542 1116 3614 peteret,

83 3725 117 3792 1)
136 3723 244 3776 Domini.
264 3753 297 3762 —
316 3723 348 3791 2)
366 3723 388 3776 P
407 3723 597 3792 simul-3)
614 3723 659 3778 fic
677 3726 914 3794 acquisivisse.
931 3753 962 3765 -
980 3726 1012 3791 4)
1030 3723 1116 3776 BDEP

139 3791 325 3845 corizando.
353 3792 521 3858 Choreizare,
545 3793 636 3846 choros
659 3811 748 3864 agere,
766 3797 907 3848 concinere.
927 3825 957 3834 —
979 3795 1010 3860 5)
1028 3793 1049 3845 l)
1067 3792 1117 3844 add

140 3878 238 3914 suam.
259 3892 290 3902 ..
310 3862 548 3933 6JBPcorers.
568 3894 599 3904 -
619 3865 765 3933 7)(1111.
785 3862 1116 3932 -SJBrespondet
