2628 4310
148 237 165 338 j
190 245 253 308 soe
427 279 434 297 .
470 242 698 309 nunnucmo
718 243 931 338 uunncrsra

188 367 238 428 illu
270 367 341 428 horu
362 372 453 428 terror
469 371 566 430 omnis
588 369 748 430 diabolicus
770 372 901 432 curavit
944 369 989 428 Ex
1009 367 1055 430 his
1087 366 1218 445 exemplis
1281 439 1282 446 χ

189 455 259 516 satis
281 453 423 532 colligitur
443 455 521 532 quod
542 457 700 517 secundum
721 457 889 533 qualitatem
911 455 1013 534 culpae
1037 457 1124 517 etiam
1143 453 1219 515 Dcos
1281 477 1282 494 ¹

188 539 293 603 tormer
312 541 480 618 quadmtom
500 559 621 620 manae.
663 543 743 604 Audi
762 561 839 605 nuuc
861 543 939 620 quod
959 550 989 605 te
1014 543 1125 620 tibique
1145 543 1220 603 siml·

188 626 232 690 les
253 626 424 705 consoletur,
444 627 481 690 ds
503 629 638 690 divitibus
659 636 747 708 atquc
768 631 909 708 superbis.

44 787 46 795 ’
160 787 190 854 7
520 783 754 848 CAPITULUM
779 785 895 847 XLIX.

211 906 259 968 Dc
280 907 383 967 dorico
404 913 524 968 moseo
546 910 599 983 qut
618 907 733 968 redicre
754 925 784 968 sc
804 909 970 996 indicatam
995 913 1023 969 ct
1043 911 1076 968 in
1095 920 1204 968 mutarat

438 995 598 1071 iamtotm
620 994 764 1054 nuditum
790 995 976 1056 caclmnooit.

253 1113 323 1174 Fuit
347 1115 378 1173 iu
404 1130 493 1194 regno
514 1114 691 1176 Francorum
720 1113 839 1177 clericus
867 1115 985 1194 quidam
1005 1114 1110 1176 nobilis
1132 1120 1163 1176 ct
1183 1113 1223 1174 di·

189 1215 251 1276 res,
271 1217 346 1277 quac
369 1199 426 1261 duo
449 1217 536 1279 mapa
557 1202 701 1262 hominem
722 1202 870 1279 extollunt,
890 1202 1046 1280 multisque
1058 1203 1136 1263 vitiis
1157 1202 1223 1262 sub·

188 1288 296 1348 liniunt
339 1288 396 1364 Qui
417 1305 484 1348 cum
501 1295 630 1349 mortuns
653 1289 760 1364 Mouet,
782 1296 812 1350 et
831 1291 861 1348 in
886 1290 990 1350 feretro
1011 1290 1134 1366 positus,
1153 1287 1223 1348 mul·

188 1373 309 1436 titudine
329 1371 428 1452 populi
459 1376 697 1451 circumsedente,
724 1383 785 1436 tam
807 1392 842 1436 ex
864 1376 973 1437 clericis
995 1393 1083 1452 qnam
1105 1393 1144 1436 ex
1174 1374 1223 1435 lsi·

190 1461 240 1537 bis,
260 1463 322 1538 ipsc
343 1478 375 1522 se
397 1464 494 1537 erexit,
515 1464 625 1523 cunctis
639 1461 820 1522 audientibus
841 1465 870 1522 in
887 1463 961 1524 haec
981 1464 1074 1523 verba
1093 1479 1223 1539 promm-
1281 1473 1282 1486 ³

188 1564 276 1624 pens:
304 1546 407 1609 Justus
427 1547 514 1608 ludex
538 1549 689 1626 indicavit,
724 1549 881 1610 iudicatum
909 1549 1126 1625 condemnavit,
1160 1565 1223 1610 con·

190 1632 356 1695 demnatum
376 1633 492 1696 tradidit
512 1636 541 1694 in
562 1651 665 1696 manus
685 1638 846 1712 impiorum.
889 1635 1003 1714 Quibus
1024 1636 1107 1696 dietis
1128 1653 1162 1698 sc
1181 1652 1222 1696 rc·

190 1721 308 1798 einans,
328 1722 431 1782 iterum
443 1737 502 1781 non
523 1721 587 1782 dico
601 1721 782 1799 obdormivit,
801 1723 854 1785 sed
868 1721 904 1784 de
918 1724 1017 1801 requie
1038 1724 1173 1785 nmmvir
1190 1719 1223 1784 ad
1281 1747 1282 1754 ¹

190 1807 328 1885 laborem,
349 1806 386 1869 de
407 1807 516 1870 deliciis
536 1808 575 1870 ad
596 1810 748 1870 miseriam.

563 1963 797 2026 urrunnun
820 1963 855 2026 n.

274 2087 350 2150 ram
371 2089 407 2150 co
428 2043 532 2150 coeo
553 2091 695 2150 mocon
717 2090 770 2164 ees
790 2105 821 2147 se
842 2085 946 2147 emon
966 2085 1148 2164 aemam

539 2175 686 2235 audivisse
708 2173 881 2234 lambatur.

171 2345 174 2350 .
256 2295 291 2355 In
314 2296 416 2358 eodem
436 2312 524 2376 regno
547 2295 618 2358 abus
641 2295 759 2372 quidam
781 2293 899 2356 clericus
918 2293 987 2370 inlt,
1008 2301 1037 2355 et
1056 2296 1121 2371 ipse
1143 2293 1222 2353 ritic-
1281 2355 1282 2364 ,

191 2398 241 2444 sue
262 2383 362 2458 valde,
389 2385 464 2444 sicut
492 2389 521 2444 et
541 2385 678 2462 superior.
722 2383 865 2461 Quicum
886 2380 1048 2442 admonitus
1068 2381 1171 2442 inisset
1189 2377 1221 2440 ab
1281 2381 1282 2384 ’

191 2471 290 2540 amicis
319 2469 356 2530 de
384 2469 576 2546 confessione,
604 2475 737 2546 essetque
760 2470 786 2528 ai
806 2467 925 2528 allatum
947 2485 1051 2545 corpus
1071 2467 1222 2528 Dominia

191 2558 350 2633 sacerdote,
370 2559 500 2634 accipere
521 2556 622 2634 noluit,
643 2563 816 2632 vadensque
838 2572 870 2616 se
891 2553 930 2614 ad
942 2557 1088 2632 parietem,
1110 2556 1153 2616 sic
1173 2554 1221 2614 ait:

191 2643 277 2705 'lube
298 2647 375 2706 canit
395 2644 474 2722 apud
494 2644 607 2718 interos,
628 2660 727 2703 eamtm
748 2643 825 2703 hinc.
867 2639 972 2718 sicque
995 2643 1159 2718 exspirans,
1180 2646 1222 2699 tu·

190 2729 260 2792 bam
280 2738 396 2792 secutus
418 2739 462 2792 cst
481 2731 658 2792 infernalem.
700 2726 903 2790 NOVIOIUSc
936 2726 968 2788 st
989 2730 1030 2788 sic
1054 2728 1137 2790 Dens
1159 2742 1221 2788 exe·

191 2823 287 2878 aratur
308 2817 421 2878 divitias
442 2823 530 2894 atquc
551 2818 723 2895 superbiam,
743 2823 814 2892 puto
836 2814 915 2892 quod
935 2814 1020 2876 valde
1033 2818 1136 2891 puniat
1149 2813 1222 2874 blas·

191 2903 345 2982 phemiam.
386 2903 620 2966 MONACHUS:
642 2902 737 2964 Valde
757 2902 840 2964 Deus
860 2904 943 2979 punit
963 2901 1138 2978 quandoque
1158 2897 1221 2960 illud

191 2993 309 3067 vitium,
338 2993 423 3052 etiarn
450 2992 480 3050 in
507 2990 684 3068 infidelibus,
712 2993 787 3052 sicut
815 3006 906 3066 nuper
927 2988 1013 3049 didici
1033 3005 1071 3050 er
1090 2988 1221 3049 relab‘one

192 3076 341 3140 cuiusdam
368 3077 503 3138 monachi
523 3076 698 3153 Vilariensis,
719 3080 769 3154 qui
790 3079 866 3138 circa
893 3076 1054 3137 haereticos
1073 3075 1220 3138 Albimscr

192 3181 258 3226 oum
280 3163 396 3226 domino
418 3163 550 3236 Conrado
573 3163 717 3226 cardinali
732 3161 750 3244 ¹)
772 3165 842 3224 satis
862 3163 1013 3224 laboravit

552 3353 786 3416 CAPITULUM
812 3353 862 3414 LI.

192 3481 240 3541 De
260 3484 356 3540 morte
378 3475 497 3538 Comitis
511 3476 663 3538 Fabrateria
684 3477 823 3536 haeredat
845 3474 881 3535 ob
903 3473 1113 3552 bloepbom'om
1133 3475 1217 3536 occisi

257 3599 361 3662 (lomes
388 3598 542 3660 Fullrcnsis
570 3599 745 3674 haereticus,
774 3602 804 3658 et
830 3595 1040 3660 lunaticorum
1067 3594 1216 3666 coadiutor,
1281 3657 1282 3670 ,

192 3705 259 3750 cum
286 3686 418 3747 ultimum
446 3692 570 3747 castrum
598 3702 683 3746 suum
710 3683 876 3760 rehaberet,
906 3685 936 3742 in
964 3685 1075 3744 mutam
1103 3681 1189 3760 erupit
1197 3674 1215 3758 ¹)

211 3804 243 3874 l)
259 3801 330 3860 ABE
346 3800 536 3858 Gardinalc.
554 3829 585 3844 -
603 3802 636 3872 2)
654 3801 674 3857 B
691 3801 852 3872 prorupit.

235 3980 238 3989 .
399 3975 440 4018 a!
483 3983 490 4022 ἱ
561 4015 582 4028 Α
735 3987 780 4033 ll·
819 3959 853 4007 ,ἢ
875 3945 940 4061 9⁸

282 4049 284 4056 ,
371 4049 374 4057 .
445 4025 448 4033 ’
489 4023 667 4069 '‹'¹''¹‘'⁵rt
687 4017 783 4073 '⁸th
836 4058 844 4068 .
903 4012 943 4060 Η

575 4098 578 4116 Ι
