2538 4314
188 245 250 345 rso
511 262 907 346 nrsuuromouunrr's

185 407 299 466 functus
328 411 386 480 est,
416 406 462 466 cui
482 403 585 466 Abbas
606 425 676 467 suus
697 408 735 467 ob
756 409 888 468 meritum
920 407 997 467 vitae
1009 399 1027 487 ¹)
1047 406 1220 481 iniunxerat,

186 499 327 569 quatenus
354 492 471 552 fratrum
498 511 615 553 suorum
644 495 835 554 confessiones
858 493 978 554 audiret.
1019 493 1132 571 Nomen
1153 507 1219 552 vero

187 579 288 640 domus
311 582 372 640 sive
392 596 532 656 personae
554 582 698 641 subticuit
740 580 811 641 Erat
838 583 868 640 in
890 581 992 641 eadem
1013 578 1100 639 domo
1122 579 1219 639 adole·

185 683 268 727 scens
291 666 414 743 quidam,
436 669 486 742 qui
507 666 545 726 ad
567 685 633 727 eum
661 667 814 727 confitendi
836 685 925 728 causa
945 667 1107 744 frequenter
1128 667 1219 739 venit,

186 770 252 814 cum
274 769 340 829 qno,
362 752 476 813 diabolo
490 756 642 831 instigante
664 760 693 814 et
710 755 837 814 humana
850 754 1002 832 fragilitate
1020 755 1219 826 consentiente,

185 839 262 899 idem
283 840 427 900 confessor
447 841 537 900 semel
550 840 746 900 tantummodo
767 844 907 918 peccavit.
939 841 1042 901 Statim
1053 857 1140 917 opere
1155 856 1218 917 per·

185 933 312 1004 patrato,
335 930 429 1003 eoepit
450 926 546 987 dolere
568 927 596 987 ot
615 929 684 987 flere
705 931 897 1004 amarissime,
919 927 1092 1003 dicebatque
1113 927 1218 986 iuveni:

184 1013 263 1073 Male
284 1014 416 1090 fecimus3
448 1013 511 1073 aliis
531 1014 588 1074 lroc
609 1022 760 1090 peccatum
793 1015 921 1074 confiteri
952 1017 991 1074 ob
1018 1013 1218 1074 vereemoiam

185 1117 244 1160 non
264 1118 417 1177 possumus
429 1097 466 1180 ²),
498 1101 550 1160 sed
572 1101 691 1161 consulo
713 1107 746 1160 ut
766 1107 798 1160 tu
818 1101 888 1160 mihi
910 1102 1086 1176 confitearis,
1116 1107 1144 1160 et
1165 1116 1216 1175 ego

185 1187 251 1262 tibi,
282 1187 411 1263 alterque
438 1187 475 1247 ab
498 1187 587 1247 altero
609 1190 745 1263 suscipiat
765 1191 977 1265 poenitentiam.
1021 1187 1099 1264 Quid
1119 1184 1218 1263 plura?

185 1271 298 1334 Placuit
318 1276 414 1334 iuveni
436 1275 598 1350 consilium,
621 1275 831 1334 confessisunt
851 1282 1004 1351 peccatum
1025 1277 1163 1349 invicem,
1192 1279 1218 1332 et

185 1367 245 1420 tam
267 1360 368 1420 duram
388 1377 462 1420 unus
483 1362 520 1420 ab
542 1361 634 1421 altero
655 1364 782 1438 suscepit
798 1364 1011 1437 poenitentiam,
1033 1360 1149 1437 qualem
1168 1375 1217 1418 nec

185 1445 288 1506 Abbas
316 1449 377 1508 sive
406 1447 508 1523 aliquis
531 1449 724 1507 confessorum
745 1448 799 1507 illis
820 1451 996 1531 irriunxisset.
1039 1448 1136 1507 Parvo
1156 1451 1217 1523 post

185 1540 313 1610 ternpore
334 1533 468 1594 sacerdos
489 1533 565 1594 idem
586 1533 744 1594 infirmatus
774 1541 818 1595 est
838 1552 931 1610 usquc
952 1534 990 1605 ad
1012 1541 1143 1594 mortem.
1182 1531 1217 1590 llt

135 1620 141 1624 ’
186 1637 253 1680 oum
274 1623 331 1678 iam
344 1623 373 1680 in
385 1624 518 1681 extremis
528 1627 636 1698 ageret,
657 1628 686 1681 et
695 1619 733 1682 ad
744 1624 851 1681 exitum
868 1622 1022 1698 festinaret,
1044 1624 1147 1681 timore
1167 1635 1215 1696 gc-

186 1705 297 1792 hennae
325 1714 476 1784 peecatum
506 1705 685 1788 utcunque³)
714 1709 796 1785 dixit3
832 1725 986 1784 personam
1012 1725 1084 1768 vero
1112 1706 1216 1784 peceati

186 1801 362 1870 consortem,
391 1807 449 1854 non
471 1797 618 1871 expressit
660 1794 805 1855 Defuncto
835 1811 879 1870 eo,
907 1795 1010 1855 Abbas
1039 1794 1216 1855 vehementer

187 1879 285 1957 doluit,
308 1882 386 1958 quod
407 1883 479 1942 scire
499 1883 563 1942 non'
578 1883 673 1959 potuit
694 1899 760 1941 eum
781 1898 840 1958 quo
853 1888 1011 1958 peccasset
1043 1881 1096 1942 Ait
1126 1886 1215 1940 tamen

185 1971 260 2028 intra
280 1985 325 2028 se:
346 1968 396 2028 Ad
417 1970 625 2029 contessionem
645 1969 697 2028 tibi
718 1971 828 2044 veniet,
856 1971 984 2044 quisquis
1006 1975 1052 2028 est
1071 1968 1128 2028 ille.
1168 1966 1214 2024 In·

186 2057 268 2114 terim
288 2061 418 2116 mortuus
439 2055 516 2116 clara
530 2056 575 2115 die
597 2057 730 2132 apparuit
750 2054 924 2116 adolescenti
946 2073 1012 2115 cnm
1034 2061 1113 2116 esset
1131 2051 1213 2124 solus,

188 2141 262 2202 faeie
274 2141 368 2202 lurida
389 2149 418 2202 et
438 2149 519 2202 veste
541 2145 617 2203 trita.
649 2143 742 2219 Quem
763 2140 829 2223 ιη’)
850 2141 897 2201 ille
910 2141 988 2217 vidit,
1009 2159 1079 2202 mox
1096 2140 1214 2218 agnovit,

188 2229 282 2289 timuit
303 2236 332 2289 ct
353 2227 505 2290 exhorruit
548 2229 602 2288 Cui
613 2234 757 2289 mortuus:
779 2229 844 2305 Sta,
865 2232 1036 2304 netimeas,
1066 2231 1133 2305 quia
1151 2241 1212 2303 pro·

188 2322 252 2392 pter
272 2322 302 2375 te
322 2317 397 2392 veni,
415 2309 457 2374 ‘ut
476 2315 598 2376 indicem
611 2318 664 2376 tibi
680 2316 722 2375 de
743 2321 821 2375 statu
841 2332 915 2375 meo.
972 2314 1153 2376 Confertatus
1172 2314 1213 2370 iu·

189 2404 269 2463 venis
290 2404 385 2463 verbis
406 2405 468 2464 eius
490 2409 518 2462 et
538 2406 689 2477 animatus,
711 2417 777 2462 oum
790 2405 987 2479 interrogaret,
1004 2402 1083 2462 undo
1104 2401 1213 2471 veniret,

189 2489 236 2549 vel
264 2489 333 2564 quid
362 2496 524 2566 quaererem
553 2489 700 2565 respondit
719 2489 780 2548 ille:
806 2488 842 2548 In
869 2491 1000 2548 maximis
1028 2491 1129 2565 poenis
1155 2499 1225 2558 sum,

189 2582 305 2653 propter
330 2575 401 2635 illud
429 2581 541 2637 tantun
569 2577 648 2652 quod
675 2582 771 2635 tecum
793 2577 922 2636 commisi
942 2582 1110 2652 peccatum;
1137 2577 1213 2651 ignea

189 2664 266 2722 euim
292 2669 395 2723 catena
420 2663 555 2739 genitalia
575 2680 642 2723 mea
662 2663 830 2739 constringit
840 2659 876 2743 ⁶),
899 2680 957 2739 qua
984 2677 1139 2738 suspensus
1158 2665 1213 2717 tor·

189 2766 287 2826 queor.
346 2748 493 2810 Confessio
519 2750 583 2826 illa,
620 2767 707 2826 quarn
740 2750 859 2809 fecimus
888 2751 1024 2825 invicem,
1039 2747 1123 2808 'nihil
1151 2742 1212 2804 mihi

188 2837 308 2914 profuit,
341 2839 408 2913 quia
436 2837 515 2896 nulla
541 2837 602 2896 fuit
650 2835 688 2895 Et
715 2837 770 2895 nisi
789 2838 819 2894 in
841 2839 973 2896 extremis
995 2852 1111 2912 quoquo
1134 2827 1211 2892 modo

189 2929 340 3001 peceatum
369 2927 587 3002 expressiorem,
615 2921 795 2984 aeternaliter
815 2922 967 2983 damnatus
995 2923 1118 2983 fuissem.
1166 2915 1212 2975 cni

191 3027 256 3070 cum
268 3011 379 3071 iuvenis
394 3010 524 3071 dixisset:
541 3010 594 3069 Est
606 3009 722 3086 aliquid,
738 3008 817 3085 quod
831 3012 922 3086 possit
937 3010 1021 3069 vobis
1035 3007 1167 3086 prodesse
1173 2997 1211 3082 ⁶)?

190 3092 336 3173 respondit
355 3097 418 3157 illc:
450 3097 482 3158 Si
503 3103 535 3156 tu
556 3113 627 3173 pure
649 3103 679 3156 et
692 3097 777 3172 plene
799 3097 944 3156 confessus
965 3097 1051 3156 fueris
1072 3095 1213 3173 peccatum

90 3229 94 3238 .
189 3190 271 3244 tuum
283 3181 318 3265 τ),
347 3184 468 3244 multum
488 3183 559 3243 mihi
577 3183 717 3261 proderit3
739 3185 782 3262 sin
803 3189 915 3258 autem,
942 3189 1059 3243 aeterna
1080 3189 1108 3241 tc
1127 3190 1212 3254 poena

190 3272 333 3347 suscipiet
376 3271 481 3347 Sicque
503 3269 650 3346 disparuit.
693 3271 822 3330 Territus
843 3272 955 3330 iuvenis
976 3271 1082 3330 recenti
1101 3266 1230 3332 visione,¹

190 3373 257 3418 eum
277 3359 370 3418 facore
391 3357 479 3419 vellet
506 3358 728 3431 confessionem,
756 3373 810 3416 nco
838 3364 937 3432 posset
963 3363 1079 3433 propter
1098 3348 1211 3411 Abbatis

190 3445 357 3522 absentiam,
377 3447 488 3506 interim
510 3442 626 3504 distulit.
667 3442 865 3503 Intercedeute
877 3441 976 3523 vero⁸)
997 3442 1129 3518 temporis
1146 3433 1211 3494 dilu-

208 3649 239 3718 1)
257 3647 299 3702 BG
315 3649 405 3702 vitae
422 3649 582 3701 maritum.
600 3675 632 3690 -
651 3646 683 3714 2)
700 3645 721 3699 c
739 3644 941 3698 audemus-
960 3646 992 3714 3)
1010 3645 1028 3698 Ρ
1045 3642 1209 3716 utriusque·

261 3747 292 3757 -
311 3719 344 3787 4)
361 3719 380 3770 Ρ
399 3734 475 3770 cunr.
494 3745 527 3756 -
552 3717 584 3785 5)
602 3715 620 3767 Ρ
638 3716 805 3785 astringit.
825 3745 856 3758 ·-
884 3716 916 3784 6)
933 3716 978 3768 Au
996 3715 1090 3768 vobis
1114 3708 1209 3778 potiti

259 3787 433 3855 prodesse,
448 3784 579 3840 Orobis
597 3784 757 3853 prodesse
775 3786 933 3852 possit—
945 3785 1049 3855 aptat>
1065 3785 1207 3837 nostrum

258 3871 316 3910 mox
333 3857 373 3913 ΟΡ
389 3856 466 3910 ιιιίΙιί
487 3853 628 3910 multum.
648 3885 678 3897 -
698 3857 731 3925 8)
749 3871 825 3910 vero
843 3871 885 3909 cm
902 3855 931 3910 c.
