2538 4314
411 269 465 330 on
487 253 760 334 counnssroun.
805 273 808 280 ’
1045 273 1104 332 rna

82 407 133 450 sam
152 393 359 475 assumtionem
383 391 557 468 subinferret,
577 411 613 454 ne
635 395 755 471 simplex
773 391 920 470 deceptus,
942 392 1105 454 conclusio-

81 493 135 538 nem
154 486 287 539 aeternae
310 482 413 538 mortis
434 483 594 540 incurreret.
637 480 741 540 Statim
771 498 903 558 surgens,
932 480 971 540 ad
997 479 1105 540 lectum

80 564 171 624 Prioris
192 568 327 639 accessit,
351 573 381 625 et
393 562 409 646 ¹)
432 567 616 627 dormientem
638 570 788 643 excitarit,
817 571 930 644 signum
952 570 978 626 ei
997 567 1105 626 iaciens

79 652 259 712 consessionis.
303 653 360 712 Illo
381 655 532 729 innuente,
552 661 585 713 ut
606 661 784 731 exspectaret
804 671 897 730 usque
918 671 1016 729 mane,
1038 672 1105 714 cum

77 755 124 796 non
143 743 354 814 acquiesceret,
374 743 509 816 surrexit,
541 748 628 817 atque
650 759 716 802 cum
738 757 773 801 eo
795 741 958 817 Capitulum
980 743 1104 802 intravit·

76 823 134 886 ldox'
153 843 184 886 se
206 827 372 886 monachus
394 833 575 903 prosternens
596 827 635 887 ad
655 828 744 904 pedes
756 828 872 902 Prioris,
893 829 1038 888 confessus
1061 834 1105 888 est

75 912 181 986 qualiter
201 933 221 973 a
245 913 366 973 diabolo
388 914 442 974 sub
465 915 558 991 angeli
585 917 681 991 specie
709 917 747 974 sit
774 914 865 973 multo
887 921 1021 991 ¹tempore
1050 914 1104 974 deb

74 1005 174 1075 ceptus,
203 1007 235 1061 et
265 1018 319 1076 per
347 1001 498 1060 eonsilium
518 1001 663 1077 suspendii
684 1021 703 1062 a
723 1018 755 1062 sc
778 1001 980 1078 deprehensus.
1024 1001 1104 1060 Con-

73 1085 150 1146 lessus
172 1095 217 1146 est
241 1094 272 1148 et
295 1086 354 1147 alia
375 1095 495 1164 peccata
515 1107 577 1148 sua.
621 1087 675 1148 Cui
697 1107 763 1150 cum
784 1089 867 1147 Prior
887 1089 1013 1163 aliquam
1030 1105 1104 1164 poo-

72 1173 207 1233 nitentiam
230 1177 414 1248 iniunxisset‚
435 1181 464 1234 et
484 1180 516 1233 ut
537 1174 573 1234 de
596 1181 690 1235 cetero
714 1177 823 1235 candor
843 1175 917 1234 foret
937 1178 1104 1248 monuisset,

72 1259 102 1317 ad
119 1260 226 1320 lectum
249 1279 339 1321 suum
360 1261 450 1320 rediit.
493 1261 655 1321 Monachus
676 1279 755 1338 vero,
777 1263 815 1322 ob
837 1264 1036 1322 necessitatem
1048 1279 1103 1322 ua-

72 1351 148 1433 iurce,
164 1351 321 1424 privatam
342 1348 515 1423 ascendens,
537 1349 606 1408 dum
626 1352 656 1408 in
676 1367 735 1408 una
756 1348 868 1408 sedium
889 1348 1010 1424 sederet,
1032 1348 1103 1408 dac-

71 1451 173 1494 monem
209 1455 265 1512 pcr
305 1436 511 1495 consessionem
553 1437 755 1496 exacerbatum
788 1453 854 1496 eum
881 1453 951 1496 arcu
988 1443 1102 1496 extento

70 1523 222 1597 sagittaque
257 1525 397 1598 imposita
424 1529 523 1582 eontra
554 1540 585 1582 sc
613 1523 685 1581 vidit
713 1529 837 1582 stantem
866 1529 895 1583 et
921 1523 998 1582 clara
1030 1540 1103 1584 voce

70 1605 216 1668 dicentem:
248 1609 333 1668 Malo
360 1616 411 1668 tuo
445 1607 596 1668 confudisti
624 1627 683 1684 me,
718 1627 786 1670 ecce
816 1627 893 1668 nunc
915 1609 1044 1680 occidam
1065 1617 1102 1670 tc.

70 1692 113 1751 (lui
133 1713 199 1756 cum
221 1697 275 1756 ille
298 1695 496 1772 responderet:
528 1695 628 1771 Vade,
656 1696 823 1769 maledicte,
851 1698 909 1756 iam
936 1714 994 1756 non
1015 1699 1102 1757 timeo

70 1787 105 1856 te,
125 1783 161 1841 ad
183 1787 306 1862 signum
328 1784 420 1844 erucis
442 1785 576 1858 evanuit3
599 1779 696 1859 sicque
717 1801 771 1859 per
790 1784 924 1842 virtutem
946 1784 1103 1843 contessio-

70 1869 105 1925 nis
128 1869 289 1944 liberatus,
330 1870 452 1945 amplius
482 1868 650 1929 daemonem
678 1885 737 1930 non
765 1870 845 1929 vidit
898 1869 1102 1930 NOVICIUS:

72 1952 137 2030 Quid
162 1964 208 2016 est
239 1957 322 2033 quod
350 1957 417 2015 huic
446 1956 586 2016 sacerdoti
615 1956 748 2016 diabolus
776 1974 880 2017 nocere
907 1974 966 2016 non
993 1959 1102 2032 potuit3

69 2038 223 2102 Amoldum
245 2061 318 2104 vero
340 2044 496 2119 plebanum
518 2046 609 2103 sancti
629 2043 768 2120 Remigii,
797 2043 832 2102 de
861 2061 919 2119 quo
948 2061 1034 2119 supra
1056 2043 1103 2101 di·

70 2133 136 2186 ctum
158 2137 212 2208 est,
235 2138 300 2190 tam
322 2131 474 2190 crudeliter
495 2129 620 2190 occidit?
663 2129 900 2191 MONACHUS:
932 2131 1014 2190 Sicut
1034 2128 1103 2189 dicit

69 2213 224 2276 Psalmista:
263 2217 398 2276 Oeeetodit
418 2218 568 2276 Dominus
590 2235 689 2276 ornnes
711 2218 861 2293 deligentes
882 2236 930 2290 ec,
953 2225 981 2277 et
1003 2235 1101 2276 oannes

65 2311 225 2373 peccotoree
248 2305 396 2380 disperdet
404 2301 436 2377 ²).
479 2303 563 2363 Unde
585 2310 614 2364 et
634 2304 763 2364 eiusdem
788 2303 905 2379 plebani
925 2303 1013 2362 filiam
1035 2321 1101 2364 cor-

70 2391 147 2466 mpit,
175 2393 285 2468 virgini
312 2408 383 2450 vero
417 2391 452 2450 de
473 2391 586 2450 Nivella
606 2406 709 2451 nocere
730 2408 790 2450 non
809 2393 911 2467 potuit
953 2391 1018 2451 Non
1039 2394 1101 2450 sine

70 2477 295 2539 eausadiobolus
317 2484 427 2536 tantam
448 2484 620 2553 potestatem
641 2480 794 2554 accepitin
808 2485 969 2554 utrumque,
990 2486 1101 2554 patrem

69 2561 167 2623 sedicet
189 2572 221 2624 et
242 2564 340 2623 filiam.
383 2563 586 2626 NOVICIUS:
615 2563 647 2624 Si
670 2565 824 2624 daemones
846 2572 958 2624 tantum
978 2567 1101 2624 turban-

69 2653 115 2722 tur,
136 2669 203 2710 cum
225 2658 349 2728 peccata
370 2658 468 2710 nostra
489 2652 663 2726 confitemur,
684 2659 756 2728 puto
779 2669 829 2711 eos
849 2651 1004 2728 plurimum
1018 2653 1100 2711 exhi-

70 2731 159 2814 larari,
193 2757 263 2799 cum
291 2738 394 2797 eadem
429 2755 481 2815 per
509 2739 651 2798 silentium
679 2740 812 2816 tegimus.
863 2737 1100 2800 MONACHUS:

70 2817 126 2882 Hoc
148 2827 339 2884 certissimum
363 2831 414 2884 est
457 2824 523 2894 Hoc
550 2827 662 2902 plenius
694 2842 834 2902 agnosces
863 2827 892 2884 in
922 2825 1100 2886 distinctione

70 2913 183 2983 septima
206 2912 333 2989 capitulo
353 2913 472 2987 decimo,
493 2913 543 2971 ubi
564 2914 656 2990 gratia
676 2914 781 2973 beatae
790 2912 849 2972 Dei
868 2915 1011 2990 genitricis
1034 2915 1101 2988 qui-

70 2993 183 3057 busdam
204 2998 244 3058 ad
266 2997 460 3058 confitendum
480 2999 577 3076 lingua
598 3005 725 3060 reserata
746 3006 797 3059 est
840 2999 900 3076 Ipsi
929 3002 1005 3058 enim
1034 2999 1100 3076 glo-

71 3081 153 3143 riosae
179 3086 292 3162 Virgini
327 3085 428 3146 eadem
463 3085 604 3146 distinctm
644 3086 845 3163 assignabitur.
895 3085 1099 3147 NOVICIUS:

71 3165 109 3226 Ex
127 3170 170 3230 his
193 3189 268 3249 quae
291 3172 455 3232 dictasunt
480 3175 549 3232 satis
577 3173 720 3250 intelligo,
750 3173 957 3233 confessionem
986 3175 1098 3234 animae

73 3269 127 3316 csse
145 3259 331 3334 medicinam3
360 3278 436 3320 nunc
467 3277 552 3321 nosse
573 3259 678 3320 vellem
686 3256 724 3341 ³),
753 3261 777 3318 si
798 3259 906 3336 aliquid
918 3260 1026 3319 salutis
1047 3278 1099 3336 per

74 3356 130 3402 tam
149 3363 252 3422 corpus
273 3348 401 3422 recipiat.
444 3345 679 3406 MONACHUS:
707 3347 863 3422 Utriusque
892 3347 1014 3406 hominis
1036 3363 1099 3406 me-

74 3425 157 3492 dicina
178 3441 236 3492 cst:
257 3451 328 3491 nam
349 3435 422 3492 sicut
442 3436 565 3494 animam
586 3435 746 3510 peccatoris
767 3433 870 3493 liberat
891 3452 909 3493 a
929 3450 1024 3510 poena
1045 3452 1100 3510 ge·

74 3511 190 3593 hennali,
218 3523 260 3579 sic
286 3537 491 3598 nonnunquam
521 3537 624 3597 corpus
651 3520 755 3579 liberat
787 3537 920 3596 apoena
942 3521 1100 3596 temporali.

75 3599 266 3667 NOVICIUS:
288 3604 409 3664 Videtur
429 3608 498 3666 mihi
519 3609 588 3668 utile
610 3610 694 3666 nimis
717 3607 817 3667 dehis
841 3607 972 3683 exempla
991 3607 1100 3680 audire,

94 3840 118 3908 l]
133 3851 162 3895 ct
178 3860 220 3897 om
238 3843 289 3898 BG.
311 3873 340 3883 -
360 3845 391 3913 2)
407 3845 468 3900 Paul.
489 3849 548 3913 144,
565 3849 607 3901 20.
628 3877 658 3886 -
679 3847 710 3915 3]
728 3845 748 3906 G
766 3845 882 3992 vglssem
900 3859 1007 3897 nosse.
