2538 4314
178 249 218 308 92
478 245 705 310 DIETINOTIO
724 246 908 310 SECUNDA

508 403 741 466 CAPITULUM
759 403 878 464 XXIII.

195 545 243 604 De
263 545 374 617 clerieo,
397 547 449 621 qai
464 546 600 620 puellam
620 545 774 604 Judaeum
794 549 1001 620 stupraverat:
1022 560 1119 618 quen
1131 559 1196 604 aaa

262 631 374 691 duduci
395 649 535 692 manare
555 632 663 692 uellent
681 635 714 692 in
735 631 853 692 eceteeia
872 634 935 690 16116
955 632 1122 704 bauaima,

590 717 809 780 obtumescat

241 856 276 915 In
312 857 426 918 civitate
455 855 580 934 quadam
607 853 731 933 Anglise
756 855 854 934 puella
881 853 1023 934 quaedam
1050 853 1206 929 habitavit,
1234 833 1237 842 ’

177 941 283 1004 Judeei
305 943 453 1024 cuiusdam
473 943 540 1019 filia,
563 949 592 1003 et
612 941 770 1003 secundum
791 960 882 1020 genus
903 960 987 1002 suum
1004 943 1072 1006 setis
1094 942 1206 1018 specio-

177 1046 220 1090 sa.
262 1030 347 1091 Hanc
367 1033 478 1092 iuvenis
501 1031 618 1108 quidam
639 1029 765 1108 clericus,
785 1029 921 1106 Episcopi
942 1028 1071 1090 eiusdem
1088 1028 1206 1088 civitatis

178 1124 325 1194 cognatus,
347 1123 377 1178 et
398 1117 535 1180 ecclesiae
556 1119 671 1179 maioris
693 1119 856 1194 canonicus,
877 1123 910 1175 ut
930 1116 1016 1190 vidit,
1039 1115 1206 1191 concupivit,

179 1210 208 1264 et
228 1205 324 1265 verbis
345 1207 488 1265 amentiis
509 1204 548 1264 ad
577 1221 747 1264 consensum
775 1220 846 1264 suae
873 1203 997 1263 libidinis
1025 1220 1092 1262 eum
1119 1201 1205 1260 multo

178 1289 277 1374 labore
297 1291 452 1351 inclinavit
493 1290 542 1351 Ad
564 1292 645 1351 errius
666 1290 816 1366 amplexus
838 1289 906 1349 dum
928 1291 1080 1366 aspiraret,
1110 1295 1138 1349 et
1162 1289 1206 1346 ni-

177 1379 242 1436 miis
262 1377 399 1438 incendiis
421 1372 565 1464 eminens,
586 1395 651 1438 eam
672 1377 798 1454 quotidie
820 1377 857 1436 ad
879 1378 1110 1437 commixtionem
1131 1373 1206 1435 solb-

179 1465 287 1539 citaret,
307 1465 454 1542 respondit
473 1465 534 1525 illa:
555 1465 635 1524 Patri
655 1481 720 1525 meo
741 1464 863 1524 multum
884 1482 949 1523 sum
970 1461 1091 1538 dilecta,
1113 1462 1206 1539 quiin

162 1557 290 1634 ¹tentum
311 1551 435 1611 custodit
455 1568 517 1626 me,
546 1556 579 1610 ut
599 1567 693 1628 neque
715 1568 769 1628 ego
798 1551 836 1610 ad
864 1556 908 1625 te,
936 1566 1030 1626 neque
1059 1555 1092 1608 tu
1117 1549 1206 1625 possis

178 1638 276 1698 venire
297 1637 335 1697 ad
354 1654 410 1713 me,
430 1641 485 1698 nisi
505 1641 536 1697 in
548 1644 741 1698 noctesextae
756 1638 852 1714 serice,
874 1654 948 1713 quae
958 1635 1075 1698 Pascha
1084 1641 1206 1696 vestrum

178 1724 331 1800 praecedit.
374 1725 456 1785 iuno
477 1727 552 1784 enim
573 1723 680 1786 Judaei
699 1724 830 1785 laborare
857 1723 988 1784 dicuntur
1017 1722 1143 1799 quedem
1163 1723 1207 1780 in-

178 1811 319 1886 firmitate,
340 1828 415 1889 quae
436 1812 530 1872 fluxus
550 1813 697 1888 sanguinis
718 1812 837 1887 dicitur,
859 1813 935 1871 circa
956 1827 1042 1887 quam
1065 1809 1207 1886 occupati,

75 1921 76 1934 ¹
178 1897 241 1958 aiiis
261 1904 329 1959 tunc
350 1900 444 1964 minus
464 1897 610 1958 intendere
630 1905 760 1975 possunt
801 1897 924 1959 Juvenis
943 1896 1017 1958 haec
1033 1896 1160 1971 audiens,
1180 1899 1207 1955 et

179 1985 218 2045 ob
239 1987 344 2045 amoris
364 1988 540 2046 nimietatem
560 2001 634 2062 pene
655 1987 765 2046 ratione
787 2001 887 2046 carens
899 1981 925 2064 ¹),
946 1984 1052 2046 oblitus
1073 1983 1208 2042 Christia-

180 2089 235 2132 nae
256 2073 407 2150 religionis,
426 2070 935 2148 immemor'DominioeePassiouis,
954 2077 1040 2132 nocto
1062 2065 1207 2131 eedemed

179 2161 319 2236 virginem
339 2161 433 2234 venit,
461 2165 491 2220 et
518 2176 610 2235 usque
636 2159 675 2220 od
699 2161 871 2220 matutinum
899 2175 966 2220 cum
993 2157 1043 2220 illa
1072 2156 1207 2217 dormivit.

179 2244 311 2308 Judaeus
331 2263 400 2306 vero
421 2252 504 2322 pater
523 2245 636 2322 puellae
657 2253 724 2306 ante
745 2245 840 2308 lucem
868 2262 934 2306 cum
961 2243 1070 2306 lumine
1091 2245 1206 2306 cubicu-
1258 2275 1259 2292 1

180 2331 240 2392 lum
261 2335 382 2409 intrans,
413 2335 493 2393 venit
519 2332 557 2394 cd
582 2333 689 2394 lectum
709 2332 799 2408 filiae,
827 2331 927 2393 volens
948 2331 1046 2393 videre
1068 2325 1207 2407 quomodo

179 2421 300 2494 iaceret,
328 2419 376 2479 vel
404 2422 428 2480 si
459 2420 531 2480 forte
552 2421 656 2496 operiri
676 2435 793 2480 necesse
814 2419 941 2480 haberet.
983 2416 1152 2494 Videasque
1171 2411 1207 2474 ed

178 2505 255 2566 latus
276 2508 337 2566 eius
357 2508 416 2566 iam
437 2506 544 2568 dimum
564 2509 698 2567 iuvenem
727 2507 894 2581 cubantem,
926 2507 1056 2582 expavit
1070 2511 1099 2566 et
1124 2501 1207 2563 inire-

179 2595 265 2668 muit,
296 2598 451 2670 utrumque
480 2593 608 2656 occidere
629 2596 767 2671 cogitem.
811 2592 994 2670 cognoscens
1015 2598 1114 2652 teman
1134 2586 1207 2666 quod

181 2685 257 2739 esset
278 2687 417 2757 cognatus
426 2680 570 2758 Episcopi,
591 2682 691 2741 timore
711 2680 787 2740 111166
807 2697 925 2740 manum
946 2678 1082 2754 cohibuit,
1103 2683 1206 2738 etcum
1258 2721 1259 2724 ,

179 2765 271 2828 multa
298 2768 341 2828 irc
369 2767 554 2828 exclamavit:
597 2765 673 2844 Quid
700 2767 770 2828 facis
797 2767 860 2844 hic,
888 2783 906 2827 o
935 2765 1010 2826 mele
1032 2759 1206 2826 Christiane?

179 2851 238 2914 Ubi
259 2859 303 2913 est
323 2853 395 2914 fides
416 2861 475 2930 tua,
496 2855 546 2914 ubi
568 2860 612 2915 est
632 2853 730 2932 religio
751 2853 824 2914 tua?
859 2853 992 2914 Traditus
1014 2870 1045 2914 es
1066 2855 1140 2913 iusto
1153 2849 1206 2908 Dei
1237 2878 1240 2889 ·

179 2939 284 3001 iudicio
310 2943 339 3000 in
367 2959 469 3002 monus
497 2957 586 3002 meas.
634 2941 666 3002 Si
693 2957 751 3001 nou
779 2943 908 3002 timerem
940 2939 1087 3000 dominum
1114 2952 1205 2998 meum

179 3027 374 3104 Episcopum,
406 3027 492 3090 modo
514 3028 672 3089 occiderem
694 3034 732 3088 te.
773 3027 826 3088 Ille
847 3029 949 3088 timens
971 3033 1000 3088 et
1020 3027 1135 3086 vonirun
1154 3038 1206 3100 po·

181 3114 305 3190 strrlarrs,
332 3132 398 3176 cum
426 3117 552 3176 maxime
579 3115 744 3176 confruione
773 3117 880 3176 eiectus
908 3120 961 3175 est.
1009 3112 1067 3173 Die
1095 3110 1205 3182 eadem,

180 3217 247 3262 cum
267 3201 428 3280 Episcopus
448 3202 586 3264 sollemne
601 3201 732 3264 officium
752 3201 790 3262 ed
814 3217 921 3262 nonam
948 3206 1025 3262 esset
1050 3199 1205 3260 celebretu-

179 3305 237 3364 nrs,
259 3294 288 3348 61
307 3291 418 3352 iuvenis
439 3289 531 3366 idem,
551 3296 652 3366 utpote
672 3288 928 3364 hebdomadarius,
949 3287 1098 3364 epistolam
1117 3285 1205 3344 lectu·

180 3392 238 3451 rus,
259 3378 353 3436 timuit
374 3395 439 3438 cum
460 3383 520 3438 tam
540 3375 688 3437 immundo
709 3377 880 3436 conscientia
901 3374 939 3436 ad
960 3391 1073 3436 sacrum
1082 3373 1205 3432 ministe-

180 3464 254 3521 rium
275 3463 427 3539 accedere,
458 3465 552 3524 timuit
577 3469 694 3541 propter
721 3469 820 3524 notam
847 3462 927 3524 elteri
948 3463 1041 3524 vicem
1051 3456 1072 3540 ²)
1095 3459 1139 3520 die
1158 3453 1205 3516 tali

181 3553 364 3626 committere,
385 3552 479 3630 timuit
499 3557 560 3611 tam
580 3556 663 3626 turpe
683 3555 835 3627 peceatum
856 3555 917 3610 tam
930 3555 1058 3608 recenter
1074 3564 1126 3623 per
1138 3559 1205 3604 con·

180 3637 333 3698 fossionem
354 3637 440 3709 eiicui
461 3640 580 3714 aperire.
621 3635 747 3698 Etcum
775 3638 868 3697 victus
897 3636 1092 3698 erubescentia
1122 3630 1205 3692 sacris

200 3823 230 3893 1)
248 3823 270 3876 i)
288 3831 421 3878 cureret.
440 3852 470 3865 -
490 3822 523 3893 2)
539 3821 581 3878 BG
598 3822 702 3876 vicem
724 3837 817 3876 ruem.
