2594 4302
393 241 448 306 DE
472 243 656 310 CORPORE
679 245 853 311 CHRISTI:
1027 309 1030 318 ,
1092 249 1155 312 205

110 359 215 427 eodem
236 365 322 428 modo
345 385 433 430 unam
455 372 567 446 corpori
589 369 701 446 Christi,
724 369 802 446 quod
823 369 942 448 singulis
964 369 1066 432 diebus
1084 388 1157 433 con-

20 511 26 530 ,
110 451 204 515 licitur
230 472 283 531 per
302 457 467 516 universum
488 455 643 532 mundum,
673 463 814 534 quatenus
835 460 866 517 iu
886 457 943 516 line
964 460 1042 518 vitae
1073 475 1157 520 meae

109 546 191 602 tanto
228 545 332 604 muniri
373 545 478 604 uiatico
518 561 651 606 mererer.
712 544 799 620 Quod
839 551 868 604 et
905 544 1047 606 Dominus
1085 545 1156 604 mihi

109 631 269 705 praestabit
284 625 300 710 ¹)
336 647 391 690 sua
421 629 629 692 misericordia·
673 630 757 694 Unde
789 648 860 708 rogo
890 637 922 690 ut
949 633 1059 692 vocetis
1087 633 1158 692 milri
1246 647 1250 666 ·

108 716 304 791 sacerdotem,
326 733 424 794 aquo
445 718 516 780 illud
538 721 702 795 suscipiam.
746 716 803 794 Qui
826 735 891 778 cum
913 721 1055 796 venisset,
1084 736 1158 780 con-

107 801 231 865 fessione
260 805 420 879 praemissa
446 807 682 880 communicavit,
710 822 836 882 moxque
858 806 987 881 spiritum
1010 807 1159 886 emittens,

107 889 148 950 ad
177 909 244 950 eum
271 893 318 950 cui
344 894 544 968 incorporatus
571 892 665 952 fuerat
688 892 807 951 feliciter
827 893 969 969 migravit.
1013 891 1135 996 Quem
1126 911 1157 954 m

108 978 247 1038 cimiterio
284 978 470 1055 sepelientes,
506 985 566 1038 tam
601 978 710 1056 grando
739 978 907 1039 miraculum
938 967 1158 1056 divulgaverunt

108 1065 225 1142 ubique.
268 1062 472 1128 NOVICIUS:
494 1067 575 1126 Bene
593 1069 651 1130 iam
666 1083 702 1126 ex
723 1065 779 1126 hoc
802 1064 950 1126 considero
974 1065 1052 1141 quod
1073 1084 1156 1128 sacra

108 1153 274 1211 communio
292 1151 370 1212 salus
391 1155 429 1212 sit
449 1155 553 1214 mentis
575 1159 604 1212 et
626 1154 760 1229 eorporis.
803 1150 1038 1213 MONACHUS:
1071 1152 1156 1229 Quod

108 1238 188 1304 salus
220 1241 259 1300 sit
289 1241 408 1315 mentis,
451 1239 542 1302 habes
571 1241 733 1318 exemplum
762 1242 792 1298 in
822 1239 1001 1300 distinctione
1030 1240 1157 1308 secunda

111 1326 237 1404 capitulo
260 1331 343 1385 sexto
365 1326 492 1402 decimo,
521 1327 557 1387 de
579 1326 667 1387 milite
689 1327 825 1387 Remensi
847 1329 894 1404 qui
917 1329 978 1386 eius
1000 1344 1051 1386 esu
1075 1345 1156 1390 com·

110 1418 235 1490 punctus
265 1419 310 1473 est
337 1412 375 1472 ad
399 1417 613 1489 poenitentiam.
657 1413 743 1494 Quod
764 1431 833 1484 vero
856 1413 934 1474 salus
956 1415 993 1476 sit
1014 1417 1158 1495 corporis,

110 1517 170 1560 non
182 1499 276 1560 solum
291 1500 454 1577 exemplum
468 1508 512 1560 est
532 1501 616 1561 nohis
637 1518 774 1576 praeseus
795 1500 876 1560 miles
900 1503 947 1579 qui
971 1503 1031 1561 eius
1052 1503 1157 1562 virtute

112 1594 298 1648 conservatus
320 1593 373 1664 est,
393 1605 430 1648 ne
450 1595 616 1666 moreretur,
637 1587 689 1650 sed
711 1594 740 1648 et
761 1587 891 1650 subiecto
912 1587 1024 1669 plenius
1046 1604 1157 1670 cogno·

109 1691 176 1736 ecee
197 1672 338 1754 exemplo.

491 1847 725 1911 CAPITULUM
750 1849 785 1910 L.

176 1973 225 2034 Dc
246 1973 357 2034 mindo
377 1973 536 2034 socerdotis
559 1991 638 2050 proce
658 1954 759 2049 mado
781 1973 933 2036 Dominici
953 1976 1085 2050 corporis

505 2078 624 2120 sensnm
651 2065 766 2136 recepit.

175 2181 262 2244 Anno
291 2184 445 2258 praeterito
473 2183 505 2241 in
529 2181 617 2242 Wrde
638 2183 754 2242 civitate
775 2180 944 2242 Westlaliae
965 2199 1032 2242 cum
1052 2177 1157 2242 ancilla

109 2270 267 2332 sacerdotis
288 2270 325 2330 de
348 2269 433 2330 domo
455 2285 520 2330 sero
543 2271 645 2343 exiret,
678 2275 707 2329 ct
729 2268 875 2329 diabolum
897 2272 926 2328 in
946 2269 1038 2328 lorma
1059 2271 1157 2329 cuius-

110 2355 178 2418 dam
199 2375 218 2420 a
240 2374 298 2434 quo
320 2357 473 2418 amabatur
494 2359 686 2432 conspiceret,
706 2353 764 2437 in²l
786 2362 905 2432 aspecto
925 2355 1001 2415 illius
1022 2355 1157 2432 horrens,

108 2462 142 2505 se
148 2447 290 2523 signavit,
312 2450 341 2504 et
361 2451 522 2504 monstrum
543 2460 611 2504 mox
634 2443 780 2532 disparuit
824 2441 878 2502 (lul
900 2443 1032 2504 diabolus
1053 2445 1156 2503 lterum

107 2547 253 2609 apparens
275 2535 329 2590 ait.
357 2531 389 2592 Si
415 2549 473 2591 non
494 2530 611 2591 fecisses
634 2522 690 2591 hoc
712 2533 841 2608 signum,
870 2527 987 2590 domum
1007 2533 1076 2590 viva
1095 2547 1156 2590 uon

106 2619 255 2679 intrasses.
298 2617 394 2694 Quam
408 2636 475 2678 cum
488 2625 614 2692 vocaret,
636 2624 666 2678 et
679 2617 729 2676 illa
742 2619 820 2677 exire
833 2622 974 2692 renueret,
994 2618 1155 2677 subiunxit:

107 2706 192 2766 Tolle
221 2711 333 2764 vestem
359 2707 453 2764 istam.
495 2705 566 2765 Erat
594 2707 671 2764 enirn
697 2705 856 2781 stragulata
865 2701 895 2784 ⁵).
937 2703 1022 2780 Quae
1044 2710 1105 2764 tam
1124 2705 1155 2762 in

107 2810 182 2852 voce
205 2808 292 2867 quam
313 2793 344 2848 in
365 2792 482 2851 horrore
504 2791 651 2852 diabolum
671 2791 847 2868 intelligens,
867 2797 1022 2850 retrorsum
1044 2789 1155 2866 cecidit,

109 2885 140 2939 et
168 2893 285 2937 sensum
313 2879 426 2954 penitus
453 2879 557 2937 amisit
598 2877 741 2940 Sacerdos
762 2895 832 2938 vero
852 2877 978 2937 hostiam
1000 2879 1082 2954 quasl
1102 2893 1154 2956 pro

108 2963 237 3026 remedio
266 2966 381 3024 mittens
409 2966 439 3022 in
469 2980 501 3024 os
530 2967 591 3024 eius
619 2981 678 3022 non
707 2965 901 3041 benedictam,
935 2981 1002 3024 cum
1028 2963 1099 3023 nihil
1127 2963 1154 3024 el

108 3050 274 3130 prodesset,
309 3051 398 3127 digito
437 3049 530 3109 saliva
563 3049 724 3119 madefacto
762 3069 866 3130 corpus
902 3051 1020 3110 Domini
1052 3052 1153 3129 tetigit

109 3139 205 3220 Quem
234 3154 300 3198 cum
328 3139 358 3198 in
380 3154 413 3198 os
434 3137 558 3196 misisset
577 3137 719 3212 mulieris,
739 3155 808 3198 mox
828 3137 878 3198 illa
899 3155 1016 3198 sensum
1038 3141 1154 3216 recepit,

107 3226 206 3288 locuta
221 3231 265 3284 est
277 3231 305 3284 et
322 3242 393 3284 sana
410 3225 540 3285 surrexit
582 3223 665 3283 Haec
685 3225 763 3300 apud
783 3241 837 3284 nos
860 3227 1014 3285 canonicus
1036 3225 1153 3301 quidam

107 3314 399 3375 Prasmonstratensis
418 3311 565 3385 recitavit,
586 3327 717 3371 asserens
738 3330 771 3372 se
792 3309 895 3372 eodem
916 3318 1045 3388 tempore
1065 3313 1153 3374 fuisse

107 3404 136 3462 in
157 3397 306 3480 praedicta
327 3401 451 3460 civitate.
493 3397 676 3457 Praedictum
697 3396 895 3479 miraculum)
918 3398 1016 3460 audivi
1037 3415 1056 3458 a
1078 3415 1152 3476 quo-
1193 3402 1195 3406 ’

107 3488 176 3550 dam
203 3487 337 3564 religioso
365 3485 484 3545 Abbate
511 3487 585 3564 nigri
607 3483 721 3544 ordinis.
763 3485 892 3546 Adverte
913 3503 991 3548 nunc
1012 3493 1152 3563 quantum

107 3571 346 3656 consequenturQ
368 3573 486 3633 honoris
507 3570 611 3632 Christi
633 3587 736 3648 corpus
756 3572 940 3634 honorantes.

125 3693 157 3762 l)
173 3691 219 3746 An
237 3687 579 3759 praestabrtrnrlrr
547 3689 630 3758 2)
648 3688 818 3742 Alil’ct
786 3688 865 3759 3)
882 3688 984 3744 diuerso
1002 3688 1087 3744 colore
1103 3704 1151 3742 un

175 3763 248 3817 riute.
274 3758 540 3828 Bstrangulata,
563 3757 860 3827 quotidemvaler-
880 3755 1019 3828 moade
1042 3749 1150 3812 etiim.

178 3831 262 3899 )
229 3830 321 3884 ΒΡ
339 3838 601 3898 consequantur,
618 3825 639 3882 C
657 3835 918 3900 consequuntur
