2642 4330
136 261 198 320 an
341 267 347 284 ·
452 255 680 318 nnsrmcmo
711 253 863 334 numm

137 379 286 440 diabolum
315 386 347 440 ut
375 385 435 456 est,
454 379 565 459 svidero
597 396 655 439 non
682 386 785 456 potest.
827 375 1031 440 NOVICIUS:
1061 373 1183 452 Quare?

137 465 376 528 MONACHUS:
398 467 474 543 Quia
496 464 627 527 diabolus
650 469 765 542 spiritus
788 472 846 542 est,
868 472 899 525 ot
918 467 1062 540 spirltum,
1083 469 1116 522 ut
1137 467 1185 522 ost

138 557 236 631 opinio
265 571 339 630 pene
368 558 497 614 omnium
525 557 739 630 magistrorum,
771 570 829 612 non
857 554 912 610 nisi
940 553 1055 628 spiritus
1082 550 1183 610 videre
1236 543 1241 551 ’

137 641 225 701 valet
273 639 382 700 Vident
414 659 480 706 eum
513 643 625 700 animae
657 641 845 716 reproborum
862 636 879 720 ¹)
913 641 943 697 in
975 637 1094 696 inferno.
1141 636 1184 695 Et

139 730 213 788 sieut
252 745 366 786 summa
402 728 550 789 beatitudo
592 727 747 786 electorum
785 732 829 786 est
852 725 958 785 ridere
989 724 1101 806 Deum,
1139 725 1186 782 ita

139 817 265 874 maxima
298 815 400 874 dieitur
433 832 495 874 esse
527 827 624 890 poena
654 813 738 872 malis
771 825 885 874 eernere
919 811 1075 871 diabolum.
1127 811 1186 870 Vis

140 901 241 962 andire
263 901 441 978 quorundam
463 899 636 977 perieulum,
668 899 749 959 illurn
776 903 806 958 in
827 916 881 959 sua
902 899 1063 958 substantia
1083 896 1185 956 ridere

138 988 317 1048 volentium?
360 986 564 1048 NOVICIUS:
586 985 662 1066 Voip
686 994 715 1046 et
736 987 875 1062 desidero,
898 989 965 1062 quia
987 989 1094 1062 quanto
1115 984 1186 1060 plns

140 1076 264 1136 honon's
286 1081 316 1135 et
336 1075 461 1134 malitiae
485 1075 520 1135 de
541 1075 589 1134 illo
604 1074 730 1150 audiero,
752 1079 832 1134 tanto
845 1074 967 1151 amplius
980 1089 1100 1150 peceare
1113 1088 1186 1148 per·

140 1165 269 1248 timesco.
312 1159 548 1222 MONACHUS:
571 1155 650 1221 Audi
672 1176 749 1238 erge.

473 1341 706 1414 CAPITULUM
727 1343 848 1412 XXIX,

177 1477 225 1534 Da
246 1473 362 1534 Abbate
382 1482 503 1534 earmina
525 1477 670 1551 Aputboe,
691 1475 837 1534 monebo
865 1481 895 1533 at
915 1487 1055 1533 amoenae
1077 1477 1147 1545 asts,

373 1565 426 1637 qut
446 1563 576 1622 viduatas
598 1561 752 1621 diabolum
774 1561 952 1637 defoeernm.

209 1681 286 1743 Ante
314 1681 368 1742 hos
396 1698 487 1743 annos
520 1679 671 1743 duodecim
692 1678 864 1743 Wilhelmus
886 1674 988 1741 Abbas
1018 1680 1053 1740 de
1082 1685 1188 1740 saneta

73 1767 75 1775 '
144 1767 263 1847 Agatha
284 1769 432 1830 Dioeeesis
454 1769 637 1845 Leodiensis,
659 1782 734 1846 quae
757 1777 800 1829 est
822 1768 924 1829 domus
946 1765 1052 1828 ordinis
1075 1767 1187 1826 Cister-

145 1857 262 1931 oiensis,
285 1856 354 1916 dum
374 1863 502 1934 tempore
525 1857 651 1933 quodam
671 1859 762 1916 iturus
784 1863 860 1916 esset
880 1856 1083 1915 Eberbaohum
1095 1849 1125 1933 ²),
1146 1853 1190 1914 ad

147 1960 234 2019 quarn
255 1945 378 2020 pertinet
401 1945 502 2004 domus
523 1943 586 2019 iila,
607 1947 789 2019 venissetque
812 1940 970 2018 Coloniam,
992 1935 1062 2000 dixit
1081 1959 1190 2002 mona-

147 2031 201 2090 oho
232 2047 283 2090 suo
313 2037 400 2106 atque
429 2043 568 2090 converso
591 2025 726 2107 Adolpho
755 2032 884 2090 nomine:
907 2027 987 2106 Opus
1010 2034 1054 2088 est
1072 2031 1190 2087 miseri-

146 2117 274 2192 cordiae,
296 2124 328 2176 ut
348 2117 497 2177 videamus
520 2119 669 2177 obsessam
689 2116 781 2193 illam,
803 2135 969 2194 germanam
991 2116 1098 2176 seilicet
1119 2115 1190 2176 talis

146 2205 278 2264 conversi
298 2208 387 2264 nostri
410 2203 445 2264 de
466 2201 655 2279 Eberbaeho,
683 2212 715 2262 ut
742 2222 794 2280 per
814 2222 868 2264 nos
891 2206 956 2264 eius·
976 2199 1023 2262 ille
1045 2207 1150 2262 statum
1164 2200 1189 2282 ³)

146 2298 310 2368 cognoseat.
355 2291 439 2368 Quod
462 2292 602 2351 cumillis
624 2290 786 2367 placuisset,
809 2297 838 2350 et
860 2289 985 2366 domum,
1006 2292 1036 2349 in
1058 2307 1115 2365 qua
1135 2287 1191 2350 illa

147 2396 213 2438 eum
227 2377 324 2436 multis
346 2384 375 2437 et
395 2380 469 2438 inter
483 2378 587 2438 multos
606 2377 707 2437 sedens
731 2385 799 2452 erat,
820 2380 981 2452 intrassent,
1004 2394 1069 2437 enm
1082 2372 1190 2436 Abbas

146 2467 244 2525 neseio
266 2464 342 2524 unde
365 2460 458 2545 eam‘)
480 2465 674 2542 interrogaret,
696 2471 725 2524 et
745 2465 794 2524 illa
810 2461 1008 2523 nihil-omnino
1026 2462 1190 2539 responde-

146 2558 198 2626 ret,
220 2552 378 2610 subiunxit:
400 2552 453 2612 Vis
476 2550 583 2628 aliquid
606 2552 741 2612 mandate
763 2553 842 2610 fratri
860 2550 934 2610 tuo?
974 2549 1028 2609 Illa
1050 2551 1190 2610 obmute-

147 2645 258 2713 scente,
288 2637 391 2698 adteoit
417 2637 532 2698 Abbasz
562 2638 672 2697 Adiuro
699 2645 728 2698 te
755 2656 806 2716 per
835 2655 900 2698 eum
930 2655 1016 2713 quem
1044 2635 1129 2697 hodie
1155 2639 1190 2697 in

146 2721 235 2784 missa
255 2727 390 2800 tractavi,
419 2731 451 2784 ut
470 2725 645 2803 respondeas
667 2726 744 2784 mihi.
787 2725 859 2784 Mox
881 2723 995 2784 diabolo
1018 2723 1190 2802 obediente,

147 2819 177 2871 et
203 2828 256 2888 per
285 2829 317 2872 os
344 2813 466 2871 feminae
496 2812 534 2872 ad
561 2816 735 2888 interrogata
762 2811 968 2887 respondente,
996 2816 1112 2888 'rogatus
1141 2819 1191 2871 est

147 2899 250 2958 Abbas
279 2893 340 2958 tani
368 2917 387 2958 a
416 2915 554 2958 converso
588 2903 675 2974 quam
704 2896 899 2974 amonaeho,
928 2906 961 2958 ut
988 2897 1067 2958 iilam
1099 2915 1190 2973 snper
1229 2935 1232 2939 -

47 3025 49 3034 ‚
148 2985 283 3046 solarium
304 2983 430 3061 duceret,
452 2991 592 3061 quatenus
613 2987 725 3061 privato
749 2989 809 3045 eius
831 2987 872 3045 uti
892 2993 1010 3061 possent
1033 2983 1189 3060 colloquio.

149 3073 233 3150 Quod
248 3089 313 3132 oum
326 3073 434 3132 santum
446 3079 529 3148 esset,
544 3080 572 3131 et
587 3072 623 3132 de
638 3072 755 3132 diversis
771 3073 807 3131 ab
822 3072 939 3132 Abbate
954 3069 1085 3131 diabolus
1094 3074 1190 3130 inter-

147 3167 303 3238 rogaretur,
326 3167 354 3220 et
367 3155 565 3234 respondendo
587 3161 669 3218 nimis
682 3161 856 3234 mentiretur,
877 3162 929 3218 ait:
951 3157 1062 3217 Adiuro
1083 3163 1111 3216 te
1133 3176 1193 3234 per

148 3246 335 3320 Altissimum,
357 3253 460 3306 utnon
480 3248 535 3304 nisi
548 3262 618 3306 vera
638 3239 707 3304 mihi
721 3245 903 3322 respondeas·
937 3239 1022 3322 Quod
1035 3260 1100 3305 cum
1113 3263 1191 3322 pro-

147 3335 279 3407 misisset,
300 3335 381 3393 iussit
405 3333 579 3392 monachum
600 3340 686 3409 atque
712 3343 881 3393 conversum
891 3329 910 3414 ⁵)
930 3332 1078 3407 paululum
1100 3349 1191 3392 sece-

98 3465 101 3473 ,
149 3420 223 3481 dere.
247 3420 340 3497 Quem
356 3435 422 3479 oum
434 3422 638 3496 interrogasset
655 3419 690 3507 de
706 3425 783 3480 statu
802 3418 980 3496 quarundam
994 3422 1154 3480 animarum
1164 3419 1190 3502 ⁶)

166 3556 197 3624 t)
215 3554 235 3608 G
253 3554 301 3606 add
320 3555 502 3620 impiorum.
522 3583 553 3594 -
572 3555 605 3622 2]
622 3553 779 3608 iiberbseurn
801 3569 880 3621 propa
898 3553 985 3606 orbern
1004 3555 1188 3622 nogunrnrm.

219 3653 249 3663 -
270 3625 301 3691 3)
319 3623 339 3675 Β
357 3639 415 3675 nos
439 3624 497 3676 ilio
515 3633 633 3676 statum
651 3625 736 3689 eius,
758 3621 780 3675 D
803 3639 860 3676 nos
884 3625 955 3674 eius
980 3632 1097 3676 statum
1115 3623 1188 3676 ille.

219 3721 250 3734 -··
273 3694 306 3762 t)
324 3691 365 3745 Bo
388 3709 456 3746 earn
480 3697 596 3747 neseio
619 3693 711 3746 unde.
735 3721 766 3734 -u
790 3693 822 3761 6)
839 3691 881 3745 BG
903 3693 1060 3745 monacho
1084 3702 1189 3762 atque

217 3778 390 3816 converso.
420 3792 448 3804 -
480 3764 511 3830 6)
538 3763 602 3816 ADP
628 3765 822 3824 animarum,
849 3761 986 3816 fratrum
1013 3762 1187 3816 videlieet.

106 3913 110 3918 Ι
217 3832 289 3886 conf.
307 3833 411 3886 similem
429 3835 511 3887 lorum
528 3836 555 3886 in
571 3833 620 3886 vn.
639 3833 664 3886 8.
682 3832 788 3902 Engalb.
806 3831 837 3898 11,
856 3832 896 3886 16.
913 3841 917 3852 “
