2594 4302
198 287 259 348 194
532 228 761 352 amulricum
782 281 894 346 NONA

193 404 315 466 verbum
343 401 426 465 valde
448 412 623 483 commotus,
652 406 722 466 dixit
748 405 901 468 militibusr
929 403 990 480 Its,
1018 409 1048 466 et
1066 401 1219 480 suspendite

192 491 283 552 dium.
324 491 430 552 Milites
453 491 644 554 obedientiam
658 493 833 569 simulantes,
853 499 1008 570 postquam
1030 493 1136 569 egressi
1155 495 1220 564 sunt,

193 578 325 641 dixerunt
345 579 541 640 adinvicem:
570 580 610 640 Si
625 580 813 642 occiderimus
834 581 968 641 iuvenem
994 579 1072 639 hunc
1091 576 1221 651 nobilem,

193 671 224 726 et
244 663 376 726 dominus
396 673 494 726 noster
514 669 589 727 sicut
610 667 754 743 opinabile
782 674 827 728 est
847 683 915 728 mox
926 664 944 747 ¹)
971 673 1101 727 mornrus
1131 665 1220 738 inerit,

192 751 240 812 vel
268 758 359 812 morte
387 753 604 829 mulctabimus,
624 754 673 814 vel
699 757 802 814 erimus
824 761 959 815 extorres.
1003 752 1109 814 Omnia
1134 758 1222 810 tamen

191 841 289 899 iuveni
315 841 494 914 intimantes,
522 846 552 900 et
579 847 612 900 ut
636 844 815 917 praesentiae
843 839 978 902 avunculi
999 857 1030 900 se
1051 839 1225 900 subtiaheret

192 932 416 1000 commonentes,
434 933 501 1003 post
514 926 600 986 horas
613 928 723 1004 aliquas
738 928 776 988 ad
799 928 945 988 dominum
967 946 1052 987 suum
1072 922 1224 1004 ingressu),

192 1030 224 1073 se
254 1015 315 1073 eius
340 1014 474 1090 implesse
500 1015 667 1075 mandatum
688 1011 911 1076 affirmaverunt.
953 1013 1062 1091 Quinto
1090 1029 1159 1074 vero
1185 1011 1224 1070 die

191 1103 302 1160 iuvenis
337 1104 491 1160 aestimans
525 1102 700 1162 avunculum
728 1102 764 1162 de
803 1103 889 1180 culpa
918 1119 981 1161 esse
1010 1101 1158 1178 placetum
1184 1097 1225 1158 vel

191 1190 399 1263 immemorem,
434 1195 533 1265 aperto
568 1191 641 1248 ostio
676 1191 851 1265 introspexit.
909 1187 1003 1265 Quem
1037 1194 1070 1247 ut
1106 1185 1225 1246 infirmus

192 1277 348 1352 conspexit,
367 1276 465 1335 verbis
478 1274 589 1334 blandis
603 1275 750 1335 advocans
759 1273 779 1355 ³)
800 1279 881 1336 iuxta
902 1291 933 1335 se
956 1274 1055 1334 sedere
1076 1275 1226 1350 praecepit

191 1361 257 1422 Uno
279 1379 348 1422 vero
371 1362 488 1423 brachio
511 1362 615 1422 collum
637 1365 698 1426 eius
720 1366 870 1440 stringens,
895 1368 925 1422 et
946 1379 1034 1422 manu
1056 1361 1149 1421 altera
1170 1359 1225 1419 cul-

190 1448 291 1510 tellum
320 1466 403 1508 suum
425 1449 499 1508 elam
522 1448 688 1524 extrahens,
720 1453 827 1526 gutturi
849 1451 909 1510 eius
930 1449 1036 1523 infixit,
1068 1455 1099 1510 et
1122 1448 1226 1507 occidit

191 1534 249 1612 Qui
271 1552 337 1595 cum
355 1532 501 1616 planetu⁴)
524 1543 553 1596 el
575 1535 672 1596 dolore
694 1537 848 1598 multorum
869 1537 970 1612 elutus,
992 1538 1045 1596 toti
1065 1537 1226 1611 provinciae

189 1624 309 1682 incussit
322 1622 476 1682 horrorem.
520 1622 578 1682 Sed
596 1629 625 1682 et
636 1623 819 1685 Erkenbaldo
833 1622 948 1684 additus
964 1629 1008 1684 est
1029 1622 1114 1682 dolor
1135 1622 1227 1695 dolori,

190 1709 264 1770 adeo
286 1715 319 1768 ut
338 1709 531 1770 invalescente
550 1709 715 1770 infirmitate
735 1728 787 1787 pro
805 1710 950 1787 Episcopo
971 1712 1111 1784 mitteret,
1133 1716 1228 1786 petens

190 1814 304 1856 sacrum
338 1797 391 1856 ribi
425 1813 528 1873 corpus
564 1795 673 1857 deferri.
727 1797 785 1874 Qui
817 1816 882 1858 cum
915 1799 1053 1872 venisset,
1088 1796 1139 1856 illc
1168 1813 1226 1856 eum

190 1883 286 1944 multis
307 1882 431 1944 lacrimis
457 1891 486 1942 et
508 1885 676 1944 contritione
709 1884 801 1944 cordis
824 1887 919 1944 omnia
939 1888 1065 1960 peecata
1083 1901 1140 1944 sua
1162 1901 1226 1944 eon·

189 1970 282 2032 lessus
317 1978 374 2045 est,
411 1974 499 2031 tacite
534 1977 631 2032 tamen
659 1974 771 2031 iuvenis
798 1971 1001 2032 interiectione.
1050 1969 1148 2047 Super
1176 1985 1226 2046 quo

189 2057 350 2134 Episcopus
379 2060 512 2131 miratus,
548 2057 707 2134 respondit:
742 2058 837 2135 Quare
872 2059 1021 2118 subticetis
1048 2058 1227 2135 parricidium

190 2145 269 2222 quod
298 2147 478 2205 commisistis
500 2147 530 2204 in
552 2153 706 2222 cognatum
727 2144 876 2206 vestrum?
926 2145 1050 2204 Dicente
1070 2144 1134 2220 illo,
1166 2145 1227 2204 luit·

189 2250 226 2292 ne
247 2232 304 2292 hcc
324 2231 495 2307 peceatum?
517 2232 639 2292 subiecit
659 2233 834 2309 Episcopus:
863 2233 972 2305 Etiam,
1001 2228 1119 2292 cmdcle
1141 2233 1228 2292 nimis.

189 2319 228 2378 Et
248 2319 312 2379 ille:
339 2318 401 2395 Ego
424 2336 518 2394 neque
539 2326 690 2394 peccatum
712 2319 823 2394 iudico,
850 2336 944 2395 neque
965 2336 984 2378 a
1005 2318 1070 2378 Deo
1093 2319 1165 2378 milri
1185 2335 1227 2376 re-

147 2419 151 2428 ·
189 2409 263 2465 mitti
297 2404 430 2481 deposco.
487 2405 692 2483 Respondentc
725 2407 886 2482 Episcopo,
921 2422 974 2483 ego
1009 2406 1094 2466 vobis
1129 2405 1228 2465 Christi

190 2510 294 2570 corpus
315 2510 372 2551 non
395 2492 521 2568 nedum,
542 2495 597 2552 nisi
617 2493 800 2570 parricidium
821 2493 897 2554 idem
920 2490 1128 2569 confiteamini3
1162 2493 1227 2552 sub·

189 2583 280 2640 iunxit
307 2582 351 2638 vir
380 2580 496 2639 nobilis:
531 2579 634 2640 Sciatis
655 2598 701 2640 me
725 2577 867 2658 domine⁵)
903 2579 983 2638 illum
1012 2597 1070 2638 non
1092 2580 1227 2640 occidisse

190 2685 227 2728 ex
254 2667 351 2743 aliquo
380 2684 498 2726 rancore
527 2669 588 2726 sive
615 2675 696 2726 motu
721 2670 793 2742 irae,
823 2666 874 2726 sed
903 2666 1083 2725 solummodo
1113 2685 1152 2727 ex
1178 2666 1227 2724 Dei

189 2757 299 2828 timore,
321 2754 440 2829 ueloque
454 2756 588 2814 iustitiae.
629 2753 785 2830 Nunquam
807 2754 910 2830 aliquis
932 2753 1021 2812 lilium
1043 2757 1149 2813 sororis
1171 2753 1227 2829 plus

189 2841 306 2924 diligere
320 2844 420 2917 potuit,
444 2859 530 2918 quam
545 2858 600 2918 ego
617 2841 698 2900 illum
712 2841 806 2900 dilexi.
849 2841 881 2902 Si
899 2840 968 2900 mihi
989 2859 1094 2916 corpus
1115 2839 1227 2900 Domini

188 2932 246 2989 mei
267 2925 454 3006 negaveritis,
483 2945 537 3005 ego
566 2927 606 2988 illi
635 2945 739 3004 eorpus
762 2934 791 2988 et
812 2931 937 2988 animam
958 2945 1053 2990 meam
1075 2929 1226 2987 committo.

188 3016 272 3076 Haec
281 3009 302 3096 ⁶)
333 3018 408 3074 enim
431 3015 501 3075 dixit
523 3021 552 3075 et
573 3017 632 3092 egit
652 3022 769 3091 propter
791 3013 969 3092 exemplum,
998 3032 1034 3073 ne
1055 3015 1182 3076 iustitiae
1203 3018 1227 3071 et

187 3103 294 3163 iudicio
324 3099 460 3179 derogare
488 3101 640 3162 videretur.
683 3102 742 3162 Vix
771 3104 846 3163 enim
868 3102 1000 3162 Pontifex
1019 3101 1107 3162 limen
1130 3101 1226 3161 domus

189 3207 321 3268 egressus
343 3189 449 3263 suerat,
477 3195 506 3248 et
528 3207 594 3250 eece
616 3196 751 3266 aegrotus
773 3207 839 3250 eum
860 3191 1008 3250 revocavit
1030 3187 1142 3248 dicens:
1171 3187 1227 3246 Re·

189 3278 330 3337 vertimini
350 3275 465 3336 domine
486 3276 643 3353 Episcope,
675 3279 856 3338 revertimini.
899 3275 1004 3336 Videte
1031 3277 1056 3348 si
1075 3277 1106 3334 in
1135 3271 1226 3350 pixide

188 3365 321 3424 habeatis
347 3379 452 3438 corpus
481 3362 593 3424 Christi.
636 3363 720 3439 Quod
751 3365 817 3424 cuni
838 3363 968 3438 iecisset,
996 3379 1050 3422 nee
1072 3360 1226 3437 aliquidin

190 3469 225 3514 ea
246 3452 411 3528 reperisset,
433 3449 579 3510 subiunxit
599 3449 661 3512 ille:
688 3451 780 3526 Ecce,
803 3468 889 3526 quem
910 3449 980 3508 mihi
1000 3451 1141 3525 negastis,
1169 3450 1225 3522 ipse

189 3556 221 3600 se
242 3538 312 3598 mihi
333 3554 391 3596 nou
403 3541 529 3615 negavit.
557 3537 757 3614 Apparuitque
779 3538 873 3600 hostia
894 3538 923 3596 in
945 3552 995 3596 ors
1017 3538 1087 3598 eius.
1114 3535 1155 3594 Et
1174 3536 1225 3593 im·

95 3767 100 3776 .
207 3726 239 3795 l)
257 3741 325 3778 mox
343 3723 415 3775 abest
431 3739 448 3775 a
465 3722 543 3776 libris.
561 3753 593 3762 -
613 3723 646 3792 2)
664 3722 704 3776 ΒΟ
721 3726 878 3794 regressi.
899 3753 929 3764 -
949 3723 981 3790 3)
999 3721 1163 3774 advocans
1180 3715 1224 3770 add

258 3795 308 3846 Bc.
328 3823 358 3832 -
378 3793 448 3862 dJB
470 3793 606 3860 planetu
630 3809 751 3863 magno.
771 3823 801 3836 -
822 3795 854 3862 5)
870 3793 910 3848 (ΞΡ
927 3791 1056 3846 domiue
1072 3807 1128 3844 me.
1148 3821 1177 3832 -
1196 3787 1224 3853 6)

257 3863 278 3917 B
296 3863 364 3917 hoc.
400 3862 472 3914 nont.
490 3862 531 3928 lll,
548 3862 590 3916 22.
