2538 4314
172 290 231 350 102
472 288 700 352 Dismuculo
719 288 902 351 SECUNDA

169 412 310 473 tenebras.
363 411 475 471 Deinde
503 414 599 472 veniet
632 411 692 472 dies
720 412 831 473 habens
862 411 1068 489 longitudinem
1095 411 1205 472 dierum

145 499 148 517 '
171 499 301 558 duorum.
324 553 328 560 ,
349 499 420 558 Post
448 500 696 559 obumbrationem
714 496 730 580 ¹)
753 507 850 559 autem
882 501 965 576 solis,
994 503 1099 559 scietur
1127 501 1205 575 qnod

58 598 62 609 ’
170 586 291 646 crudelis
304 587 404 652 ¹bestia
426 587 615 645 ostentabitur
637 585 737 646 decem
750 579 889 662 tribubus,
911 603 985 662 quae
999 587 1116 646 clausae
1131 595 1204 645 sunt

169 672 374 748 Unusquisque
394 673 477 748 felix,
499 673 607 732 scilicet
627 689 756 733 meomm
778 675 973 733 membrorum
985 671 1015 748 ²),
1036 676 1220 750 sanguinem.

169 759 282 834 fundet,
315 761 450 836 quoniam
478 766 547 820 tunc
580 763 792 835 persecutiones
827 763 963 836 antiquae
994 762 1157 836 aperientur
1175 757 1205 839 ³).

168 846 280 906 Idcirco
301 849 498 922 unusquisque
519 847 587 906 felix
613 854 764 923 praeparet
785 865 831 921 sc,
860 849 900 906 ita
929 853 962 906 ut
982 854 1058 906 recte
1079 850 1161 906 vivat
1175 850 1204 906 in

170 933 226 993 hac
247 934 328 992 brevi
349 936 417 992 vita.
459 934 532 993 Post
557 932 629 993 baec
661 935 747 994 frater
773 933 872 992 Simon
885 928 907 1013 ⁴)
935 934 1007 993 vidit
1034 933 1204 994 daemonem

169 1021 318 1080 loricatum
340 1026 368 1078 et
394 1020 553 1096 galeatum,
586 1019 740 1079 habentem
767 1038 903 1097 squamas
931 1027 1070 1096 tanquam
1101 1023 1204 1096 piscis,

170 1110 218 1183 qui
238 1114 359 1166 vocatur
381 1123 476 1182 carpo.
518 1107 648 1182 Popiliae
671 1107 819 1167 oculorum
841 1109 901 1166 eius
929 1114 1020 1166 tetrae
1042 1112 1070 1165 et
1098 1107 1205 1167 arden·

170 1201 229 1269 tes,
258 1192 425 1272 tanquams)
453 1193 560 1266 iacula,
587 1207 662 1269 qnae
691 1213 710 1253 a
737 1200 824 1253 vento
853 1197 985 1271 agitatur.
1027 1193 1075 1252 De
1105 1210 1155 1254 ore
1177 1200 1205 1253 et

169 1283 286 1340 naribus
308 1283 368 1338 eius
389 1280 565 1355 procedebat
585 1280 701 1340 flamma
722 1281 884 1356 sulphurea.
927 1281 1036 1340 Dentes
1058 1283 1121 1340 eius
1135 1299 1204 1357 par·

171 1369 221 1426 tim
242 1367 315 1441 albi,
340 1369 446 1442 partim
473 1366 626 1442 sulphurei.
647 1409 648 1412 ,
669 1367 741 1426 Post
762 1368 835 1427 hacc
855 1369 933 1426 sacta
962 1375 1006 1427 est
1033 1384 1105 1426 vox:
1134 1367 1205 1426 Post

169 1454 448 1514 contenebrationem
480 1454 548 1512 solis
581 1455 733 1514 suscitabit
766 1455 887 1514 crudelis
915 1455 1009 1514 bestia
1037 1461 1101 1514 arte
1128 1454 1205 1513 mala

170 1540 311 1616 quosdam
331 1538 460 1599 Judaeos
482 1547 619 1616 tanquam
641 1559 659 1599 a
680 1544 814 1616 mortuis,
842 1543 891 1617 qui
918 1549 1015 1600 tamen
1041 1558 1102 1600 non
1124 1547 1204 1600 erunt

169 1626 294 1701 Judaei,
326 1627 378 1686 sed
397 1627 462 1685 salsi
482 1629 592 1701 nuncii,
621 1627 747 1687 dicentes
769 1645 800 1687 se
822 1646 841 1687 a
861 1630 980 1688 mortuis
1001 1630 1202 1702 resurrexisse,

168 1712 373 1774 verisJudaeis
394 1731 476 1789 spem
496 1731 603 1792 vanam
623 1717 830 1790 promittentes,
852 1718 930 1774 etin
952 1713 1121 1774 infidelitate
1142 1733 1202 1788 sua,

168 1803 245 1863 etin
267 1818 359 1860 errore
380 1799 510 1859 Judaeos
530 1801 669 1874 foventes,
692 1807 721 1860 et
737 1802 842 1861 multos
865 1802 1046 1877 decipientes,
1091 1802 1130 1860 Et
1150 1801 1202 1861 ad-

169 1885 278 1967 ieoit⁶):
302 1886 467 1962 OOolonia,
489 1887 607 1968 deplora
629 1887 805 1948 calamitates
826 1895 900 1963 tuas,
923 1906 996 1964 quae
1018 1890 1136 1949 venient
1144 1889 1202 1962 tibi,

167 1977 303 2051 quoniam
323 1992 381 2033 non
403 1975 553 2038 solnmex
575 1975 660 2051 culpa
681 1974 768 2034 solius
790 1976 943 2051 Episcopi,
976 1974 1027 2034 sed
1059 1978 1147 2035 etiam
1168 1992 1203 2033 ex

167 2064 310 2122 communi
330 2067 450 2137 peccato
472 2064 588 2120 venient
608 2061 685 2120 mala
707 2062 878 2137 supradicta.
921 2062 1201 2138 Vemmtamenipse

165 2149 324 2225 Episcopus
345 2150 497 2224 plurimum
519 2147 605 2210 debet
627 2148 731 2223 dolere,
753 2151 888 2224 quoniam
909 2151 971 2224 ipse
993 2149 1127 2208 omnibus
1140 2148 1200 2208 aliis

166 2242 209 2295 est
229 2235 384 2311 praelatus.
426 2235 511 2294 Hanc
532 2238 672 2296 visionem
693 2243 851 2295 conventus
872 2243 969 2295 noster
990 2237 1096 2296 missus
1117 2253 1199 2311 super

165 2319 320 2404 montem⁷)
343 2321 517 2398 Strombcrg,
539 2321 645 2381 ibidem
666 2325 778 2397 reperit.
819 2322 932 2382 Eodem
953 2339 1028 2382 anno
1051 2331 1138 2398 capta
1159 2328 1199 2382 est

164 2408 326 2490 Jenrsalem
354 2414 383 2467 et
410 2415 486 2467 terra
515 2415 628 2484 sancta,
664 2409 742 2484 quod
777 2411 806 2468 in
836 2408 938 2480 eadem
965 2411 1076 2468 visione
1108 2409 1198 2468 fuerat

164 2495 351 2570 praedictum.
394 2494 596 2554 NOVICIUS:
630 2496 897 2571 Interpretationem
931 2496 1015 2554 huius
1047 2497 1165 2554 visionis
1176 2492 1196 2573 ⁸)

163 2599 249 2642 nosse
271 2581 409 2642 desidero.
452 2581 687 2642 MONACHUS:
716 2583 825 2642 Partim
852 2584 921 2642 milri
943 2590 1065 2642 tractare
1087 2582 1197 2641 videtur

165 2669 200 2728 de
228 2669 291 2744 bis,
323 2686 397 2744 quae
428 2671 532 2729 uostris
560 2670 735 2744 temporibus
756 2665 943 2746 'contigerunt
970 2672 999 2727 in
1021 2669 1195 2745 Episcopatu

164 2755 333 2830 Coloniensi,
354 2758 458 2832 partim
480 2756 516 2815 de
538 2754 664 2814 adventu
685 2755 862 2816 Antichristi.
906 2756 991 2833 Quod
1011 2756 1195 2817 autemlacta

163 2844 198 2902 sit
219 2842 292 2902 haec
324 2842 459 2902 revelatio
488 2862 517 2902 m
538 2843 715 2918 Episcopatu
738 2843 912 2919 Coloniensi,
946 2850 974 2904 et
1002 2843 1040 2902 ad
1069 2843 1193 2902 eiusdem

161 2930 310 2990 Dioecesis
330 2929 520 3006 Episcopum,
550 2947 585 2989 ex
614 2930 671 2989 fine
700 2933 761 2990 eius
791 2931 913 3008 collig03
942 2929 993 2990 sed
1022 2932 1086 3006 quis
1114 2930 1194 2988 fuerit

161 3017 236 3076 idem
258 3013 402 3096 S'nnon⁹),
433 3019 547 3093 penitus
568 3020 678 3093 ignoro.
720 3018 870 3077 Pastorem
895 3018 972 3076 huno
1006 3020 1192 3092 superiorem,

159 3102 326 3179 Adelphum
346 3104 521 3179 Episcopum
542 3103 676 3181 intelligo,
699 3107 747 3181 qui
768 3110 975 3180 postmortem
996 3103 1112 3163 Henrici
1133 3103 1191 3161 Im-

159 3193 297 3265 peratoris
318 3194 401 3265 quasi
421 3191 523 3249 venale
545 3190 700 3272 Imperium
723 3191 849 3266 habens,
871 3209 982 3251 veneno
1004 3193 1139 3250 avaritiae
1161 3206 1191 3247 se

157 3280 251 3352 ipsum
271 3278 378 3351 infecit,
404 3277 600 3352 plurimosque
621 3279 767 3338 interiecit.
810 3279 871 3338 Nee
892 3281 996 3336 mirum
1014 3275 1052 3358 ¹⁰).
1093 3277 1191 3336 Posuit

157 3365 233 3422 enim
255 3380 304 3423 oor
325 3381 424 3438 suum,
445 3363 475 3422 id
497 3371 555 3437 est,
578 3364 726 3424 consilinm
748 3383 846 3440 suum,
868 3367 897 3423 in
918 3371 1031 3424 ventres
1053 3364 1189 3441 luporum,

174 3584 204 3652 1)
221 3583 264 3637 Bc
280 3583 525 3636 umbrationem.
544 3613 576 3623 -
595 3585 628 3652 2]
647 3584 689 3636 Bi)
707 3539 920 3638 membrorum
942 3600 1089 3638 meorum.
1108 3611 1138 3622 -
1157 3580 1187 3646 3)

222 3653 301 3707 verba
318 3655 517 3776 canoniam-
537 3659 732 3721 aperientur
758 3670 799 3706 om
817 3655 844 3707 P.
864 3686 894 3695 —
922 3657 955 3723 4)
973 3656 1075 3708 Simon
1101 3666 1142 3704 om
1158 3649 1185 3702 B.

223 3754 253 3763 —
274 3724 305 3792 5)
361 3725 506 3791 qnasi—
526 3723 557 3791 6)
576 3732 608 3774 et
631 3723 755 3775 adiecit
773 3741 813 3776 orn
831 3725 924 3779 BE-
944 3727 975 3794 7)
993 3732 1129 3778 montem
1146 3735 1185 3772 om

219 3793 247 3846 G.
266 3823 297 3832 -
317 3791 954 3860 8)debitavetevioninconr.1V,5³.-
975 3795 1007 3863 9)
1026 3795 1128 3848 Simon
1145 3805 1183 3843 om

217 3862 246 3914 B.
267 3892 297 3901 —
318 3863 366 3930 10)
383 3878 442 3914 nec
467 3863 576 3914 mirum
594 3877 636 3914 orn
653 3862 680 3914 P.
1109 3858 1111 3872 '
