<?xml version="1.0" encoding="UTF-8"?>
<!DOCTYPE html PUBLIC "-//W3C//DTD XHTML 1.0 Transitional//EN"
    "http://www.w3.org/TR/xhtml1/DTD/xhtml1-transitional.dtd">
<html xmlns="http://www.w3.org/1999/xhtml" xml:lang="en" lang="en">
 <head>
  <title>
</title>
<meta http-equiv="Content-Type" content="text/html;charset=utf-8" />
  <meta name='ocr-system' content='tesseract 3.04.00' />
  <meta name='ocr-capabilities' content='ocr_page ocr_carea ocr_par ocr_line ocrx_word'/>
</head>
<body>
  <div class='ocr_page' id='page_1' title='image "./caesariiheister05stragoog/caesariiheister05stragoog_0671.png"; bbox 0 0 2594 4302; ppageno 0'>
   <div class='ocr_carea' id='block_1_1' title="bbox 180 251 903 316">
    <p class='ocr_par' dir='ltr' id='par_1_1' title="bbox 180 251 903 316">
     <span class='ocr_line' id='line_1_1' title="bbox 180 251 903 316; baseline 0 -2"><span class='ocrx_word' id='word_1_1' title='bbox 180 256 242 314; x_wconf 79' lang='lat'>246</span> <span class='ocrx_word' id='word_1_2' title='bbox 494 251 722 316; x_wconf 79' lang='lat' dir='ltr'><strong>DISTINGTIO</strong></span> <span class='ocrx_word' id='word_1_3' title='bbox 746 252 903 314; x_wconf 79' lang='lat' dir='ltr'>DECIMA</span> 
     </span>
    </p>
   </div>
   <div class='ocr_carea' id='block_1_2' title="bbox 536 442 867 508">
    <p class='ocr_par' dir='ltr' id='par_1_2' title="bbox 536 442 867 508">
     <span class='ocr_line' id='line_1_2' title="bbox 536 442 867 508; baseline 0 -5"><span class='ocrx_word' id='word_1_4' title='bbox 536 442 770 508; x_wconf 82' lang='lat' dir='ltr'>CAPITULUM</span> <span class='ocrx_word' id='word_1_5' title='bbox 800 443 867 504; x_wconf 87' lang='lat' dir='ltr'>XL.</span> 
     </span>
    </p>
   </div>
   <div class='ocr_carea' id='block_1_3' title="bbox 221 563 1182 727">
    <p class='ocr_par' dir='ltr' id='par_1_3' title="bbox 221 563 1182 727">
     <span class='ocr_line' id='line_1_3' title="bbox 221 563 1182 642; baseline 0 -19"><span class='ocrx_word' id='word_1_6' title='bbox 221 565 295 625; x_wconf 81' lang='lat' dir='ltr'>ltcm</span> <span class='ocrx_word' id='word_1_7' title='bbox 318 563 354 624; x_wconf 81' lang='lat' dir='ltr'>dc</span> <span class='ocrx_word' id='word_1_8' title='bbox 375 564 509 624; x_wconf 64' lang='lat' dir='ltr'>ababa</span> <span class='ocrx_word' id='word_1_9' title='bbox 531 583 609 642; x_wconf 80' lang='lat' dir='ltr'>quoe</span> <span class='ocrx_word' id='word_1_10' title='bbox 629 569 710 626; x_wconf 71' lang='lat' dir='ltr'>abac</span> <span class='ocrx_word' id='word_1_11' title='bbox 731 574 802 626; x_wconf 83' lang='lat' dir='ltr'>suot</span> <span class='ocrx_word' id='word_1_12' title='bbox 823 565 933 624; x_wconf 85' lang='lat' dir='ltr'>codcm&#39;</span> <span class='ocrx_word' id='word_1_13' title='bbox 946 572 1075 640; x_wconf 83' lang='lat' dir='ltr'>tempore</span> <span class='ocrx_word' id='word_1_14' title='bbox 1095 567 1182 624; x_wconf 70' lang='lat' dir='ltr'>iuxta</span> 
     </span>
     <span class='ocr_line' id='line_1_4' title="bbox 280 650 962 727; baseline -0.001 -16"><span class='ocrx_word' id='word_1_15' title='bbox 280 674 283 679; x_wconf 91' lang='lat'>·</span> <span class='ocrx_word' id='word_1_16' title='bbox 444 650 598 712; x_wconf 78' lang='lat' dir='ltr'>Coloniam</span> <span class='ocrx_word' id='word_1_17' title='bbox 626 656 659 711; x_wconf 81' lang='lat' dir='ltr'>ia</span> <span class='ocrx_word' id='word_1_18' title='bbox 679 653 752 712; x_wconf 84' lang='lat' dir='ltr'>oilla</span> <span class='ocrx_word' id='word_1_19' title='bbox 772 652 962 727; x_wconf 80' lang='lat' dir='ltr'>Hellcrcdorp.</span> 
     </span>
    </p>
   </div>
   <div class='ocr_carea' id='block_1_4' title="bbox 183 769 1225 1194">
    <p class='ocr_par' dir='ltr' id='par_1_4' title="bbox 183 769 1225 1194">
     <span class='ocr_line' id='line_1_5' title="bbox 248 769 1222 850; baseline -0.003 -20"><span class='ocrx_word' id='word_1_20' title='bbox 248 769 358 832; x_wconf 83' lang='lat' dir='ltr'>Retulit</span> <span class='ocrx_word' id='word_1_21' title='bbox 383 771 453 830; x_wconf 90' lang='lat' dir='ltr'>mihi</span> <span class='ocrx_word' id='word_1_22' title='bbox 481 771 623 848; x_wconf 86' lang='lat' dir='ltr'><strong>quaedam</strong></span> <span class='ocrx_word' id='word_1_23' title='bbox 650 773 756 832; x_wconf 86' lang='lat' dir='ltr'>semina</span> <span class='ocrx_word' id='word_1_24' title='bbox 783 772 916 850; x_wconf 83' lang='lat' dir='ltr'>religiosa</span> <span class='ocrx_word' id='word_1_25' title='bbox 941 771 998 831; x_wconf 94' lang='lat' dir='ltr'>hoc</span> <span class='ocrx_word' id='word_1_26' title='bbox 1025 786 1117 845; x_wconf 88' lang='lat' dir='ltr'>anno,</span> <span class='ocrx_word' id='word_1_27' title='bbox 1145 769 1222 844; x_wconf 88' lang='lat' dir='ltr'>quod</span> 
     </span>
     <span class='ocr_line' id='line_1_6' title="bbox 185 856 1223 935; baseline -0.003 -18"><span class='ocrx_word' id='word_1_28' title='bbox 185 857 298 918; x_wconf 92' lang='lat' dir='ltr'>modico</span> <span class='ocrx_word' id='word_1_29' title='bbox 330 864 459 935; x_wconf 90' lang='lat' dir='ltr'>tempore</span> <span class='ocrx_word' id='word_1_30' title='bbox 491 865 557 919; x_wconf 90' lang='lat' dir='ltr'>anto</span> <span class='ocrx_word' id='word_1_31' title='bbox 586 862 678 919; x_wconf 90' lang='lat' dir='ltr'>crucis</span> <span class='ocrx_word' id='word_1_32' title='bbox 705 857 961 935; x_wconf 80' lang='lat' dir='ltr'>praedicationem,</span> <span class='ocrx_word' id='word_1_33' title='bbox 994 859 1024 915; x_wconf 92' lang='lat' dir='ltr'>in</span> <span class='ocrx_word' id='word_1_34' title='bbox 1050 856 1121 917; x_wconf 87' lang='lat' dir='ltr'>villa</span> <span class='ocrx_word' id='word_1_35' title='bbox 1148 873 1223 933; x_wconf 85' lang='lat' dir='ltr'>quae</span> 
     </span>
     <span class='ocr_line' id='line_1_7' title="bbox 183 938 1224 1024; baseline -0.003 -20"><span class='ocrx_word' id='word_1_36' title='bbox 183 944 338 1022; x_wconf 88' lang='lat' dir='ltr'>Ellendorp</span> <span class='ocrx_word' id='word_1_37' title='bbox 349 942 367 1024; x_wconf 91' lang='lat'>¹)</span> <span class='ocrx_word' id='word_1_38' title='bbox 389 945 498 1021; x_wconf 88' lang='lat' dir='ltr'>dicitur,</span> <span class='ocrx_word' id='word_1_39' title='bbox 519 963 577 1005; x_wconf 90' lang='lat' dir='ltr'>non</span> <span class='ocrx_word' id='word_1_40' title='bbox 598 945 720 1006; x_wconf 91' lang='lat' dir='ltr'>muitum</span> <span class='ocrx_word' id='word_1_41' title='bbox 742 945 850 1006; x_wconf 76' lang='lat' dir='ltr'>dietam</span> <span class='ocrx_word' id='word_1_42' title='bbox 872 963 891 1005; x_wconf 86' lang='lat' dir='ltr'>a</span> <span class='ocrx_word' id='word_1_43' title='bbox 912 943 1046 1020; x_wconf 80' lang='lat' dir='ltr'>Colonia,</span> <span class='ocrx_word' id='word_1_44' title='bbox 1067 938 1142 1020; x_wconf 88' lang='lat' dir='ltr'>post&#39;</span> <span class='ocrx_word' id='word_1_45' title='bbox 1155 942 1224 1002; x_wconf 91' lang='lat' dir='ltr'>solis</span> 
     </span>
     <span class='ocr_line' id='line_1_8' title="bbox 186 1030 1224 1107; baseline -0.003 -17"><span class='ocrx_word' id='word_1_46' title='bbox 186 1049 320 1092; x_wconf 88' lang='lat' dir='ltr'>occasum</span> <span class='ocrx_word' id='word_1_47' title='bbox 336 1031 407 1091; x_wconf 91' lang='lat' dir='ltr'>duas</span> <span class='ocrx_word' id='word_1_48' title='bbox 429 1049 528 1092; x_wconf 88' lang='lat' dir='ltr'>cruces</span> <span class='ocrx_word' id='word_1_49' title='bbox 540 1031 642 1092; x_wconf 89' lang='lat' dir='ltr'>viderit</span> <span class='ocrx_word' id='word_1_50' title='bbox 652 1033 681 1090; x_wconf 91' lang='lat' dir='ltr'>in</span> <span class='ocrx_word' id='word_1_51' title='bbox 699 1049 773 1107; x_wconf 89' lang='lat' dir='ltr'>aere,</span> <span class='ocrx_word' id='word_1_52' title='bbox 794 1050 882 1092; x_wconf 86' lang='lat' dir='ltr'>unam</span> <span class='ocrx_word' id='word_1_53' title='bbox 895 1034 1039 1106; x_wconf 87' lang='lat' dir='ltr'>maiorem,</span> <span class='ocrx_word' id='word_1_54' title='bbox 1062 1036 1092 1089; x_wconf 91' lang='lat' dir='ltr'>et</span> <span class='ocrx_word' id='word_1_55' title='bbox 1104 1030 1224 1089; x_wconf 88' lang='lat' dir='ltr'>alteram</span> 
     </span>
     <span class='ocr_line' id='line_1_9' title="bbox 185 1115 1225 1194; baseline -0.004 -16"><span class='ocrx_word' id='word_1_56' title='bbox 185 1121 338 1194; x_wconf 85' lang='lat' dir='ltr'>minorem,</span> <span class='ocrx_word' id='word_1_57' title='bbox 368 1133 442 1193; x_wconf 89' lang='lat' dir='ltr'>quae</span> <span class='ocrx_word' id='word_1_58' title='bbox 470 1118 607 1194; x_wconf 89' lang='lat' dir='ltr'>paulatim</span> <span class='ocrx_word' id='word_1_59' title='bbox 629 1120 666 1178; x_wconf 89' lang='lat' dir='ltr'>ab</span> <span class='ocrx_word' id='word_1_60' title='bbox 689 1118 836 1178; x_wconf 87' lang='lat' dir='ltr'>occidente</span> <span class='ocrx_word' id='word_1_61' title='bbox 857 1119 1048 1178; x_wconf 90' lang='lat' dir='ltr'>movebantur</span> <span class='ocrx_word' id='word_1_62' title='bbox 1068 1115 1107 1176; x_wconf 88' lang='lat' dir='ltr'>ad</span> <span class='ocrx_word' id='word_1_63' title='bbox 1129 1118 1225 1176; x_wconf 89' lang='lat' dir='ltr'>orien-</span> 
     </span>
    </p>
   </div>
   <div class='ocr_carea' id='block_1_5' title="bbox 70 1203 1226 1281">
    <p class='ocr_par' dir='ltr' id='par_1_5' title="bbox 70 1203 1226 1281">
     <span class='ocr_line' id='line_1_10' title="bbox 70 1203 1226 1281; baseline -0.002 -17"><span class='ocrx_word' id='word_1_64' title='bbox 70 1237 74 1248; x_wconf 94' lang='lat'><em>·</em></span> <span class='ocrx_word' id='word_1_65' title='bbox 185 1213 253 1265; x_wconf 87' lang='lat' dir='ltr'>tem.</span> <span class='ocrx_word' id='word_1_66' title='bbox 296 1205 404 1265; x_wconf 88' lang='lat' dir='ltr'>Veiens</span> <span class='ocrx_word' id='word_1_67' title='bbox 425 1205 533 1264; x_wconf 90' lang='lat' dir='ltr'>habere</span> <span class='ocrx_word' id='word_1_68' title='bbox 553 1211 642 1264; x_wconf 87' lang='lat' dir='ltr'>testes</span> <span class='ocrx_word' id='word_1_69' title='bbox 662 1206 735 1264; x_wconf 88' lang='lat' dir='ltr'>tanti</span> <span class='ocrx_word' id='word_1_70' title='bbox 748 1205 885 1280; x_wconf 82' lang='lat' dir='ltr'>miraculi,</span> <span class='ocrx_word' id='word_1_71' title='bbox 906 1203 1048 1281; x_wconf 90' lang='lat' dir='ltr'>quosdam</span> <span class='ocrx_word' id='word_1_72' title='bbox 1063 1203 1226 1278; x_wconf 85' lang='lat' dir='ltr'>advocavit,</span> 
     </span>
    </p>
   </div>
   <div class='ocr_carea' id='block_1_6' title="bbox 185 1287 1277 1873">
    <p class='ocr_par' dir='ltr' id='par_1_6' title="bbox 185 1287 1277 1873">
     <span class='ocr_line' id='line_1_11' title="bbox 187 1287 1225 1370; baseline -0.002 -19"><span class='ocrx_word' id='word_1_73' title='bbox 187 1295 236 1370; x_wconf 91' lang='lat' dir='ltr'>qui</span> <span class='ocrx_word' id='word_1_74' title='bbox 258 1299 287 1351; x_wconf 90' lang='lat' dir='ltr'>et</span> <span class='ocrx_word' id='word_1_75' title='bbox 306 1293 360 1369; x_wconf 90' lang='lat' dir='ltr'>ipsi</span> <span class='ocrx_word' id='word_1_76' title='bbox 381 1289 530 1351; x_wconf 84' lang='lat' dir='ltr'>videmnt&#39;</span> <span class='ocrx_word' id='word_1_77' title='bbox 564 1291 676 1352; x_wconf 82' lang='lat' dir='ltr'>Similes</span> <span class='ocrx_word' id='word_1_78' title='bbox 696 1293 821 1350; x_wconf 84' lang='lat' dir='ltr'>visiones</span> <span class='ocrx_word' id='word_1_79' title='bbox 841 1287 957 1351; x_wconf 90' lang='lat' dir='ltr'>memini</span> <span class='ocrx_word' id='word_1_80' title='bbox 977 1308 1025 1350; x_wconf 89' lang='lat' dir='ltr'>me</span> <span class='ocrx_word' id='word_1_81' title='bbox 1046 1290 1152 1357; x_wconf 78' lang='lat' dir='ltr'>dixisse</span> <span class='ocrx_word' id='word_1_82' title='bbox 1176 1309 1225 1349; x_wconf 90' lang='lat' dir='ltr'>su-</span> 
     </span>
     <span class='ocr_line' id='line_1_12' title="bbox 185 1377 1226 1456; baseline -0.005 -16"><span class='ocrx_word' id='word_1_83' title='bbox 185 1380 280 1456; x_wconf 91' lang='lat' dir='ltr'>perius</span> <span class='ocrx_word' id='word_1_84' title='bbox 300 1380 329 1437; x_wconf 91' lang='lat' dir='ltr'>in</span> <span class='ocrx_word' id='word_1_85' title='bbox 351 1377 529 1438; x_wconf 89' lang='lat' dir='ltr'>distinctione</span> <span class='ocrx_word' id='word_1_86' title='bbox 552 1384 655 1438; x_wconf 86' lang='lat' dir='ltr'>octava</span> <span class='ocrx_word' id='word_1_87' title='bbox 677 1378 801 1454; x_wconf 86' lang='lat' dir='ltr'>capitulo</span> <span class='ocrx_word' id='word_1_88' title='bbox 824 1377 1080 1455; x_wconf 91' lang='lat' dir='ltr'>decimoseptimo,</span> <span class='ocrx_word' id='word_1_89' title='bbox 1100 1393 1226 1436; x_wconf 90' lang='lat' dir='ltr'>necnon</span> 
     </span>
     <span class='ocr_line' id='line_1_13' title="bbox 187 1463 1226 1546; baseline -0.003 -21"><span class='ocrx_word' id='word_1_90' title='bbox 187 1472 216 1526; x_wconf 88' lang='lat' dir='ltr'>ot</span> <span class='ocrx_word' id='word_1_91' title='bbox 244 1465 354 1525; x_wconf 91' lang='lat' dir='ltr'>decimo</span> <span class='ocrx_word' id='word_1_92' title='bbox 377 1471 494 1524; x_wconf 88' lang='lat' dir='ltr'>octavo:</span> <span class='ocrx_word' id='word_1_93' title='bbox 526 1467 617 1546; x_wconf 88' lang='lat' dir='ltr'>primo</span> <span class='ocrx_word' id='word_1_94' title='bbox 641 1464 676 1524; x_wconf 88' lang='lat' dir='ltr'>do</span> <span class='ocrx_word' id='word_1_95' title='bbox 698 1465 811 1525; x_wconf 89' lang='lat' dir='ltr'>duobus</span> <span class='ocrx_word' id='word_1_96' title='bbox 833 1467 976 1525; x_wconf 88' lang='lat' dir='ltr'>conversis</span> <span class='ocrx_word' id='word_1_97' title='bbox 998 1465 1047 1539; x_wconf 86' lang='lat' dir='ltr'>qui</span> <span class='ocrx_word' id='word_1_98' title='bbox 1067 1463 1226 1522; x_wconf 89' lang='lat' dir='ltr'>Dominum</span> 
     </span>
     <span class='ocr_line' id='line_1_14' title="bbox 186 1549 1226 1631; baseline 0 -21"><span class='ocrx_word' id='word_1_99' title='bbox 186 1551 319 1611; x_wconf 86' lang='lat' dir='ltr'>viderunt</span> <span class='ocrx_word' id='word_1_100' title='bbox 345 1553 375 1610; x_wconf 92' lang='lat' dir='ltr'>in</span> <span class='ocrx_word' id='word_1_101' title='bbox 409 1569 474 1612; x_wconf 88' lang='lat' dir='ltr'>aere</span> <span class='ocrx_word' id='word_1_102' title='bbox 501 1550 675 1628; x_wconf 87' lang='lat' dir='ltr'>pendentem</span> <span class='ocrx_word' id='word_1_103' title='bbox 702 1554 732 1610; x_wconf 89' lang='lat' dir='ltr'>in</span> <span class='ocrx_word' id='word_1_104' title='bbox 761 1568 859 1628; x_wconf 82' lang='lat' dir='ltr'>cruce3</span> <span class='ocrx_word' id='word_1_105' title='bbox 888 1550 991 1611; x_wconf 88' lang='lat' dir='ltr'>deinde</span> <span class='ocrx_word' id='word_1_106' title='bbox 1012 1549 1048 1610; x_wconf 90' lang='lat' dir='ltr'>de</span> <span class='ocrx_word' id='word_1_107' title='bbox 1069 1549 1226 1631; x_wconf 72' lang='lat' dir='ltr'>liudolpho</span> 
     </span>
     <span class='ocr_line' id='line_1_15' title="bbox 187 1636 1227 1715; baseline -0.003 -17"><span class='ocrx_word' id='word_1_108' title='bbox 187 1655 327 1699; x_wconf 84' lang='lat' dir='ltr'>converso</span> <span class='ocrx_word' id='word_1_109' title='bbox 349 1637 385 1698; x_wconf 91' lang='lat' dir='ltr'>de</span> <span class='ocrx_word' id='word_1_110' title='bbox 406 1637 508 1700; x_wconf 84' lang='lat' dir='ltr'>Luolra</span> <span class='ocrx_word' id='word_1_111' title='bbox 529 1639 579 1715; x_wconf 90' lang='lat' dir='ltr'>qui</span> <span class='ocrx_word' id='word_1_112' title='bbox 601 1637 745 1697; x_wconf 79' lang='lat' dir='ltr'>Christum</span> <span class='ocrx_word' id='word_1_113' title='bbox 766 1636 839 1697; x_wconf 87' lang='lat' dir='ltr'>vidit</span> <span class='ocrx_word' id='word_1_114' title='bbox 859 1638 1026 1697; x_wconf 85' lang='lat' dir='ltr'>crucifixum</span> <span class='ocrx_word' id='word_1_115' title='bbox 1046 1638 1077 1695; x_wconf 91' lang='lat' dir='ltr'>in</span> <span class='ocrx_word' id='word_1_116' title='bbox 1101 1653 1180 1713; x_wconf 86' lang='lat' dir='ltr'>aere,</span> <span class='ocrx_word' id='word_1_117' title='bbox 1201 1645 1227 1697; x_wconf 88' lang='lat' dir='ltr'>et</span> 
     </span>
     <span class='ocr_line' id='line_1_16' title="bbox 188 1723 1277 1801; baseline 0 -17"><span class='ocrx_word' id='word_1_118' title='bbox 188 1725 349 1801; x_wconf 87' lang='lat' dir='ltr'>quindecim</span> <span class='ocrx_word' id='word_1_119' title='bbox 378 1741 444 1784; x_wconf 90' lang='lat' dir='ltr'>cum</span> <span class='ocrx_word' id='word_1_120' title='bbox 466 1742 510 1785; x_wconf 90' lang='lat' dir='ltr'>eo.</span> <span class='ocrx_word' id='word_1_121' title='bbox 552 1723 631 1784; x_wconf 87' lang='lat' dir='ltr'>Audi</span> <span class='ocrx_word' id='word_1_122' title='bbox 652 1723 747 1784; x_wconf 87' lang='lat' dir='ltr'>adhuc</span> <span class='ocrx_word' id='word_1_123' title='bbox 767 1723 936 1784; x_wconf 84' lang='lat' dir='ltr'>miraculum</span> <span class='ocrx_word' id='word_1_124' title='bbox 958 1723 995 1784; x_wconf 94' lang='lat' dir='ltr'>de</span> <span class='ocrx_word' id='word_1_125' title='bbox 1016 1739 1081 1783; x_wconf 89' lang='lat' dir='ltr'>aere</span> <span class='ocrx_word' id='word_1_126' title='bbox 1102 1723 1226 1799; x_wconf 85' lang='lat' dir='ltr'>iactum,</span> <span class='ocrx_word' id='word_1_127' title='bbox 1276 1729 1277 1770; x_wconf 61' lang='lat' dir='ltr'>l</span> 
     </span>
     <span class='ocr_line' id='line_1_17' title="bbox 187 1811 425 1873; baseline -0.004 -2"><span class='ocrx_word' id='word_1_128' title='bbox 187 1811 310 1873; x_wconf 86' lang='lat' dir='ltr'>terribile</span> <span class='ocrx_word' id='word_1_129' title='bbox 331 1811 425 1872; x_wconf 87' lang='lat' dir='ltr'>valde.</span> 
     </span>
    </p>
   </div>
   <div class='ocr_carea' id='block_1_7' title="bbox 534 1961 879 2064">
    <p class='ocr_par' dir='ltr' id='par_1_7' title="bbox 534 1961 879 2064">
     <span class='ocr_line' id='line_1_18' title="bbox 534 1961 879 2064; baseline -0.003 -2"><span class='ocrx_word' id='word_1_130' title='bbox 534 1961 768 2064; x_wconf 57' lang='lat' dir='ltr'>chamutum</span> <span class='ocrx_word' id='word_1_131' title='bbox 797 2002 879 2062; x_wconf 84' lang='lat' dir='ltr'>xur.</span> 
     </span>
    </p>
   </div>
   <div class='ocr_carea' id='block_1_8' title="bbox 259 2097 1158 2203">
    <p class='ocr_par' dir='ltr' id='par_1_8' title="bbox 259 2097 1158 2203">
     <span class='ocr_line' id='line_1_19' title="bbox 259 2097 1158 2203; baseline 0 -17"><span class='ocrx_word' id='word_1_132' title='bbox 259 2127 307 2186; x_wconf 88' lang='lat' dir='ltr'>Dc</span> <span class='ocrx_word' id='word_1_133' title='bbox 328 2125 406 2186; x_wconf 83' lang='lat' dir='ltr'>nube</span> <span class='ocrx_word' id='word_1_134' title='bbox 427 2143 505 2203; x_wconf 80' lang='lat' dir='ltr'>quac</span> <span class='ocrx_word' id='word_1_135' title='bbox 525 2128 557 2197; x_wconf 80' lang='lat' dir='ltr'>ip</span> <span class='ocrx_word' id='word_1_136' title='bbox 577 2125 714 2185; x_wconf 70' lang='lat' dir='ltr'>dononio</span> <span class='ocrx_word' id='word_1_137' title='bbox 735 2097 842 2184; x_wconf 78' lang='lat' dir='ltr'>codena</span> <span class='ocrx_word' id='word_1_138' title='bbox 863 2125 972 2184; x_wconf 79' lang='lat' dir='ltr'>multos</span> <span class='ocrx_word' id='word_1_139' title='bbox 993 2123 1158 2186; x_wconf 73' lang='lat' dir='ltr'>submersit.</span> 
     </span>
    </p>
   </div>
   <div class='ocr_carea' id='block_1_9' title="bbox 122 2245 1235 3625">
    <p class='ocr_par' dir='ltr' id='par_1_9' title="bbox 122 2245 1235 3625">
     <span class='ocr_line' id='line_1_20' title="bbox 252 2245 1230 2323; baseline 0.002 -17"><span class='ocrx_word' id='word_1_140' title='bbox 252 2247 319 2308; x_wconf 92' lang='lat' dir='ltr'>Hoc</span> <span class='ocrx_word' id='word_1_141' title='bbox 340 2264 415 2307; x_wconf 90' lang='lat' dir='ltr'>anno</span> <span class='ocrx_word' id='word_1_142' title='bbox 435 2249 465 2306; x_wconf 91' lang='lat' dir='ltr'>in</span> <span class='ocrx_word' id='word_1_143' title='bbox 487 2246 613 2308; x_wconf 79' lang='lat' dir='ltr'>Saxonis</span> <span class='ocrx_word' id='word_1_144' title='bbox 633 2245 725 2306; x_wconf 90' lang='lat' dir='ltr'>nubes</span> <span class='ocrx_word' id='word_1_145' title='bbox 746 2245 857 2323; x_wconf 83' lang='lat' dir='ltr'>integra</span> <span class='ocrx_word' id='word_1_146' title='bbox 879 2245 916 2306; x_wconf 89' lang='lat' dir='ltr'>de</span> <span class='ocrx_word' id='word_1_147' title='bbox 937 2263 1002 2306; x_wconf 88' lang='lat' dir='ltr'>aere</span> <span class='ocrx_word' id='word_1_148' title='bbox 1028 2246 1136 2307; x_wconf 89' lang='lat' dir='ltr'>cadens</span> <span class='ocrx_word' id='word_1_149' title='bbox 1158 2249 1230 2308; x_wconf 87' lang='lat' dir='ltr'>inter</span> 
     </span>
     <span class='ocr_line' id='line_1_21' title="bbox 189 2333 1232 2410; baseline 0.001 -17"><span class='ocrx_word' id='word_1_150' title='bbox 189 2333 245 2395; x_wconf 87' lang='lat' dir='ltr'>duo</span> <span class='ocrx_word' id='word_1_151' title='bbox 274 2340 427 2410; x_wconf 85' lang='lat' dir='ltr'>montana,</span> <span class='ocrx_word' id='word_1_152' title='bbox 454 2334 550 2392; x_wconf 89' lang='lat' dir='ltr'>multis</span> <span class='ocrx_word' id='word_1_153' title='bbox 578 2338 638 2392; x_wconf 89' lang='lat' dir='ltr'>tarn</span> <span class='ocrx_word' id='word_1_154' title='bbox 665 2335 695 2391; x_wconf 91' lang='lat' dir='ltr'>irr</span> <span class='ocrx_word' id='word_1_155' title='bbox 722 2333 889 2408; x_wconf 83' lang='lat' dir='ltr'>corporibus</span> <span class='ocrx_word' id='word_1_156' title='bbox 911 2350 998 2409; x_wconf 87' lang='lat' dir='ltr'>quam</span> <span class='ocrx_word' id='word_1_157' title='bbox 1018 2335 1048 2392; x_wconf 91' lang='lat' dir='ltr'>in</span> <span class='ocrx_word' id='word_1_158' title='bbox 1068 2334 1158 2394; x_wconf 89' lang='lat' dir='ltr'>rebus</span> <span class='ocrx_word' id='word_1_159' title='bbox 1180 2336 1232 2394; x_wconf 84' lang='lat' dir='ltr'>fuit</span> 
     </span>
     <span class='ocr_line' id='line_1_22' title="bbox 190 2418 1231 2494; baseline 0.001 -14"><span class='ocrx_word' id='word_1_160' title='bbox 190 2420 336 2482; x_wconf 89' lang='lat' dir='ltr'>damnosa.</span> <span class='ocrx_word' id='word_1_161' title='bbox 378 2422 478 2480; x_wconf 85' lang='lat' dir='ltr'>Tantis</span> <span class='ocrx_word' id='word_1_162' title='bbox 507 2422 581 2480; x_wconf 90' lang='lat' dir='ltr'>enim</span> <span class='ocrx_word' id='word_1_163' title='bbox 603 2421 685 2494; x_wconf 91' lang='lat' dir='ltr'>aquis</span> <span class='ocrx_word' id='word_1_164' title='bbox 706 2418 889 2494; x_wconf 80' lang='lat' dir='ltr'>abundabat,</span> <span class='ocrx_word' id='word_1_165' title='bbox 920 2426 953 2479; x_wconf 89' lang='lat' dir='ltr'>ut</span> <span class='ocrx_word' id='word_1_166' title='bbox 973 2423 1183 2481; x_wconf 87' lang='lat' dir='ltr'>monasterium</span> <span class='ocrx_word' id='word_1_167' title='bbox 1203 2425 1231 2481; x_wconf 88' lang='lat' dir='ltr'>iu</span> 
     </span>
     <span class='ocr_line' id='line_1_23' title="bbox 189 2506 1231 2585; baseline 0.001 -18"><span class='ocrx_word' id='word_1_168' title='bbox 189 2507 264 2568; x_wconf 88' lang='lat' dir='ltr'>valle</span> <span class='ocrx_word' id='word_1_169' title='bbox 285 2508 415 2585; x_wconf 87' lang='lat' dir='ltr'>proxima</span> <span class='ocrx_word' id='word_1_170' title='bbox 435 2510 521 2566; x_wconf 89' lang='lat' dir='ltr'>situm</span> <span class='ocrx_word' id='word_1_171' title='bbox 542 2506 721 2583; x_wconf 81' lang='lat' dir='ltr'>pervaderet,</span> <span class='ocrx_word' id='word_1_172' title='bbox 743 2513 771 2566; x_wconf 89' lang='lat' dir='ltr'>et</span> <span class='ocrx_word' id='word_1_173' title='bbox 792 2523 906 2566; x_wconf 88' lang='lat' dir='ltr'>omnem</span> <span class='ocrx_word' id='word_1_174' title='bbox 927 2509 956 2565; x_wconf 85' lang='lat' dir='ltr'>in</span> <span class='ocrx_word' id='word_1_175' title='bbox 978 2522 1012 2566; x_wconf 89' lang='lat' dir='ltr'>eo</span> <span class='ocrx_word' id='word_1_176' title='bbox 1034 2509 1165 2566; x_wconf 84' lang='lat' dir='ltr'>animam</span> <span class='ocrx_word' id='word_1_177' title='bbox 1187 2511 1231 2568; x_wconf 86' lang='lat' dir='ltr'>vi-</span> 
     </span>
     <span class='ocr_line' id='line_1_24' title="bbox 188 2592 1232 2670; baseline 0.002 -16"><span class='ocrx_word' id='word_1_178' title='bbox 188 2601 318 2670; x_wconf 89' lang='lat' dir='ltr'>ventem,</span> <span class='ocrx_word' id='word_1_179' title='bbox 347 2595 384 2654; x_wconf 90' lang='lat' dir='ltr'>ab</span> <span class='ocrx_word' id='word_1_180' title='bbox 406 2594 531 2653; x_wconf 88' lang='lat' dir='ltr'>homine·</span> <span class='ocrx_word' id='word_1_181' title='bbox 549 2611 641 2668; x_wconf 85' lang='lat' dir='ltr'>usque</span> <span class='ocrx_word' id='word_1_182' title='bbox 670 2593 708 2652; x_wconf 92' lang='lat' dir='ltr'>ad</span> <span class='ocrx_word' id='word_1_183' title='bbox 729 2611 834 2670; x_wconf 87' lang='lat' dir='ltr'>pecus,</span> <span class='ocrx_word' id='word_1_184' title='bbox 863 2595 1048 2670; x_wconf 84' lang='lat' dir='ltr'>extingueret.</span> <span class='ocrx_word' id='word_1_185' title='bbox 1091 2592 1232 2656; x_wconf 85' lang='lat' dir='ltr'>Offioinas</span> 
     </span>
     <span class='ocr_line' id='line_1_25' title="bbox 188 2677 1232 2758; baseline 0.001 -17"><span class='ocrx_word' id='word_1_186' title='bbox 188 2684 297 2755; x_wconf 88' lang='lat' dir='ltr'>evertit,</span> <span class='ocrx_word' id='word_1_187' title='bbox 318 2679 522 2755; x_wconf 89' lang='lat' dir='ltr'>supellectilem</span> <span class='ocrx_word' id='word_1_188' title='bbox 545 2679 666 2754; x_wconf 81' lang='lat' dir='ltr'>devexit,</span> <span class='ocrx_word' id='word_1_189' title='bbox 687 2696 772 2755; x_wconf 90' lang='lat' dir='ltr'>sepes</span> <span class='ocrx_word' id='word_1_190' title='bbox 786 2677 962 2758; x_wconf 77' lang='lat' dir='ltr'>destruxit2).</span> <span class='ocrx_word' id='word_1_191' title='bbox 1005 2680 1142 2756; x_wconf 82' lang='lat' dir='ltr'>Quinque</span> <span class='ocrx_word' id='word_1_192' title='bbox 1165 2690 1232 2742; x_wconf 84' lang='lat' dir='ltr'>tan-</span> 
     </span>
     <span class='ocr_line' id='line_1_26' title="bbox 188 2765 1233 2843; baseline 0 -15"><span class='ocrx_word' id='word_1_193' title='bbox 188 2777 250 2828; x_wconf 93' lang='lat' dir='ltr'>turn</span> <span class='ocrx_word' id='word_1_194' title='bbox 277 2767 411 2827; x_wconf 88' lang='lat' dir='ltr'>monachi</span> <span class='ocrx_word' id='word_1_195' title='bbox 436 2769 466 2826; x_wconf 92' lang='lat' dir='ltr'>in</span> <span class='ocrx_word' id='word_1_196' title='bbox 494 2767 593 2826; x_wconf 90' lang='lat' dir='ltr'>turrim</span> <span class='ocrx_word' id='word_1_197' title='bbox 621 2766 776 2843; x_wconf 83' lang='lat' dir='ltr'>iugiemes,</span> <span class='ocrx_word' id='word_1_198' title='bbox 805 2783 841 2824; x_wconf 85' lang='lat' dir='ltr'>ex</span> <span class='ocrx_word' id='word_1_199' title='bbox 867 2766 1000 2826; x_wconf 89' lang='lat' dir='ltr'>omnibus</span> <span class='ocrx_word' id='word_1_200' title='bbox 1028 2765 1134 2828; x_wconf 87' lang='lat' dir='ltr'>salvati</span> <span class='ocrx_word' id='word_1_201' title='bbox 1157 2777 1233 2830; x_wconf 79' lang='lat' dir='ltr'>sunt</span> 
     </span>
     <span class='ocr_line' id='line_1_27' title="bbox 188 2851 1233 2930; baseline 0.001 -15"><span class='ocrx_word' id='word_1_202' title='bbox 188 2855 318 2914; x_wconf 90' lang='lat' dir='ltr'>Vocatur</span> <span class='ocrx_word' id='word_1_203' title='bbox 339 2861 436 2913; x_wconf 90' lang='lat' dir='ltr'>autem</span> <span class='ocrx_word' id='word_1_204' title='bbox 464 2853 540 2913; x_wconf 93' lang='lat' dir='ltr'>idem</span> <span class='ocrx_word' id='word_1_205' title='bbox 571 2855 774 2913; x_wconf 89' lang='lat' dir='ltr'>monasterium</span> <span class='ocrx_word' id='word_1_206' title='bbox 796 2851 1047 2930; x_wconf 87' lang='lat' dir='ltr'>Winondenburg,</span> <span class='ocrx_word' id='word_1_207' title='bbox 1076 2860 1106 2913; x_wconf 89' lang='lat' dir='ltr'>et</span> <span class='ocrx_word' id='word_1_208' title='bbox 1129 2863 1178 2915; x_wconf 90' lang='lat' dir='ltr'>est</span> <span class='ocrx_word' id='word_1_209' title='bbox 1199 2856 1233 2916; x_wconf 89' lang='lat' dir='ltr'>de</span> 
     </span>
     <span class='ocr_line' id='line_1_28' title="bbox 188 2938 1234 3019; baseline 0 -17"><span class='ocrx_word' id='word_1_210' title='bbox 188 2943 286 3002; x_wconf 86' lang='lat' dir='ltr'>ordine</span> <span class='ocrx_word' id='word_1_211' title='bbox 313 2941 475 3017; x_wconf 84' lang='lat' dir='ltr'>Nigrorum.</span> <span class='ocrx_word' id='word_1_212' title='bbox 524 2939 637 3000; x_wconf 91' lang='lat' dir='ltr'>Deinde</span> <span class='ocrx_word' id='word_1_213' title='bbox 665 2938 742 2999; x_wconf 93' lang='lat' dir='ltr'>idem</span> <span class='ocrx_word' id='word_1_214' title='bbox 771 2945 880 2998; x_wconf 88' lang='lat' dir='ltr'>torrens</span> <span class='ocrx_word' id='word_1_215' title='bbox 908 2939 1092 3000; x_wconf 87' lang='lat' dir='ltr'>intolerabilis</span> <span class='ocrx_word' id='word_1_216' title='bbox 1120 2945 1234 3019; x_wconf 84' lang='lat' dir='ltr'>impetu</span> 
     </span>
     <span class='ocr_line' id='line_1_29' title="bbox 188 3025 1235 3109; baseline 0.002 -20"><span class='ocrx_word' id='word_1_217' title='bbox 188 3047 240 3089; x_wconf 89' lang='lat' dir='ltr'>suo</span> <span class='ocrx_word' id='word_1_218' title='bbox 256 3031 400 3088; x_wconf 87' lang='lat' dir='ltr'>civitatem</span> <span class='ocrx_word' id='word_1_219' title='bbox 421 3029 546 3086; x_wconf 87' lang='lat' dir='ltr'>vicinam</span> <span class='ocrx_word' id='word_1_220' title='bbox 566 3026 713 3101; x_wconf 80' lang='lat' dir='ltr'>invadens,</span> <span class='ocrx_word' id='word_1_221' title='bbox 736 3027 817 3086; x_wconf 88' lang='lat' dir='ltr'>cuius</span> <span class='ocrx_word' id='word_1_222' title='bbox 838 3025 1013 3088; x_wconf 85' lang='lat' dir='ltr'>vocabulum</span> <span class='ocrx_word' id='word_1_223' title='bbox 1034 3033 1078 3086; x_wconf 88' lang='lat' dir='ltr'>cst</span> <span class='ocrx_word' id='word_1_224' title='bbox 1093 3026 1197 3091; x_wconf 87' lang='lat' dir='ltr'>Isleve</span> <span class='ocrx_word' id='word_1_225' title='bbox 1206 3027 1235 3109; x_wconf 83' lang='lat'>³),</span> 
     </span>
     <span class='ocr_line' id='line_1_30' title="bbox 191 3111 1234 3190; baseline -0.001 -15"><span class='ocrx_word' id='word_1_226' title='bbox 191 3114 292 3175; x_wconf 87' lang='lat' dir='ltr'>similia</span> <span class='ocrx_word' id='word_1_227' title='bbox 317 3115 357 3172; x_wconf 89' lang='lat' dir='ltr'>ibi</span> <span class='ocrx_word' id='word_1_228' title='bbox 379 3120 513 3190; x_wconf 89' lang='lat' dir='ltr'>operatus</span> <span class='ocrx_word' id='word_1_229' title='bbox 536 3120 580 3173; x_wconf 90' lang='lat' dir='ltr'>est</span> <span class='ocrx_word' id='word_1_230' title='bbox 599 3111 685 3172; x_wconf 88' lang='lat' dir='ltr'>mala.</span> <span class='ocrx_word' id='word_1_231' title='bbox 729 3111 893 3187; x_wconf 89' lang='lat' dir='ltr'>Omnesque</span> <span class='ocrx_word' id='word_1_232' title='bbox 915 3112 1066 3188; x_wconf 84' lang='lat' dir='ltr'>ecelesias,</span> <span class='ocrx_word' id='word_1_233' title='bbox 1093 3132 1151 3176; x_wconf 93' lang='lat' dir='ltr'>nec</span> <span class='ocrx_word' id='word_1_234' title='bbox 1176 3134 1234 3176; x_wconf 90' lang='lat' dir='ltr'>non</span> 
     </span>
     <span class='ocr_line' id='line_1_31' title="bbox 190 3198 1235 3279; baseline 0 -17"><span class='ocrx_word' id='word_1_235' title='bbox 190 3211 218 3262; x_wconf 90' lang='lat' dir='ltr'>et</span> <span class='ocrx_word' id='word_1_236' title='bbox 240 3202 336 3261; x_wconf 89' lang='lat' dir='ltr'>omnia</span> <span class='ocrx_word' id='word_1_237' title='bbox 357 3201 479 3259; x_wconf 88' lang='lat' dir='ltr'>civitatis</span> <span class='ocrx_word' id='word_1_238' title='bbox 500 3199 666 3260; x_wconf 88' lang='lat' dir='ltr'>habitacula</span> <span class='ocrx_word' id='word_1_239' title='bbox 686 3198 825 3259; x_wconf 87' lang='lat' dir='ltr'>violenter</span> <span class='ocrx_word' id='word_1_240' title='bbox 845 3201 969 3274; x_wconf 87' lang='lat' dir='ltr'>intravit,</span> <span class='ocrx_word' id='word_1_241' title='bbox 989 3199 1121 3262; x_wconf 87' lang='lat' dir='ltr'>homiues</span> <span class='ocrx_word' id='word_1_242' title='bbox 1142 3209 1235 3279; x_wconf 88' lang='lat' dir='ltr'>atque</span> 
     </span>
     <span class='ocr_line' id='line_1_32' title="bbox 189 3286 1234 3362; baseline 0.001 -14"><span class='ocrx_word' id='word_1_243' title='bbox 189 3291 316 3348; x_wconf 88' lang='lat' dir='ltr'>iumenta</span> <span class='ocrx_word' id='word_1_244' title='bbox 336 3288 497 3346; x_wconf 84' lang='lat' dir='ltr'>submersit.</span> <span class='ocrx_word' id='word_1_245' title='bbox 538 3286 576 3345; x_wconf 85' lang='lat' dir='ltr'>Et</span> <span class='ocrx_word' id='word_1_246' title='bbox 598 3287 666 3362; x_wconf 89' lang='lat' dir='ltr'>quia</span> <span class='ocrx_word' id='word_1_247' title='bbox 682 3286 747 3346; x_wconf 90' lang='lat' dir='ltr'>Deo</span> <span class='ocrx_word' id='word_1_248' title='bbox 769 3303 826 3344; x_wconf 92' lang='lat' dir='ltr'>non</span> <span class='ocrx_word' id='word_1_249' title='bbox 848 3292 892 3345; x_wconf 90' lang='lat' dir='ltr'>est</span> <span class='ocrx_word' id='word_1_250' title='bbox 913 3303 982 3346; x_wconf 89' lang='lat' dir='ltr'>cura</span> <span class='ocrx_word' id='word_1_251' title='bbox 1003 3286 1039 3347; x_wconf 92' lang='lat' dir='ltr'>de</span> <span class='ocrx_word' id='word_1_252' title='bbox 1060 3286 1160 3348; x_wconf 87' lang='lat' dir='ltr'>bobus</span> <span class='ocrx_word' id='word_1_253' title='bbox 1183 3288 1234 3349; x_wconf 91' lang='lat' dir='ltr'>sed</span> 
     </span>
     <span class='ocr_line' id='line_1_33' title="bbox 122 3372 1234 3450; baseline 0.002 -16"><span class='ocrx_word' id='word_1_254' title='bbox 122 3393 127 3400; x_wconf 86' lang='grc'><strong><em>’</em></strong></span> <span class='ocrx_word' id='word_1_255' title='bbox 190 3375 225 3434; x_wconf 91' lang='lat' dir='ltr'>de</span> <span class='ocrx_word' id='word_1_256' title='bbox 239 3374 410 3448; x_wconf 88' lang='lat' dir='ltr'>homiuibus,</span> <span class='ocrx_word' id='word_1_257' title='bbox 431 3391 568 3449; x_wconf 83' lang='lat' dir='ltr'>magnum</span> <span class='ocrx_word' id='word_1_258' title='bbox 590 3380 619 3431; x_wconf 90' lang='lat' dir='ltr'>et</span> <span class='ocrx_word' id='word_1_259' title='bbox 636 3375 774 3432; x_wconf 87' lang='lat' dir='ltr'>memoria</span> <span class='ocrx_word' id='word_1_260' title='bbox 788 3372 905 3450; x_wconf 85' lang='lat' dir='ltr'>dignum</span> <span class='ocrx_word' id='word_1_261' title='bbox 926 3376 956 3431; x_wconf 89' lang='lat' dir='ltr'>in</span> <span class='ocrx_word' id='word_1_262' title='bbox 969 3373 1116 3434; x_wconf 87' lang='lat' dir='ltr'>suffocatis</span> <span class='ocrx_word' id='word_1_263' title='bbox 1131 3383 1234 3436; x_wconf 89' lang='lat' dir='ltr'>osten-</span> 
     </span>
     <span class='ocr_line' id='line_1_34' title="bbox 189 3459 1234 3537; baseline 0.002 -17"><span class='ocrx_word' id='word_1_264' title='bbox 189 3461 257 3522; x_wconf 91' lang='lat' dir='ltr'>dere</span> <span class='ocrx_word' id='word_1_265' title='bbox 285 3460 419 3537; x_wconf 81' lang='lat' dir='ltr'>dignatus</span> <span class='ocrx_word' id='word_1_266' title='bbox 448 3466 492 3520; x_wconf 90' lang='lat' dir='ltr'>est</span> <span class='ocrx_word' id='word_1_267' title='bbox 517 3459 694 3519; x_wconf 88' lang='lat' dir='ltr'>miraculum.</span> <span class='ocrx_word' id='word_1_268' title='bbox 735 3460 811 3519; x_wconf 88' lang='lat' dir='ltr'>Nam</span> <span class='ocrx_word' id='word_1_269' title='bbox 833 3475 932 3519; x_wconf 86' lang='lat' dir='ltr'>onmes</span> <span class='ocrx_word' id='word_1_270' title='bbox 952 3459 992 3518; x_wconf 90' lang='lat' dir='ltr'>illi</span> <span class='ocrx_word' id='word_1_271' title='bbox 1014 3461 1063 3537; x_wconf 91' lang='lat' dir='ltr'>qui</span> <span class='ocrx_word' id='word_1_272' title='bbox 1083 3466 1234 3523; x_wconf 88' lang='lat' dir='ltr'>transacto</span> 
     </span>
     <span class='ocr_line' id='line_1_35' title="bbox 189 3543 1233 3625; baseline 0.002 -18"><span class='ocrx_word' id='word_1_273' title='bbox 189 3548 296 3608; x_wconf 89' lang='lat' dir='ltr'>diluvio</span> <span class='ocrx_word' id='word_1_274' title='bbox 325 3550 355 3606; x_wconf 90' lang='lat' dir='ltr'>in</span> <span class='ocrx_word' id='word_1_275' title='bbox 383 3545 509 3608; x_wconf 90' lang='lat' dir='ltr'>ecclesiis</span> <span class='ocrx_word' id='word_1_276' title='bbox 530 3543 621 3625; x_wconf 62' lang='lat' dir='ltr'>siret)</span> <span class='ocrx_word' id='word_1_277' title='bbox 650 3545 781 3605; x_wconf 90' lang='lat' dir='ltr'>domibus</span> <span class='ocrx_word' id='word_1_278' title='bbox 812 3548 916 3623; x_wconf 88' lang='lat' dir='ltr'>roperti</span> <span class='ocrx_word' id='word_1_279' title='bbox 937 3552 1019 3622; x_wconf 89' lang='lat' dir='ltr'>sunt,</span> <span class='ocrx_word' id='word_1_280' title='bbox 1049 3549 1135 3608; x_wconf 87' lang='lat' dir='ltr'>niveo</span> <span class='ocrx_word' id='word_1_281' title='bbox 1160 3567 1233 3609; x_wconf 87' lang='lat' dir='ltr'>oan-</span> 
     </span>
    </p>
   </div>
   <div class='ocr_carea' id='block_1_10' title="bbox 208 3730 1233 3869">
    <p class='ocr_par' dir='ltr' id='par_1_10' title="bbox 208 3730 1233 3869">
     <span class='ocr_line' id='line_1_36' title="bbox 208 3730 1233 3802; baseline -0.002 -16"><span class='ocrx_word' id='word_1_282' title='bbox 208 3733 239 3802; x_wconf 83' lang='lat'>1)</span> <span class='ocrx_word' id='word_1_283' title='bbox 257 3733 275 3785; x_wconf 88' lang='lat' dir='ltr'>P</span> <span class='ocrx_word' id='word_1_284' title='bbox 292 3731 506 3799; x_wconf 82' lang='lat' dir='ltr'>Hellondorp,</span> <span class='ocrx_word' id='word_1_285' title='bbox 528 3740 557 3784; x_wconf 92' lang='lat' dir='ltr'>ut</span> <span class='ocrx_word' id='word_1_286' title='bbox 579 3731 605 3782; x_wconf 87' lang='lat' dir='ltr'>in</span> <span class='ocrx_word' id='word_1_287' title='bbox 623 3731 704 3784; x_wconf 88' lang='lat' dir='ltr'>titulo.</span> <span class='ocrx_word' id='word_1_288' title='bbox 724 3760 755 3772; x_wconf 90' lang='lat'><em>-</em></span> <span class='ocrx_word' id='word_1_289' title='bbox 774 3731 807 3800; x_wconf 82' lang='lat'>2)</span> <span class='ocrx_word' id='word_1_290' title='bbox 825 3731 847 3784; x_wconf 94' lang='grc' dir='ltr'><strong><em>Β</em></strong></span> <span class='ocrx_word' id='word_1_291' title='bbox 864 3730 1024 3784; x_wconf 82' lang='lat' dir='ltr'>detraxit.</span> <span class='ocrx_word' id='word_1_292' title='bbox 1043 3762 1075 3773; x_wconf 90' lang='lat'>-</span> <span class='ocrx_word' id='word_1_293' title='bbox 1093 3733 1127 3802; x_wconf 82' lang='grc'>3)</span> <span class='ocrx_word' id='word_1_294' title='bbox 1144 3733 1233 3788; x_wconf 75' lang='lat' dir='ltr'>Bisic-</span> 
     </span>
     <span class='ocr_line' id='line_1_37' title="bbox 258 3799 1107 3869; baseline 0 -15"><span class='ocrx_word' id='word_1_295' title='bbox 258 3803 317 3867; x_wconf 83' lang='lat' dir='ltr'>ben,</span> <span class='ocrx_word' id='word_1_296' title='bbox 334 3801 377 3854; x_wconf 86' lang='lat' dir='ltr'>ubi</span> <span class='ocrx_word' id='word_1_297' title='bbox 394 3802 443 3854; x_wconf 92' lang='lat' dir='ltr'>boc</span> <span class='ocrx_word' id='word_1_298' title='bbox 460 3801 566 3869; x_wconf 78' lang='lat' dir='ltr'>contigit</span> <span class='ocrx_word' id='word_1_299' title='bbox 583 3815 650 3853; x_wconf 84' lang='lat' dir='ltr'>suno</span> <span class='ocrx_word' id='word_1_300' title='bbox 669 3801 745 3853; x_wconf 81' lang='lat'>1222.</span> <span class='ocrx_word' id='word_1_301' title='bbox 764 3830 795 3842; x_wconf 93' lang='lat'><em>-</em></span> <span class='ocrx_word' id='word_1_302' title='bbox 815 3801 847 3869; x_wconf 81' lang='grc'>4)</span> <span class='ocrx_word' id='word_1_303' title='bbox 865 3799 887 3856; x_wconf 83' lang='lat' dir='ltr'>E</span> <span class='ocrx_word' id='word_1_304' title='bbox 905 3802 935 3854; x_wconf 87' lang='lat' dir='ltr'>in</span> <span class='ocrx_word' id='word_1_305' title='bbox 953 3800 1107 3854; x_wconf 80' lang='lat' dir='ltr'>domibus.</span> 
     </span>
    </p>
   </div>
   <div class='ocr_carea' id='block_1_11' title="bbox 0 0 1313 4302">
    <p class='ocr_par' dir='ltr' id='par_1_11' title="bbox 0 0 1313 4302">
     <span class='ocr_line' id='line_1_38' title="bbox 0 0 1313 4302; baseline 0 0"><span class='ocrx_word' id='word_1_306' title='bbox 0 0 1313 4302; x_wconf 95' lang='lat' dir='ltr'> </span> 
     </span>
    </p>
   </div>
  </div>
 </body>
</html>
