2594 4302
379 279 434 340 DE
457 277 640 342 CORPORE
664 279 832 344 CHRISTI.
922 323 927 333 ·
1077 283 1139 343 207

447 470 688 560 ,sternuntur
716 473 781 532 nn.

94 594 145 654 De
165 595 316 653 homericis
344 597 396 670 qni
416 595 449 653 ιἰι
471 595 590 654 ecclesias
609 575 710 671 furori
730 602 800 654 sont
821 613 929 671 eorpus
950 595 1090 670 Domini,
1112 577 1143 655 ed

371 744 375 752 Α
392 695 454 740 uno
474 689 598 758 propter
618 683 673 741 hoc
693 699 841 758 snspcrrso.

161 803 228 862 Non
250 808 294 862 est
319 801 367 860 diu
389 801 606 886 quodquidam
628 805 683 864 sub
706 809 833 864 scemate
855 801 997 880 religionis
1018 805 1139 864 venien-

95 897 140 950 tes
167 892 198 948 in
226 889 390 950 Dioccesim
419 889 635 964 coloniensem,
674 893 702 948 in
732 890 851 950 diversis
880 891 1008 952 ecclesiis
1036 908 1140 966 corpus

94 977 215 1038 Domini
228 977 311 1036 firrati
322 983 397 1038 sunt.
425 976 472 1036 Dc
485 977 601 1053 reliquis
617 975 634 1057 ¹)
648 994 718 1038 vcro
733 979 919 1054 ornamentis,
931 977 1067 1038 calicibus
1081 978 1139 1038 sci-

94 1064 170 1140 licet,
193 1063 272 1123 libris
293 1066 355 1124 sive
379 1063 552 1123 indumentIs
573 1064 814 1138 sacerdotalibus·
828 1065 907 1124 nulla
928 1067 968 1124 eis
990 1081 1059 1126 cura
1079 1065 1143 1124 init.

94 1152 140 1210 Ex
159 1153 263 1226 quibus
296 1169 371 1210 unus
392 1153 421 1209 in
443 1153 591 1226 provincia
611 1157 710 1210 nostra
731 1151 940 1226 deprehensus,
973 1158 1002 1211 et
1022 1152 1141 1210 ubinam

93 1237 239 1319 fecisset²)
263 1255 365 1314 corpus
379 1235 497 1297 Domini
510 1239 671 1314 requIsitus,
692 1235 852 1314 respondit:
874 1239 908 1298 ln
922 1239 1014 1297 lutum
1035 1239 1141 1297 iactavi

92 1323 175 1384 illud.
218 1325 340 1400 Propter
353 1324 430 1400 quod
444 1327 529 1384 miser
546 1342 711 1400 suspensus,
732 1327 875 1400 proiectus
897 1328 990 1385 estin
1013 1326 1141 1398 cloccam

94 1413 204 1472 inferni.
247 1412 280 1470 ln
310 1413 439 1488 prordma
470 1429 539 1471 vero
561 1411 679 1490 Synodo
701 1430 720 1471 a
742 1412 856 1471 domino
878 1412 1045 1488 EngiIberto
1068 1411 1141 1487 Epi-

95 1515 184 1575 scopo
207 1505 392 1575 pracceptum
416 1505 467 1573 est,
491 1499 572 1556 utin
596 1499 728 1558 omnibus
751 1499 878 1558 ecclesis
900 1499 1048 1559 Dioecesis
1070 1515 1141 1558 suae

97 1601 201 1661 corpus
228 1585 346 1645 Domini
373 1587 428 1646 sub
458 1585 591 1646 clausura
612 1591 781 1646 servaretur.
831 1585 1034 1648 NOVICIUS:
1064 1584 1141 1662 Quid

96 1680 142 1734 est
170 1673 247 1748 quod
276 1672 410 1732 haeretici
438 1673 494 1732 hoc
522 1679 733 1732 sacramentum
754 1679 815 1732 tam
836 1673 1020 1733 vehementer
1040 1689 1142 1749 persc-

96 1759 243 1838 quunturi
287 1758 521 1819 MONAOHUS:
545 1758 621 1834 Quia
633 1758 733 1819 fideles
753 1759 823 1818 illud
845 1767 911 1820 ante
933 1762 1030 1820 omnin
1050 1775 1142 1820 vene·

7 1859 8 1894 ἒ
95 1855 210 1921 rantur,
244 1845 350 1907 idcirco
387 1846 523 1906 haeretici
554 1845 631 1905 idern
664 1854 874 1906 sacramentum
902 1847 957 1906 illis
985 1849 1014 1906 in
1043 1846 1142 1906 odium

94 1937 221 1996 maxime
254 1940 431 1993 execrantur.
485 1932 580 1992 Multa
612 1934 641 1991 in
675 1932 854 1993 distinctione
883 1936 983 2009 quinta
1015 1933 1141 2009 capitulo

7 2049 8 2056 ι
94 2024 234 2083 vicesimo
263 2020 405 2095 secundo,
435 2020 470 2080 de
493 2036 585 2080 errore
607 2019 813 2080 haereticorum
836 2019 941 2080 dixisse
961 2038 1008 2082 me
1029 2019 1140 2096 recolo,

6 2123 7 2160 r
96 2117 127 2172 et
140 2109 213 2192 lorte
226 2108 326 2184 nimis;
348 2109 434 2166 timeo
450 2109 526 2166 enlm
541 2106 652 2182 aliquos
664 2107 704 2166 ibi
716 2104 737 2186 ⁸)
761 2123 846 2183 posse
869 2105 1071 2183 scandalizem
1088 2107 1141 2168 sed

6 2223 7 2234 ι
97 2194 233 2273 quicquid
260 2195 301 2254 ibi
322 2194 430 2254 dictum
453 2200 511 2269 est,
543 2195 617 2254 sicut
636 2193 718 2253 ¹testis
740 2199 784 2253 cst
805 2194 874 2254 mihi
895 2195 1053 2269 Dominus,
1084 2194 1141 2254 dixi

6 2307 7 2310 ¹
95 2282 136 2344 ad
167 2281 287 2360 gloriam
315 2281 418 2340 Christi
446 2289 533 2356 atque
562 2280 783 2356 catholicorum,
823 2287 851 2342 st
879 2280 917 2340 cd
946 2281 1141 2342 confusionem

95 2371 315 2432 haeretIcorum.
353 2367 556 2428 NOVICIUS:
580 2367 764 2428 Satislactum
785 2368 854 2426 mihi
881 2368 980 2444 fateor,
1001 2375 1141 2445 quantum

95 2460 208 2536 gratiae
245 2463 406 2516 mereantur
439 2456 523 2532 digne
557 2457 815 2530 communicantem
848 2473 924 2514 nunc
952 2455 990 2518 ad
1023 2455 1142 2534 indigne

97 2545 283 2606 conficientes
317 2560 409 2603 sermo
446 2541 591 2619 procedat
641 2539 878 2602 MONACHUS:
913 2543 997 2602 Prius
1024 2543 1077 2601 tibi
1105 2559 1141 2602 ex

97 2631 246 2707 scripturis
262 2630 423 2706 ostendam,
433 2647 520 2706 quam
537 2629 705 2706 periculose,
728 2637 756 2690 ct
773 2647 862 2706 quam
882 2632 1008 2708 gravIter
1020 2637 1142 2740 peccent

97 2717 264 2780 sacerdotes
284 2716 399 2794 indigne
422 2717 614 2778 conficientes.

456 2908 689 2970 CAPITULUM
710 2909 790 2969 LIII.

300 3030 348 3089 De
368 3031 568 3090 sacerdotibus
588 3033 708 3108 indigne
728 3001 952 3109 conficientibus

166 3153 247 3214 Sicut
267 3152 370 3230 legitur
390 3155 419 3212 in
436 3153 559 3230 Regum,
582 3152 643 3213 Ona
665 3154 799 3214 sacerdos
820 3154 914 3216 bobus
936 3152 1142 3214 recalcitranti-

100 3245 156 3302 bus
188 3239 227 3299 ad
255 3257 352 3299 arcam
380 3258 417 3300 ne
439 3240 594 3300 declinaret
615 3258 732 3300 manum
754 3241 894 3315 extendit,
917 3248 946 3301 et
968 3257 1035 3300 mox
1056 3257 1142 3317 snper

99 3329 260 3390 temeritate
273 3344 338 3386 cum
350 3326 492 3387 Dominus
506 3325 648 3407 occiditr).
692 3327 805 3387 Dicitur
825 3327 927 3387 eadem
948 3333 1033 3388 nocte
1054 3329 1142 3388 luisse

99 3435 167 3478 curn
194 3432 284 3475 uxore
312 3432 374 3473 sua.
417 3414 448 3474 Sl
477 3413 611 3474 sacerdos
639 3413 780 3474 accedens
808 3415 846 3475 ad
874 3427 971 3474 arcam
992 3415 1141 3492 figuralem

97 3501 321 3577 sublevandam,
357 3502 394 3562 ob
422 3503 481 3560 iarn
510 3501 615 3561 dimam
644 3518 762 3560 causam
791 3508 883 3563 morte
910 3501 1065 3562 mulctatus
1090 3506 1142 3576 est,

99 3591 169 3670 quid
197 3597 283 3666 putas
303 3607 415 3666 poenae
437 3594 580 3648 merentur
601 3587 766 3648 sacerdotes
787 3589 908 3650 adulteri
933 3596 962 3649 ct
981 3587 1142 3663 remicarit,
1158 3653 1164 3666 ,

99 3795 130 3864 t)
150 3793 170 3846 D
188 3793 348 3862 reliqniis.
370 3822 400 3832 -
415 3793 447 3860 2)
466 3791 607 3844 lecisset
625 3791 807 3860 germanianus
824 3800 877 3845 est:
895 3791 983 3847 woldrr
1002 3807 1030 3844 cr
1047 3789 1141 3860 gethan

167 3862 245 3914 hints.
282 3862 500 3916 Cfuisscta-
472 3861 742 3930 -3)Ρίιι(1ι.-
762 3862 874 3932 Meg.
893 3861 966 3926 ll,.6
