2622 4322
433 271 484 332 DE
506 269 770 333 ΤΕΝΤΑΤΙΟΝΕ.
1061 272 1120 332 185
1196 317 1199 324 .

435 443 666 505 CAPITULUM
688 444 774 506 XIV.

139 566 206 625 Itan
225 565 260 624 dc
279 557 402 638 Abone,
423 569 472 640 qui
491 565 593 625 sedena
614 569 646 624 tn
668 582 742 641 equo
764 563 899 640 superbo,
920 563 1077 624 Freders‘co

241 651 319 728 Regi
333 652 537 712 Rornanorum
552 655 760 740 propinquare
779 669 842 710 non
857 655 966 726 potuit.

159 787 385 849 MONAOHUS:
412 787 497 849 Anno
525 791 687 866 praeterito
701 786 804 848 Ahhas
826 787 942 864 quidam
964 787 1000 847 de
1021 787 1119 848 ordina

107 879 199 950 nostro,
219 876 293 936 bene
314 881 398 935 notus
419 876 495 951 mihi,
518 892 585 935 eum
608 881 770 934 occurreret·
788 874 941 936 Frederieo
961 875 1035 952 Regi
1056 874 1119 934 Ro·
1229 926 1233 946 ,

106 977 249 1037 uanomm,
278 965 329 1038 qui
356 962 498 1022 avtmculo
527 979 581 1022 suo
607 961 740 1038 Philippo
762 964 900 1021 successit
924 963 954 1020 in
979 961 1119 1038 imperio,

105 1045 196 1106 hahens
215 1066 280 1109 cum
301 1049 351 1108 illo
373 1048 451 1124 loqui
471 1047 595 1124 aliquid,
623 1051 664 1108 ita
685 1051 779 1124 eoepit
800 1065 891 1124 equus
912 1051 973 1108 eim
994 1048 1119 1122 hmrdrc,

104 1131 213 1195 lmoivire
235 1141 264 1194 ct
279 1135 412 1195 insultus
432 1153 463 1196 se
486 1135 566 1209 dare,
585 1140 618 1193 ut
637 1134 711 1211 Regi
730 1137 761 1193 in
782 1151 857 1210 equo
879 1137 947 1194 satis
968 1140 1118 1194 mansueto

104 1219 209 1297 sedenti,
232 1221 313 1281 nullo
340 1224 404 1280 nisu
436 1229 534 1297 posset
561 1223 760 1298 propinquare.
802 1218 1006 1280 NOVIGIUS:
1043 1219 1119 1296 Quid

103 1314 183 1380 posset
201 1314 268 1368 teme
289 1314 389 1368 tantus
409 1309 546 1384 Princeps
569 1310 709 1384 cogitasse
722 1304 761 1387 ¹)?
782 1305 1016 1368 MONACHUS:
1042 1306 1118 1368 Puto

103 1391 166 1452 ilum
191 1411 247 1454 non
275 1394 391 1454 modice
418 1395 504 1456 fuisse
533 1393 766 1454 scandalizatum.
814 1394 890 1454 Nam
918 1393 1009 1453 simile
1037 1395 1064 1454 ei
1088 1395 1118 1452 in

103 1494 161 1554 equo
187 1480 287 1541 eodem
318 1482 447 1558 contigit
465 1475 595 1555 mecum,
624 1485 653 1540 ct
680 1497 735 1558 ego
764 1479 971 1540 scandalizatus
1005 1479 1046 1540 dui
1088 1482 1118 1540 in

103 1574 254 1643 eapropter
284 1584 400 1642 equum.
442 1566 593 1628 Recedens
618 1583 688 1627 vero
710 1585 728 1626 a
749 1566 830 1643 Rege
851 1584 918 1626 eum
937 1566 1029 1627 multa
1049 1584 1117 1626 eru·

102 1651 243 1729 bescentia,
265 1671 341 1730 equo
359 1654 407 1713 illo
421 1654 519 1713 effreni
531 1656 574 1713 uti
594 1653 685 1713 noluit
707 1653 742 1712 de
765 1660 858 1713 cetero
867 1649 898 1733 ²).
940 1651 1042 1714 Abbas
1063 1655 1117 1714 isto

101 1735 172 1800 homo
192 1746 251 1800 erat
271 1757 376 1815 senex,
405 1740 525 1817 simplex
546 1742 673 1816 satisque
693 1739 807 1800 humilis
839 1756 874 1799 ac
908 1739 1116 1818 disciplinatus,

101 1821 196 1886 icetin
216 1827 272 1886 hac
302 1829 464 1902 equitattua
484 1828 578 1886 minus
599 1827 700 1886 finisset
728 1829 959 1903 circumspectus.
1000 1825 1116 1888 NOVI-

102 1909 185 1972 OIUS:
212 1913 299 1990 Quod
325 1915 401 1972 iuste
428 1916 458 1972 in
486 1913 625 1990 religiosis
656 1912 851 1973 saecularibus
880 1913 1023 1989 displicet,
1051 1912 1117 1973 Deo

100 1997 195 2071 placere
221 2017 279 2059 non
300 2006 405 2076 potest.
446 1997 680 2059 MONACHUS:
712 2000 822 2060 Verum
850 1999 934 2074 dicis,
962 2001 1030 2074 quia
1050 1998 1116 2060 Deo

102 2081 219 2146 dehemus
233 2089 444 2160 conscientiam,
464 2085 571 2146 famam
582 2085 753 2145 homiuibus.
793 2084 933 2146 Omnibus
951 2085 1117 2146 Christianis

102 2168 187 2230 dicitur
205 2189 223 2232 a
243 2172 374 2233 Christo:
401 2173 511 2232 Discite
533 2191 554 2231 a
574 2191 636 2245 me,
665 2175 738 2248 quia
758 2176 836 2232 mitte
857 2191 924 2232 sum
951 2179 979 2232 et
999 2173 1117 2232 hunoldo

102 2255 211 2334 Μ’).
251 2259 293 2320 Ut
314 2261 390 2318 enim
405 2265 517 2318 taceam
539 2259 575 2318 dc
597 2258 732 2318 scandalo
754 2258 943 2318 saccularium
963 2260 993 2318 in
1013 2275 1117 2335 super·

102 2341 141 2402 bin
158 2345 362 2422 religiosorum,
392 2362 458 2405 cum
479 2345 585 2426 Judpei
607 2351 636 2406 et
655 2347 762 2422 pagani
782 2346 946 2421 superbiam
966 2344 1015 2406 vel
1034 2349 1117 2423 signa

102 2432 233 2505 superbiae
245 2431 346 2492 vident
357 2435 386 2490 in
399 2431 575 2506 Christianis,
595 2431 761 2508 religionem
782 2427 973 2492 Christianam
992 2432 1116 2508 horrent,

104 2517 353 2594 ethlasphcmatur
380 2535 484 2578 nomen
514 2518 619 2577 Christi
641 2535 693 2594 per
715 2535 773 2578 eos.
815 2518 863 2578 De
883 2518 939 2578 hoe
967 2519 1020 2578 tibi
1040 2519 1115 2580 rese·

104 2617 155 2661 run
171 2606 256 2666 verba
277 2601 427 2666 cuiusdam
447 2605 606 2681 Sarraceni,
627 2607 764 2665 memoria
784 2605 870 2665 valde
891 2605 1066 2683 dignissima.

437 2794 669 2868 CAPITULUM
689 2795 759 2856 XV.

106 2913 143 2972 lle
155 2935 285 2993 popano,
308 2921 361 2994 qui
383 2918 467 2993 opud
485 2919 635 2977 Achoaem
657 2911 771 2976 dicebat
793 2915 974 2978 Chrhdaaos
991 2926 1116 2995 propter

218 3004 387 3082 aeepcrbiom
409 3012 436 3064 et
456 3007 560 3082 polam
582 3004 618 3062 de
640 3011 721 3062 terra
741 3011 846 3063 sancto
868 3008 978 3065 eiectos.

156 3139 246 3202 haten
265 3142 440 3203 Wilhelmus
460 3141 615 3219 aliquando
638 3144 808 3202 camerarius
829 3149 934 3218 noster,
955 3149 1023 3204 ante
1044 3159 1115 3203 con-

108 3227 241 3288 sensionem
268 3221 429 3289 canonicus
450 3230 543 3290 lucrat
569 3227 647 3304 apud
673 3229 836 3289 Traiectum
861 3227 1015 3308 insenum).
1058 3227 1115 3289 Hic

108 3315 212 3387 tempore
238 3316 446 3376 adolescentiae
474 3333 544 3376 suae
573 3332 657 3375 cruce
689 3318 832 3392 signatus,
858 3319 951 3392 gratia
971 3316 1115 3376 Dominici

109 3399 226 3470 sepulchri
238 3403 437 3463 hansiretavit.
479 3402 646 3478 Antequam
667 3403 757 3478 navis,
778 3405 808 3460 in
830 3420 889 3479 qua
911 3408 979 3478 erat,
1000 3409 1115 3479 portum

110 3479 241 3570 hehonis⁶)
269 3491 423 3566 attigisset,
457 3491 554 3566 ignem
584 3488 742 3548 facularum
767 3495 841 3582 ¹ante
873 3495 967 3549 ortum
994 3506 1115 3550 aurorae

125 3613 148 3684 1)
161 3615 196 3670 BG
210 3621 281 3688 quid
299 3629 433 3688 poterat
451 3621 487 3691 (G
504 3621 646 3689 poterit)
665 3631 740 3673 tunc
757 3629 865 3674 tantus
883 3621 1041 3688 Princep'n
1063 3633 1122 3672 co-=

163 3688 274 3755 gitare,
301 3690 414 3758 unin
436 3699 530 3757 putas
560 3699 684 3774 tantum
713 3691 892 3758 Principem
922 3699 997 3743 tunc
1026 3693 1114 3811 cogi-

163 3763 246 3812 tasse.
264 3789 296 3799 -
315 3761 347 3828 2)
365 3759 406 3813 BG
423 3759 458 3811 de
476 3769 587 3812 cetero
605 3769 653 3813 utu
670 3760 785 3812 noluit.
805 3790 836 3799 —
855 3761 887 3827 3)
905 3759 992 3812 hlatth.
1011 3759 1053 3823 11,
1088 3759 1113 3811 9.

164 3853 190 3866 -
206 3827 236 3898 4)
252 3829 422 3896 Ultraiectum,
439 3829 551 3898 Utrechl.
571 3859 603 3870 -
622 3830 654 3898 5)
672 3829 743 3882 Saint
758 3829 822 3883 Jean
839 3829 940 3882 suae.
