2628 4310
403 273 414 320 .’
446 245 502 312 DE
523 243 802 314 uoumutmus.
1077 245 1141 310 805

430 421 667 498 'capitutum
687 435 815 500 XLVII.

136 557 185 618 De
205 557 337 618 Heruieo
358 561 469 618 mutuo
490 562 543 636 qut
560 561 691 618 mertens
711 559 786 619 stetit
806 560 897 634 eupttt
914 573 971 618 sem
991 557 1120 637 ωμάαη

258 648 387 721 territum
408 648 567 720 mantare,
585 663 641 722 pu·
662 663 751 721 quau
763 661 862 720 ¹erperae
875 645 987 704 attentes

248 765 249 768 κ
421 735 560 808 proeium
573 729 593 806 ¹)
622 731 824 792 subtraxerat.

168 851 204 910 In
230 851 366 912 Dioeeesi
395 851 558 913 Coloniensi
585 851 654 912 ville
674 849 786 932 Bude²)
808 853 930 911 rusticus
952 851 1069 927 quidam
1089 850 1143 911 fuit

103 937 247 999 Hemieus
267 941 392 999 nomine.
445 939 502 999 Hie
531 957 597 1000 enm
625 942 709 999 morti
730 941 877 1015 proximus
899 943 990 1013 esset,
1017 937 1143 1013 lapidem

102 1025 243 1104 grandem
264 1030 294 1086 et
313 1027 435 1103 ignitum
454 1043 543 1102 supra
563 1043 594 1087 se
614 1028 645 1085 in
666 1041 733 1086 aere
749 1024 878 1102 pendere
899 1023 1056 1101 eonspexit
1097 1023 1143 1082 Ex

104 1113 187 1176 euius
208 1112 310 1176 ardore
331 1131 396 1174 eum
417 1130 505 1190 aeger
524 1115 609 1174 nimis
630 1118 789 1188 aestuaret,
822 1129 895 1174 veee
915 1110 1052 1172 emmeut
1071 1109 1143 1170 hor·

103 1199 193 1262 ribili:
214 1199 259 1262 En
279 1199 353 1276 lapis
368 1202 454 1276 capiti
467 1217 532 1266 mee
554 1202 704 1262 imminens
721 1205 814 1260 totum
834 1216 881 1260 me
901 1197 1036 1262 intendit
1077 1197 1143 1258 Vo-

104 1291 187 1349 catus
210 1292 254 1349 est
266 1287 411 1363 sabertum
433 1287 590 1361 confitetur,
610 1287 664 1351 sed
686 1285 756 1348 nihil
776 1285 817 1346 itti
836 1285 952 1362 profuit.
994 1285 1143 1361 Recogita,

105 1375 214 1448 inquit,
245 1375 269 1436 si
297 1373 423 1449 aliquem
444 1373 539 1449 tepide
560 1377 616 1437 tete
639 1373 861 1440 immunem.
903 1371 952 1434 Ad
974 1370 1053 1447 quod
1074 1387 1143 1432 ver-

104 1460 176 1522 bum
196 1459 243 1524 ille
263 1461 294 1524 tn
322 1477 354 1521 se
374 1478 506 1527 reuersus
531 1463 588 1520 ait:
617 1461 763 1522 Reeordeu
790 1477 837 1520 me
864 1459 990 1520 eundem
1017 1456 1144 1536 lepidam

104 1552 139 1608 ut
160 1564 244 1622 agros
271 1564 353 1612 meus
381 1547 562 1622 ampliarent,
594 1549 624 1610 in
652 1547 761 1610 alienes
788 1549 928 1608 terminos
956 1545 1143 1608 antetulisse.

105 1632 309 1709 Responsum
324 1633 488 1709 aeaeae,
510 1634 584 1699 haee
598 1641 644 1695 est
658 1651 762 1710 eausa;
784 1633 832 1694 ue
844 1633 961 1710 eulpam
981 1631 1142 1706 eonfitetru,

104 1720 330 1790 satisfactionem
350 1721 514 1798 pollicetur,
546 1722 645 1798 sieque
666 1739 685 1786 e
705 1719 834 1784 terribtlli
859 1719 909 1784 itte
937 1721 1047 1782 visione
1068 1718 1142 1780 libs·

103 1813 192 1868 ratur.

426 1995 660 2058 CAPITULUM
680 1995 823 2058 XLVIH.

149 2087 226 2180 rum
247 2099 415 2180 ue'rusueo
436 2121 486 2179 aut
507 2119 643 2180 diabotus
661 2120 769 2196 patum
790 2121 911 2194 tpaatm
934 2121 1051 2178 mittere
1070 2122 1104 2178 br

252 2224 284 2266 es
304 2210 442 2266 martenii
455 2206 645 2279 minabatur,
668 2206 703 2266 ob
727 2207 850 2265 eandem
871 2206 1000 2282 eulpam.

117 2345 121 2353 ·
171 2327 270 2389 Simile
301 2330 432 2405 contigit,
453 2329 483 2386 in
515 2327 583 2388 villa
601 2329 662 2388 ¹eui
688 2323 853 2407 Rbtheimb
887 2324 1062 2387 vocabulum
1094 2331 1146 2386 est.

107 2415 182 2474 Cum
209 2417 333 2474 rusticus
355 2413 473 2490 quidem
493 2415 601 2474 ibidem
622 2417 775 2475 moriturus
797 2420 887 2489 esset,
917 2412 1049 2473 diabolus
1071 2414 1147 2472 assi-

106 2509 194 2578 stens,
218 2501 317 2578 palum
338 2503 456 2579 igneum
474 2504 519 2562 eri
541 2505 602 2562 eins
620 2504 772 2562 immittere
794 2502 965 2561 minabatur.
1007 2499 1059 2560 Hle
1082 2498 1146 2576 eul-

105 2607 175 2666 pam
195 2605 254 2648 non
274 2591 424 2666 ignorans,
445 2590 617 2666 quoeunque
639 2607 670 2650 se
691 2589 837 2664 vertebat,
864 2603 978 2662 semper
999 2585 1147 2648 diabolum

107 2692 174 2735 eum
193 2675 276 2752 palo
308 2680 487 2751 praesentem
519 2676 656 2736 habebat.
708 2675 812 2735 Palum
844 2673 985 2752 siquidem
1018 2673 1146 2734 eiusdem

107 2763 273 2837 quantitatis
295 2768 324 2822 et
344 2762 453 2823 formae
475 2761 510 2822 de
532 2780 601 2838 agro
623 2779 675 2822 sue
696 2763 846 2840 inegram
865 2761 1013 2822 cuiusdam
1033 2760 1146 2821 honesti

108 2847 204 2908 militis
225 2848 354 2909 eiusdem
374 2849 470 2924 villae,
492 2847 639 2908 Godetridi
660 2852 775 2924 nemine
797 2843 1066 2925 transtulerat,'sibi
1090 2845 1162 2908 ad··

98 2934 201 2995 tendo
230 2935 309 3012 qued
336 2935 378 2994 illi
406 2936 594 2995 subtraxerat.
639 2933 687 2994 Aa
718 2953 804 3012 quem
833 2941 954 3012 cogente
981 2937 1040 2994 iarn
1069 2933 1146 2994 dieta

106 3024 277 3082 necessitate
296 3038 365 3081 suos
386 3024 470 3097 misit,
491 3022 590 3082 ablata
609 3023 757 3082 restituere
775 3024 922 3102 premisit3
945 3036 998 3097 per
1019 3037 1092 3097 quos
1113 3027 1147 3080 ut

105 3125 155 3170 reo
177 3112 339 3186 ignosceret
352 3108 533 3184 supplicavit.
565 3108 676 3184 Quibus
689 3107 837 3185 respondit
857 3109 952 3168 miles:
973 3107 1039 3166 Non
1059 3110 1145 3184 igno-

105 3213 201 3272 scam3
238 3197 322 3256 sinite
357 3195 447 3254 filium
482 3195 607 3255 mulieris
635 3196 710 3255 bene
731 3196 866 3271 torqueri.
914 3193 1023 3254 Itemm
1053 3201 1145 3276 terre·
1172 3243 1174 3247 s

104 3290 152 3342 tur
179 3289 213 3342 ut
233 3283 328 3359 prius,
354 3284 458 3342 iterum
484 3277 604 3342 nr'rneies
625 3284 725 3358 mittit,
752 3281 805 3342 sed
826 3283 940 3341 veniam
961 3298 1020 3340 non
1041 3297 1167 3343 eonse-⁴

105 3371 209 3446 quitur.
252 3369 350 3429 Tertio
381 3371 421 3428 eis
450 3385 521 3430 eum„
543 3368 679 3428 lacrimis¹
695 3370 890 3443 venientibus,
919 3368 1144 3445 uticentibus,

104 3472 241 3536 rogamus
262 3473 315 3516 vos
337 3454 450 3527 domine
470 3456 575 3516 intuitu
596 3454 662 3530 Dei,
683 3461 717 3516 ut
736 3461 834 3522 vestra
854 3457 1012 3532 recipiatis,
1038 3460 1068 3515 et
1087 3445 1144 3514 nii-

70 3593 71 3596 *
104 3561 170 3604 sero
186 3541 301 3618 eulpam
315 3543 472 3616 remittatis,
494 3544 562 3620 quia
575 3543 647 3600 mori
660 3559 718 3602 non
732 3548 828 3619 potest
841 3559 935 3620 neque
948 3543 1046 3601 vivere
1060 3541 1144 3618 lieet;

104 3629 276 3708 respondite
295 3628 385 3689 Moto
414 3629 488 3688 bene
509 3627 672 3689 vindicatus
693 3646 772 3704 sum,
800 3627 887 3689 mode
908 3630 1059 3688 remittam.
1094 3627 1143 3688 Ab

122 3816 156 3886 1)
172 3815 236 3870 CEF
253 3813 303 3866 add
321 3830 386 3867 sno.
404 3843 437 3854 -
456 3813 489 3882 2)
506 3812 681 3871 butenheim?
698 3843 731 3856 -
749 3813 783 3884 3)
799 3812 843 3868 GE
859 3811 1017 3884 beeheim.
