2628 4310
442 243 504 305 DE·
519 243 801 308 MORIENTIBUS.
1080 249 1141 308 301

102 368 168 441 pius
197 372 363 442 argueretur
384 384 402 426 a
423 367 579 444 Subprioro
609 373 707 427 nostro
729 366 868 443 Gerlaco,
901 371 950 444 qui
970 375 1040 428 tunc
1068 376 1144 429 tem-

102 453 181 534 poris
204 453 357 513 ecclesiam
378 455 436 512 iam
459 454 551 514 dictae
572 453 659 514 villae
680 455 806 531 regebat,
828 455 1056 516 emendationem
1078 459 1144 532 qui·

104 540 171 598 dem
191 543 337 615 promisit,
367 540 498 600 sednon
528 543 663 600 serravit
712 540 844 600 Tandem
864 543 894 600 iu
925 543 1051 618 peccatis
1084 545 1144 602 suis

102 633 217 685 mortua
239 633 297 700 est,
330 633 360 686 et
380 632 497 703 propter
517 633 659 686 tumorem
681 631 806 703 corporis
827 645 864 689 ne
884 629 1017 708 foeteret,
1048 632 1144 705 posita

102 721 325 789 superterram.
367 713 406 773 Et
428 731 495 773 ecce
508 712 638 773 diabolus
659 732 762 774 manus
784 717 845 774 eius
867 722 896 775 et
917 715 1035 775 brachia
1045 719 1143 790 morit,

102 799 141 860 ad
163 802 252 858 instar
273 803 447 860 numerantis
468 803 630 876 pecuniam.
672 800 796 860 Missum
818 807 861 860 est
881 819 933 878 pro
956 801 1088 877 Gerlaoo,
1111 811 1144 861 ut

103 886 291 946 diaboluma
319 891 471 948 vexatione
503 891 628 963 corporis
660 889 823 947 exorcismis
853 888 1007 948 cohiberet
1056 889 1143 966 Quod

103 990 170 1034 cum
191 974 315 1048 fecisset,
338 992 441 1051 corpus
462 977 579 1050 quievit.
621 974 660 1032 Et
682 991 746 1033 cum
768 974 898 1034 adiurare
920 983 1053 1050 cessaret,
1072 975 1143 1035 illud

102 1078 161 1120 non
184 1063 321 1135 cessavit,
354 1079 429 1120 nunc
460 1078 544 1120 crura
564 1079 641 1119 nunc
662 1079 764 1120 manus
786 1061 938 1121 movendo.
982 1061 1064 1122 Tunc
1085 1063 1143 1122 tol-

101 1148 164 1208 lens
186 1147 337 1220 haristam,
360 1163 453 1224 aquae
475 1147 644 1207 benedictae
666 1150 791 1223 intinxit,
815 1151 907 1207 etori
930 1150 990 1207 eius
1012 1151 1143 1224 immisit,

102 1251 191 1310 quam
219 1233 268 1292 illa
289 1234 453 1294 avidissime
475 1237 626 1293 masticare
649 1237 751 1310 coepit.
794 1233 925 1296 Tandem
954 1233 1056 1293 tollens
1079 1241 1141 1294 sto-

101 1321 159 1382 lam
182 1338 248 1380 cum
271 1323 433 1381 exorcismo
445 1319 518 1380 collo
536 1323 597 1380 eius
611 1321 826 1397 circumligavit,
848 1323 946 1398 sicque
958 1321 1113 1382 daemones
1124 1319 1141 1402 ¹)

101 1411 140 1468 ab
163 1410 223 1466 eius
244 1424 365 1483 corporo
388 1409 573 1483 compescuit
620 1407 691 1466 Erat
718 1409 758 1466 ibi
784 1413 912 1484 tempore
938 1406 1068 1488 eodem²)
1090 1411 1143 1467 ru·'
1180 1397 1183 1405 ’

102 1497 191 1555 stious
214 1495 332 1568 quidam
353 1498 402 1570 qui
435 1495 550 1554 dicebat
579 1493 732 1553 sacerdoti:
771 1494 874 1554 Sciatis
904 1495 1032 1569 domine,
1066 1494 1144 1571 quod

104 1580 235 1640 diabolus
261 1584 291 1639 in
313 1579 368 1640 hac
397 1589 482 1640 nocte
510 1580 652 1656 stupenda
681 1583 846 1657 operabitur
874 1584 902 1640 in
930 1582 986 1642 hoc
1015 1597 1143 1658 corpore.

101 1668 235 1727 Referam
258 1670 333 1726 enim
355 1670 438 1726 vobis
460 1667 565 1741 simile,
595 1667 672 1742 qnod
700 1668 876 1744 temporibus
906 1671 1024 1746 contigit
1044 1671 1142 1745 pueri-

100 1757 159 1815 tiae
180 1771 270 1814 meae.

459 1891 693 1952 onPrrULUM
713 1891 796 1952 XLI.

118 2017 253 2076 lnmrde
273 2018 418 2074 usuraria
441 2015 476 2072 de
496 2015 638 2072 Baebeim
660 2017 744 2074 cuius
766 2017 869 2073 anima
891 2032 911 2074 a
933 2013 1126 2074 maronibus

361 2105 394 2192 ire
414 2105 505 2176 specie
527 2118 686 2169 cornorum
708 2102 811 2160 euulsa
833 2108 882 2160 est.

166 2209 274 2268 Fuerat
294 2207 323 2265 in
345 2204 483 2265 Bacheim
506 2205 574 2264 villa
595 2207 734 2280 proxima,
756 2206 867 2264 famosa
881 2203 1025 2280 quaedam
1038 2221 1141 2264 usura-

99 2297 152 2355 ria.
194 2295 277 2353 Haec
308 2310 373 2353 cum
402 2295 539 2352 moritura
573 2297 664 2366 esset,
701 2309 835 2366 campum
863 2296 955 2350 totum
984 2293 1077 2354 corvis
1106 2309 1141 2350 ac

100 2383 262 2442 cornicibus
292 2379 533 2455 viditrepletum.
576 2378 614 2437 Et
643 2377 777 2437 clamavit
804 2379 927 2438 sortiter:
956 2377 1033 2437 Ecce
1054 2377 1140 2436 modo

98 2470 332 2544 appropinquant
353 2466 392 2526 ad
413 2483 468 2525 me.
512 2466 549 2524 Et
571 2464 690 2525 adiecit:
720 2463 799 2540 Oui,
832 2460 936 2544 owi³);
966 2465 1052 2524 modo
1075 2471 1142 2524 sunt

98 2559 129 2614 in
150 2562 237 2629 teoto,
258 2555 344 2613 modo
366 2557 394 2611 in
418 2553 519 2627 domo,
552 2553 638 2612 modo
660 2558 761 2628 pectus
783 2569 879 2611 meum
901 2550 1024 2626 laniant,
1053 2551 1140 2611 modo

98 2645 226 2703 animam
248 2658 342 2700 meam
365 2640 525 2699 extrahunt.
577 2639 684 2714 Si'oque
707 2656 772 2698 cum
794 2637 905 2698 ululatu
928 2639 1034 2698 efflavit
1056 2640 1140 2714 spiri·

98 2737 170 2803 tum,
192 2747 211 2788 a
232 2712 421 2787 daemonibus
443 2727 481 2786 ad
503 2726 606 2786 inferos
630 2725 839 2785 deducendum.
883 2726 940 2801 Qui
962 2725 1066 2810 eadem
1084 2743 1140 2784 no-

100 2822 147 2875 cte
176 2832 279 2892 corpus
308 2812 344 2874 de
373 2815 476 2873 leretro
505 2815 601 2874 multis
623 2815 671 2889 qui
700 2812 820 2872 aderant
840 2811 1004 2872 videntibus
1035 2811 1140 2871 tollen-

99 2912 160 2976 tes,
189 2917 281 2978 usque
302 2901 341 2959 ad
362 2906 468 2960 tectum
489 2899 674 2974 levaverunt,
704 2906 733 2958 ct
754 2917 820 2958 cum
841 2899 917 2958 trabi
936 2901 1140 2975 impingerent,

95 2994 177 3048 iuxta
198 2990 285 3047 limen
307 2989 372 3047 ostii
393 2985 463 3045 illud
486 2985 587 3046 cadere
610 2989 734 3045 sinentes
757 2984 964 3063 confregerunt.
1005 2984 1140 3044 Extincta

96 3083 165 3136 sunt
186 3075 352 3149 luminaria,
383 3074 516 3150 fugerunt
537 3074 683 3148 homines,
712 3089 796 3132 mane
824 3073 854 3130 in
882 3075 939 3131 iam
970 3070 1046 3132 dicto
1074 3071 1138 3131 loco

95 3181 201 3239 corpus
223 3164 405 3238 reperientes.
449 3159 535 3237 Quod
556 3156 670 3220 bestiali
692 3159 856 3236 sepulturae
878 3157 1064 3219 tradiderunt

438 3311 672 3376 CAPITULUM
699 3313 797 3374 XLII.

120 3424 168 3483 De
191 3421 370 3482 ibeodcrr'co
391 3424 534 3489 cabrario
556 3422 609 3496 qni
629 3422 757 3478 moriens
778 3419 917 3478 denarios
942 3421 1117 3478 masticavit„

163 3543 199 3602 In
220 3544 354 3602 Dioecesi
376 3541 538 3602 Coloniensi
567 3547 634 3599 ante
662 3557 771 3616 paucos
800 3556 891 3600 annos
919 3537 1000 3598 miles
1022 3536 1139 3615 quidam

97 3631 250 3694 defunctus
273 3636 317 3690 est
337 3631 452 3688 nomine
473 3627 678 3701 Tbeodericus,
698 3629 843 3686 usurarius
864 3625 1020 3686 admodum
1045 3625 1138 3683 nomi-

117 3749 147 3816 i)
167 3747 209 3799 lili
228 3745 463 3797 daemonem-
479 3744 511 3811 2)
529 3741 616 3795 bobr
635 3742 746 3794 eodem
763 3751 969 3810 tempore·
990 3742 1022 3809 3)
1040 3739 1138 3808 vulgari

167 3816 288 3869 idiomate
306 3813 450 3868 Coloniensi
467 3813 516 3865 hcc
534 3811 628 3863 dictum
645 3820 693 3878 est,
710 3827 770 3880 pro:
789 3827 805 3865 o
822 3811 900 3865 wsb.
