2538 4314
407 181 468 292 nu
492 228 767 292 courmmoun.
1062 233 1101 295 ar

78 363 122 426 que
138 357 234 413 terram
263 353 344 412 circa
375 353 566 428 sepulchrum
595 353 761 417 effodientes
791 369 890 414 secum
911 369 963 429 pro
986 353 1107 414 benedi·

78 440 151 496 chone
169 439 327 514 deportent.
375 439 583 502 NOVICIUS:
615 441 705 500 Miror
732 447 830 499 utrum
851 431 973 516 gratia'm
994 447 1105 502 tantam

75 527 186 584 moment
206 530 454 602 conversatione,
476 527 524 588 vel
550 527 628 588 finali
649 531 825 587 contritione.
868 524 1104 590 MONACHUSt

74 610 134 670 Satis
151 619 217 687 puto
248 613 332 688 quod
364 617 520 674 caritatem
548 614 680 675 habuerit
708 621 774 674 ante
796 633 878 674 suam
900 614 1106 690 infirmitatem,

74 701 127 774 quia
145 702 209 758 satis
231 708 296 759 erat
313 699 331 781 ¹)
363 708 536 760 mansuetus
567 709 596 760 et
617 702 746 777 humilis3
776 700 826 760 sed
855 704 904 760 vix
930 701 1033 777 aliquis
1062 709 1106 762 est

72 789 110 859 qui
126 789 231 848 noverit
253 790 319 848 eius
343 792 442 848 vitam
464 795 494 848 et
511 794 666 849 extremam
687 790 899 864 poenitentiam,
922 791 991 864 quin
1012 791 1104 866 magis

71 871 131 931 hant
148 873 267 950 gloriam
280 873 303 954 ²)
340 874 549 935 miraculorum
571 877 696 936 ascribat
718 883 861 935 extremae
884 892 958 951 quae
979 879 1106 936 maalma

70 959 110 1018 luit
134 964 312 1037 contritioni,
339 981 433 1038 quam
462 965 596 1037 pristinae
629 965 847 1022 conversationi.
899 961 1105 1022 NOVIGIUS:

71 1045 172 1105 Videtur
198 1049 287 1124 mihi,
324 1049 409 1124 quod
444 1049 563 1108 multum
591 1048 670 1126 apud
697 1049 794 1110 Deum
823 1049 940 1109 valeant
971 1049 1104 1110 lacrirnae

69 1136 233 1194 munitionis.
279 1135 529 1196 MONACHUS:
558 1135 665 1212 Quanti
685 1139 743 1196 sint
763 1135 841 1215 apud
862 1135 958 1194 Deum
980 1136 1103 1211 valoris,

70 1225 188 1295 quantive
210 1223 364 1300 ponderis,
384 1223 518 1284 subiecto
540 1225 591 1284 tibi
613 1223 745 1299 exemplo
767 1223 977 1284 demonstrabo.
1075 1263 1079 1274 .

400 1413 635 1475 CAPITULUM
656 1415 772 1474 XVIII.

69 1551 106 1610 lle
123 1557 253 1614 contrita
277 1558 423 1614 oratione
445 1563 604 1614 conventus
625 1553 661 1612 dc
682 1554 907 1630 Herumcnrodc,
930 1531 1008 1632 quae
1031 1561 1104 1616 cem-

131 1658 206 1716 pore
228 1643 405 1702 columnatio
428 1659 480 1700 cor
500 1641 649 1700 Fredcrtct'
669 1641 862 1717 Imperatoria
883 1645 1019 1702 arctoum

120 1779 265 1857 Tempore
290 1781 474 1854 schlamatis,
508 1779 585 1856 quod
613 1780 666 1839 fuit
685 1782 758 1839 inter
777 1779 974 1840 Alexandrum
996 1786 1025 1839 ct
1047 1779 1106 1838 Oa-

70 1863 232 1928 lirtum'sub
255 1868 419 1928 Fredorico
440 1865 628 1944 Imperatore,
651 1870 700 1943 qui
721 1868 849 1927 eiusdem
870 1867 1030 1926 schismatis
1051 1883 1106 1925 au·

70 1959 120 2011 otor
145 1962 207 2014 erat
238 1962 271 2014 et
303 1955 454 2028 defensor,
486 1955 730 2031 compellebantur
759 1971 858 2016 omues
878 1953 1026 2012 Ecclesiae
1055 1969 1107 2028 per

69 2041 221 2100 uuiversum
246 2043 353 2103 orbem
365 2041 531 2100 Romanum
563 2043 649 2102 literis
670 2041 865 2116 imperialIbus
896 2043 991 2099 iurare
1011 2039 1107 2098 fideli-

70 2132 145 2186 tatem
174 2137 204 2189 et
227 2129 430 2190 obedientiam
453 2127 578 2204 Galixto,
609 2146 694 2204 quern
720 2131 783 2204 ipse
811 2129 923 2203 Papam
953 2132 1107 2186 creaverat

70 2212 237 2276 Rcshtentes
260 2234 335 2276 vero
359 2218 430 2274 inssi
451 2223 516 2274 sunt
543 2217 682 2276 exsulare.
727 2215 801 2274 Cum
821 2214 984 2274 huiusmodi
1006 2215 1106 2273 literae

71 2300 202 2363 exhibitae
224 2305 353 2362 finissent
377 2305 530 2361 conventui
552 2303 587 2362 de
608 2303 837 2377 Hemmenrode,
859 2309 888 2361 et
908 2302 1010 2361 fratres
1032 2319 1106 2360 una-

71 2389 129 2446 nimi
149 2391 273 2450 consilio
298 2389 442 2464 dicerent,
470 2407 501 2449 se
528 2407 711 2467 nequaquam
732 2391 805 2448 velle
826 2389 959 2448 recedere
980 2389 1018 2448 ab
1040 2391 1107 2448 uni-

71 2481 135 2550 tate,
160 2483 356 2553 praeceptum
387 2484 431 2536 est
452 2479 500 2551 eis,
521 2483 553 2536 ut
574 2477 693 2537 celerius
715 2477 750 2534 de
763 2478 894 2536 Romano
917 2478 1025 2534 exirent
1045 2476 1106 2534 Irn-

71 2565 139 2634 pcrio
151 2561 182 2645 ³).
227 2567 296 2624 Viri
317 2563 358 2622 illi
379 2566 491 2623 virtutis
512 2564 641 2624 divinum
662 2567 792 2623 timorem
813 2566 897 2623 minis
918 2564 1001 2639 regiis
1023 2569 1107 2622 ante-

72 2656 210 2726 ponentes,
239 2669 307 2710 cum
330 2653 390 2710 iarn
411 2668 456 2710 res
479 2667 545 2711 suas
567 2658 596 2711 et
617 2653 788 2710 vestimenta
809 2653 1007 2723 sarcinassent,
1029 2649 1107 2708 ordi-

72 2737 177 2813 natique
199 2739 327 2820 fixissent
347 2740 378 2796 in
400 2738 527 2797 diversas
549 2738 649 2797 domos
669 2741 749 2814 regni
770 2738 961 2810 Francorum,
993 2737 1108 2796 dicebat

75 2837 137 2882 nnus
158 2842 262 2884 eorum
284 2825 444 2884 venerabili
463 2825 604 2885 sacerdoti
623 2825 720 2884 David
741 2826 883 2884 monacho
904 2825 1025 2883 ibidem:
1046 2819 1114 2882 Pa?

75 2915 118 2984 ter,
137 2913 255 2989 ignoras
279 2915 349 2988 qnia
372 2927 471 2970 omnes
492 2913 677 2989 migrabimus
699 2912 734 2971 de
755 2912 820 2972 loco
841 2910 920 2971 isto?
954 2911 1010 2992 =Ita
1031 2912 1107 2969 enim

76 2997 188 3059 intentus
212 3006 275 3058 erat
298 2999 487 3072 coelestibus,
518 3007 550 3058 ut
583 2999 651 3075 quid
682 3002 712 3057 in
743 2997 929 3059 exterioribus
961 3004 1107 3075 agustau,

77 3099 181 3156 prorsus
201 3089 360 3163 ignoraret.
414 3085 467 3144 Cui
499 3103 565 3145 cum
586 3089 699 3146 miranti
721 3092 750 3145 et
769 3087 955 3162 Interroganti
975 3103 1106 3159 causam,

78 3169 116 3228 ille
134 3176 281 3250 negotium
303 3178 398 3232 totum
420 3171 595 3248 explicaret,
614 3176 767 3232 maximam
799 3175 828 3232 in
850 3173 974 3256 Domino
995 3172 1107 3232 habens

79 3255 201 3319 fiduciam
221 3263 270 3320 vir
291 3261 397 3320 beatus
410 3261 569 3335 respondit:
593 3259 804 3334 confortamini,
825 3261 933 3333 fratres,
955 3261 1106 3318 nonenim

81 3341 180 3405 deseret
190 3347 337 3410 Dominus
348 3352 494 3422 sperantes
509 3350 537 3406 ln
550 3341 621 3426 se⁴).
663 3347 868 3423 Antiphonam,
891 3349 1007 3422 quaein
1020 3352 1106 3407 nocte

81 3427 177 3491 dicetur
195 3452 285 3510 super
306 3432 488 3508 Magnificat,
515 3435 624 3493 fortiter
645 3441 674 3494 et
695 3453 761 3494 cum
781 3435 904 3493 lacrimis
926 3439 1055 3507 cantate,
1078 3439 1108 3491 et

82 3513 208 3580 Dominus
237 3519 435 3580 consolabitur
455 3538 516 3580 vos.
558 3521 629 3580 Erat
654 3529 751 3581 autern
773 3521 926 3580 Dominica
953 3528 1020 3579 ante
1040 3518 1107 3578 Ad-

84 3611 198 3684 ventum,
227 3611 260 3666 in
283 3623 343 3681 qua
365 3607 519 3682 antiphona
548 3615 592 3668 est
612 3617 698 3684 super
717 3607 900 3686 Magnificat:
930 3607 990 3684 Qut
1010 3607 1105 3666 coelo-

100 3735 126 3804 l)
141 3737 177 3792 BG
192 3749 268 3794 erat
286 3740 380 3792 satis.
399 3769 430 3778 -
448 3742 482 3807 2)
498 3741 538 3796 BC
556 3742 691 3812 gloriam
710 3742 796 3794 hanc.
817 3771 847 3781 -
868 3728 900 3809 3)
918 3740 958 3796 GP
976 3747 1106 3792 exirent

144 3807 177 3862 de
193 3810 340 3864 Romano
358 3809 503 3878 imperio.
526 3842 556 3853 -
576 3813 609 3881 l)
625 3810 711 3865 ludim
730 3812 772 3876 13,
790 3811 832 3864 17.
