2664 4308
442 299 497 360 DE
518 295 676 360 SANCTA
696 295 838 358 MARIA.
1138 299 1156 358 3

121 424 226 501 diligit,
247 425 306 482 imo
328 419 471 498 diligendo
491 423 640 497 praevenit
662 425 691 481 et
709 396 845 495 honorat3
877 424 1090 479 contemnentes
1111 435 1158 494 se,

120 514 188 588 quia
217 512 295 568 iusta
326 515 384 583 est,
415 510 498 584 punit
527 515 556 567 et
583 507 721 566 humiliat.
769 506 858 583 Apud
885 508 977 582 ipsam
1005 506 1159 566 electuaria

16 663 20 679 ι
119 605 186 658 sunt
215 596 419 669 confortativa,
448 601 576 672 ungenta
596 596 736 653 sanativa.
778 593 890 652 Nomen
911 595 972 651 eius
993 611 1082 668 super
1102 594 1159 651 mel

121 686 213 756 dume,
236 691 263 742 et
285 683 430 740 hereditas
459 686 520 740 eius
541 699 630 757 super
651 681 708 738 rael
730 688 758 740 et
777 680 885 756 fovum
901 677 929 755 ¹).
972 678 1160 739 Morientibus

121 773 235 844 assistit,
257 776 434 828 mortuorum
455 771 564 828 animas
586 767 623 826 ad
645 769 736 826 vitam
752 765 882 843 perducit
870 771 1057 825 t.aeternam
1088 765 1160 826 NO·

121 813 269 918 vlulu's:
291 855 374 914 Licet
388 858 484 914 omnia
505 853 577 913 haec
600 852 715 913 credam
737 853 773 912 de
793 852 851 926 illa,
873 852 975 912 vellem
991 859 1088 911 tamen
1109 871 1161 912 ea-

12 923 29 946 '
122 944 188 1004 sem
209 943 278 1001 mans
301 941 438 1017 exempta
460 937 650 1019 structura).
691 937 926 999 noscamus:
950 939 1033 1015 Quae
1048 957 1073 997 a
1094 942 1162 999 aas

122 1030 220 1093 audivi
241 1029 389 1106 religiosis,
409 1029 461 1087 tibi
482 1029 612 1101 reseram,
634 1028 722 1102 ipsius
743 1033 775 1085 ut
797 1042 881 1102 spero
897 1029 1025 1086 oratione
1039 1025 1162 1086 adiutus.

123 1117 210 1194 Quod
230 1133 299 1175 vero
317 1114 442 1174 mundus
464 1117 525 1174 eius
546 1116 653 1173 meritis
666 1115 856 1189 precibusque
876 1119 1068 1187 conservetur,
1089 1113 1163 1172 binis

123 1206 176 1264 tibi
197 1203 323 1280 pandam
347 1201 493 1278 exemplis.

500 1389 733 1451 CAPITULUM
754 1391 793 1449 II.

152 1519 201 1576 De
221 1518 351 1592 imapine
373 1518 442 1586 eius,
465 1533 542 1589 quac
563 1513 684 1572 sudauit
705 1516 809 1571 timore
831 1515 949 1573 diuinae
970 1519 1138 1576 sententiae.

192 1637 268 1696 Ante
290 1637 343 1695 hos
364 1653 456 1695 annos
477 1633 591 1709 quando
613 1633 701 1691 validi
720 1634 761 1692 illi
782 1635 859 1693 luere
881 1638 959 1695 venti
979 1643 1067 1711 atque
1088 1641 1164 1696 toni·

127 1732 208 1798 trua,
236 1741 358 1798 quorum
387 1724 560 1780 mentionem
587 1720 642 1779 secl
663 1723 692 1778 in
716 1719 894 1780 distinctione
917 1729 1018 1802 quarta
1040 1725 1165 1799 capitulo

126 1813 264 1870 vicesimo
285 1812 393 1886 primo,
426 1826 491 1867 cum
519 1811 548 1864 in
576 1805 702 1881 quadam
723 1808 845 1866 eeclesia
865 1810 1029 1882 provinciae
1051 1817 1166 1871 nostrae

127 1898 253 1975 populus
274 1902 371 1968 staret,
393 1902 422 1953 et
443 1894 539 1952 divina
560 1892 693 1953 sacerdos
712 1893 876 1968 celebraret,
896 1897 991 1971 imago
1007 1895 1062 1954 Dei
1077 1897 1168 1957 Goni-

128 1987 206 2044 tricis
239 1991 298 2042 tam
330 1982 516 2042 vehementer
549 1979 651 2039 sudare
682 1983 789 2056 coepit,
822 1987 854 2038 ut
882 1988 1008 2040 astantes
1037 1991 1169 2044 notarent

129 2077 160 2132 et
181 2073 364 2143 mirarentur,
394 2074 481 2143 atque
502 2071 581 2143 ipsae
604 2067 746 2144 sudorum⁸
761 2068 890 2144 guttulae
903 2064 923 2147 ³)
946 2069 1037 2144 peplis
1059 2078 1169 2130 matro-
1261 2117 1263 2124 .

128 2175 232 2218 narum
254 2161 474 2233 extergerentur.
516 2155 596 2212 Nutu
618 2155 675 2213 Dei
706 2156 842 2214 obsessus
864 2154 965 2216 eadem
986 2155 1059 2215 hora
1081 2158 1169 2217 affuit.

128 2245 297 2320 Requisitus
320 2243 355 2302 de
379 2259 474 2316 causa,
496 2241 655 2316 respondit:
678 2241 753 2316 Quid
768 2244 849 2300 statis
863 2240 1058 2301 admirantes?
1079 2245 1169 2304 Filius

128 2332 243 2392 Mariae
269 2347 387 2390 manum
409 2328 574 2388 extenderat
595 2328 633 2388 ad
655 2328 826 2402 feriendum,
856 2346 943 2403 quam
972 2332 996 2388 si
1022 2347 1080 2389 non
1106 2335 1170 2408 ipsa

130 2421 282 2492 tenuisset,
314 2415 438 2476 mundus
465 2419 522 2474 iam
552 2417 667 2475 minime
696 2416 872 2474 subsisteret.
922 2416 998 2476 Ecce
1026 2417 1098 2477 haec
1127 2427 1170 2479 est

130 2523 221 2566 causa
248 2503 369 2563 sudoris.
411 2503 450 2580 Et
477 2505 566 2583 territi
595 2509 661 2561 sunt
690 2520 789 2562 omnes
815 2502 964 2562 audientes
993 2505 1082 2563 verba
1110 2512 1170 2565 tam

130 2591 282 2666 stupenda.
325 2590 408 2649 Haec
431 2589 499 2647 mihi
519 2589 611 2649 relata
631 2595 698 2648 sunt
719 2607 737 2648 a
760 2588 885 2665 quodam
902 2589 1017 2650 Abbate
1038 2591 1170 2669 religioso

130 2678 239 2739 ordinis
261 2679 359 2751 nostri,
381 2683 449 2736 tuno
470 2677 604 2753 temporis
625 2682 754 2736 recenter
778 2684 868 2753 gesta.

501 2865 733 2927 CAPITULUM
753 2867 808 2926 IH.

227 2993 276 3050 De
292 2991 389 3066 ptnpa
409 2989 525 3048 Frisios
537 2989 583 3047 'ob
604 2993 747 3048 iniuriam
768 2991 918 3050 Dominiot
939 2997 1078 3068 corporis.

198 3113 294 3172 Parvo
316 3111 475 3187 posthaec
498 3127 607 3170 emerso
618 3107 640 3189 ⁴)
662 3117 800 3186 tempore,
822 3130 897 3171 anno
919 3114 1051 3174 videlicet
1063 3117 1173 3190 gratiae

133 3199 285 3260 millesimo
301 3197 494 3256 ducentesimo
516 3197 626 3256 decimo
642 3204 754 3272 octavo,
775 3216 853 3258 marc
874 3202 902 3257 in
920 3202 1049 3276 partibus
1063 3202 1172 3263 Frisiae

133 3287 271 3346 terminos
292 3302 359 3344 suos
382 3283 544 3360 egrediens,
565 3285 720 3343 multarum
740 3288 951 3359 provinciarum
972 3294 1062 3347 terras
1084 3307 1173 3349 oecu-

133 3375 224 3450 pavit,
246 3372 327 3430 villas
342 3370 455 3444 delevit,
477 3369 611 3430 ecelesias
624 3371 751 3446 lapideas
765 3370 874 3448 deiecit,
894 3380 1005 3433 tantam
1026 3375 1172 3436 hominum

135 3462 305 3535 extinguens
315 3455 334 3537 ⁵)
360 3456 584 3530 multitudinem,
606 3464 638 3515 ut
655 3476 767 3516 summa
791 3467 904 3519 centum
925 3461 1014 3520 millia
1026 3468 1175 3523 transcen-

135 3546 225 3606 deret.
273 3545 320 3603 Ita
348 3544 463 3604 exaltati
492 3551 557 3602 sunt
580 3545 686 3604 'fluctus
715 3547 791 3621 eius,
806 3539 850 3605 'ut
872 3550 990 3607 turrium
1013 3549 1176 3611 altitudines

158 3733 187 3800 l)
206 3730 282 3784 Ecclr
301 3731 343 3796 24,
361 3731 454 3782 27.-
473 3729 563 3796 )ur
581 3729 781 3796 delucrdurr
798 3731 1015 3799 Relucidari,
1038 3744 1066 3786 ut
1084 3735 1131 3800 111
1150 3738 1173 3788 1.

208 3801 375 3882 ρ.111.-
345 3798 493 3866 3]CP
517 3809 698 3866 guttae
723 3802 755 3869 t)
782 3802 845 3854 ADP
869 3819 1055 3856 emenso
1082 3805 1176 3873 5)(11),

208 3871 404 3939 extinguens
423 3869 592 3922 hominurn.
