<?xml version="1.0" encoding="UTF-8"?>
<!DOCTYPE html PUBLIC "-//W3C//DTD XHTML 1.0 Transitional//EN"
    "http://www.w3.org/TR/xhtml1/DTD/xhtml1-transitional.dtd">
<html xmlns="http://www.w3.org/1999/xhtml" xml:lang="en" lang="en">
 <head>
  <title>
</title>
<meta http-equiv="Content-Type" content="text/html;charset=utf-8" />
  <meta name='ocr-system' content='tesseract 3.04.00' />
  <meta name='ocr-capabilities' content='ocr_page ocr_carea ocr_par ocr_line ocrx_word'/>
</head>
<body>
  <div class='ocr_page' id='page_1' title='image "./caesariiheister05stragoog_0169.png"; bbox 0 0 2538 4314; ppageno 0'>
   <div class='ocr_carea' id='block_1_1' title="bbox 154 194 866 296">
    <p class='ocr_par' dir='ltr' id='par_1_1' title="bbox 154 194 866 296">
     <span class='ocr_line' id='line_1_1' title="bbox 154 194 866 296; baseline 0.001 -3"><span class='ocrx_word' id='word_1_1' title='bbox 154 208 219 294; x_wconf 74' lang='lat'><strong>154&#39;</strong></span> <span class='ocrx_word' id='word_1_2' title='bbox 411 194 414 199; x_wconf 74' lang='grc'><strong>’</strong></span> <span class='ocrx_word' id='word_1_3' title='bbox 469 214 697 296; x_wconf 82' lang='lat' dir='ltr'><strong>nisrmomo</strong></span> <span class='ocrx_word' id='word_1_4' title='bbox 718 225 866 295; x_wconf 82' lang='lat' dir='ltr'><strong>murm</strong></span> 
     </span>
    </p>
   </div>
   <div class='ocr_carea' id='block_1_2' title="bbox 64 346 1264 2778">
    <p class='ocr_par' dir='ltr' id='par_1_2' title="bbox 64 346 1264 2778">
     <span class='ocr_line' id='line_1_2' title="bbox 151 346 1195 434; baseline 0.004 -20"><span class='ocrx_word' id='word_1_5' title='bbox 151 351 274 427; x_wconf 89' lang='lat' dir='ltr'><strong>audiret,</strong></span> <span class='ocrx_word' id='word_1_6' title='bbox 300 346 489 430; x_wconf 77' lang='lat' dir='ltr'>ingemiscens</span> <span class='ocrx_word' id='word_1_7' title='bbox 516 358 569 416; x_wconf 88' lang='lat' dir='ltr'><strong>ait:</strong></span> <span class='ocrx_word' id='word_1_8' title='bbox 597 355 665 417; x_wconf 90' lang='lat' dir='ltr'><strong>Heu</strong></span> <span class='ocrx_word' id='word_1_9' title='bbox 693 357 770 432; x_wconf 92' lang='lat' dir='ltr'><strong>quod</strong></span> <span class='ocrx_word' id='word_1_10' title='bbox 790 359 820 415; x_wconf 90' lang='lat' dir='ltr'><strong>in</strong></span> <span class='ocrx_word' id='word_1_11' title='bbox 842 357 919 416; x_wconf 92' lang='lat' dir='ltr'><strong>omni</strong></span> <span class='ocrx_word' id='word_1_12' title='bbox 940 355 1061 434; x_wconf 85' lang='lat' dir='ltr'><strong>collegio</strong></span> <span class='ocrx_word' id='word_1_13' title='bbox 1083 355 1195 418; x_wconf 80' lang='lat' dir='ltr'><strong>harum</strong></span> 
     </span>
     <span class='ocr_line' id='line_1_3' title="bbox 150 441 1195 520; baseline 0.005 -20"><span class='ocrx_word' id='word_1_14' title='bbox 150 441 405 501; x_wconf 78' lang='lat' dir='ltr'><strong>sanctimonialium</strong></span> <span class='ocrx_word' id='word_1_15' title='bbox 433 460 486 502; x_wconf 87' lang='lat' dir='ltr'><strong>nec</strong></span> <span class='ocrx_word' id='word_1_16' title='bbox 512 461 571 503; x_wconf 91' lang='lat' dir='ltr'><strong>una</strong></span> <span class='ocrx_word' id='word_1_17' title='bbox 601 450 645 503; x_wconf 92' lang='lat' dir='ltr'><strong>est</strong></span> <span class='ocrx_word' id='word_1_18' title='bbox 667 444 702 503; x_wconf 93' lang='lat' dir='ltr'><strong>de</strong></span> <span class='ocrx_word' id='word_1_19' title='bbox 724 443 842 518; x_wconf 84' lang='lat' dir='ltr'><strong>adultis,</strong></span> <span class='ocrx_word' id='word_1_20' title='bbox 865 461 939 520; x_wconf 88' lang='lat' dir='ltr'><strong>quae</strong></span> <span class='ocrx_word' id='word_1_21' title='bbox 961 447 1111 504; x_wconf 88' lang='lat' dir='ltr'><strong>caritatem</strong></span> <span class='ocrx_word' id='word_1_22' title='bbox 1133 444 1195 505; x_wconf 88' lang='lat' dir='ltr'><strong>ha-</strong></span> 
     </span>
     <span class='ocr_line' id='line_1_4' title="bbox 151 527 1194 612; baseline 0.005 -25"><span class='ocrx_word' id='word_1_23' title='bbox 151 527 228 602; x_wconf 90' lang='lat' dir='ltr'><strong>beat,</strong></span> <span class='ocrx_word' id='word_1_24' title='bbox 248 528 278 587; x_wconf 90' lang='lat' dir='ltr'><strong>id</strong></span> <span class='ocrx_word' id='word_1_25' title='bbox 300 535 352 604; x_wconf 89' lang='lat' dir='ltr'><strong>est,</strong></span> <span class='ocrx_word' id='word_1_26' title='bbox 374 546 447 604; x_wconf 90' lang='lat' dir='ltr'><strong>quae</strong></span> <span class='ocrx_word' id='word_1_27' title='bbox 469 533 506 589; x_wconf 93' lang='lat' dir='ltr'><strong>sit</strong></span> <span class='ocrx_word' id='word_1_28' title='bbox 518 533 578 590; x_wconf 91' lang='lat' dir='ltr'><strong>sine</strong></span> <span class='ocrx_word' id='word_1_29' title='bbox 599 537 719 606; x_wconf 88' lang='lat' dir='ltr'><strong>peccato</strong></span> <span class='ocrx_word' id='word_1_30' title='bbox 735 531 856 590; x_wconf 85' lang='lat' dir='ltr'><strong>mortali.</strong></span> <span class='ocrx_word' id='word_1_31' title='bbox 897 531 964 590; x_wconf 88' lang='lat' dir='ltr'><strong>Hoc</strong></span> <span class='ocrx_word' id='word_1_32' title='bbox 985 549 1050 590; x_wconf 90' lang='lat' dir='ltr'><strong>eum</strong></span> <span class='ocrx_word' id='word_1_33' title='bbox 1071 548 1163 609; x_wconf 90' lang='lat' dir='ltr'><strong>posse</strong></span> <span class='ocrx_word' id='word_1_34' title='bbox 1175 528 1194 612; x_wconf 95' lang='lat'><strong>¹)</strong></span> 
     </span>
     <span class='ocr_line' id='line_1_5' title="bbox 152 615 1197 694; baseline 0.004 -21"><span class='ocrx_word' id='word_1_35' title='bbox 152 615 236 674; x_wconf 83' lang='lat' dir='ltr'><strong>nosse</strong></span> <span class='ocrx_word' id='word_1_36' title='bbox 260 633 312 691; x_wconf 90' lang='lat' dir='ltr'><strong>per</strong></span> <span class='ocrx_word' id='word_1_37' title='bbox 332 619 461 692; x_wconf 85' lang='lat' dir='ltr'><strong>spiritum</strong></span> <span class='ocrx_word' id='word_1_38' title='bbox 480 620 700 694; x_wconf 81' lang='lat' dir='ltr'><strong>praescientiae,</strong></span> <span class='ocrx_word' id='word_1_39' title='bbox 728 635 785 677; x_wconf 91' lang='lat' dir='ltr'><strong>non</strong></span> <span class='ocrx_word' id='word_1_40' title='bbox 807 618 901 678; x_wconf 90' lang='lat' dir='ltr'><strong>solum</strong></span> <span class='ocrx_word' id='word_1_41' title='bbox 929 634 965 677; x_wconf 89' lang='lat' dir='ltr'><strong>ex</strong></span> <span class='ocrx_word' id='word_1_42' title='bbox 985 618 1197 694; x_wconf 90' lang='lat' dir='ltr'><strong>praecedenti-</strong></span> 
     </span>
     <span class='ocr_line' id='line_1_6' title="bbox 151 697 1198 782; baseline 0.007 -23"><span class='ocrx_word' id='word_1_43' title='bbox 151 701 220 776; x_wconf 87' lang='lat' dir='ltr'>bus,</span> <span class='ocrx_word' id='word_1_44' title='bbox 243 701 293 761; x_wconf 93' lang='lat' dir='ltr'><strong>sed</strong></span> <span class='ocrx_word' id='word_1_45' title='bbox 323 710 352 762; x_wconf 93' lang='lat' dir='ltr'><strong>et</strong></span> <span class='ocrx_word' id='word_1_46' title='bbox 380 720 416 763; x_wconf 85' lang='lat' dir='ltr'><strong>ex</strong></span> <span class='ocrx_word' id='word_1_47' title='bbox 442 705 681 780; x_wconf 86' lang='lat' dir='ltr'><strong>subsequentibus</strong></span> <span class='ocrx_word' id='word_1_48' title='bbox 704 697 868 782; x_wconf 82' lang='lat' dir='ltr'><strong>cognosces.</strong></span> <span class='ocrx_word' id='word_1_49' title='bbox 910 705 1099 765; x_wconf 83' lang='lat' dir='ltr'><strong>Descendens</strong></span> <span class='ocrx_word' id='word_1_50' title='bbox 1121 723 1198 766; x_wconf 91' lang='lat' dir='ltr'><strong>cum</strong></span> 
     </span>
     <span class='ocr_line' id='line_1_7' title="bbox 150 788 1264 868; baseline 0.006 -23"><span class='ocrx_word' id='word_1_51' title='bbox 150 788 296 863; x_wconf 88' lang='lat' dir='ltr'><strong>praedicto</strong></span> <span class='ocrx_word' id='word_1_52' title='bbox 311 789 427 850; x_wconf 84' lang='lat' dir='ltr'><strong>Simone</strong></span> <span class='ocrx_word' id='word_1_53' title='bbox 447 791 546 851; x_wconf 89' lang='lat' dir='ltr'><strong>Priore</strong></span> <span class='ocrx_word' id='word_1_54' title='bbox 567 792 651 850; x_wconf 85' lang='lat' dir='ltr'><strong>irater</strong></span> <span class='ocrx_word' id='word_1_55' title='bbox 672 791 772 851; x_wconf 88' lang='lat' dir='ltr'><strong>Simon</strong></span> <span class='ocrx_word' id='word_1_56' title='bbox 793 792 830 850; x_wconf 91' lang='lat' dir='ltr'><strong>ad</strong></span> <span class='ocrx_word' id='word_1_57' title='bbox 851 797 947 866; x_wconf 85' lang='lat' dir='ltr'><strong>partes</strong></span> <span class='ocrx_word' id='word_1_58' title='bbox 968 793 1125 868; x_wconf 84' lang='lat' dir='ltr'><strong>inferiores,</strong></span> <span class='ocrx_word' id='word_1_59' title='bbox 1147 795 1197 852; x_wconf 87' lang='lat' dir='ltr'><strong>si·</strong></span> <span class='ocrx_word' id='word_1_60' title='bbox 1263 831 1264 838; x_wconf 64' lang='lat'><strong>.</strong></span> 
     </span>
     <span class='ocr_line' id='line_1_8' title="bbox 151 875 1198 959; baseline 0.006 -26"><span class='ocrx_word' id='word_1_61' title='bbox 151 875 211 934; x_wconf 93' lang='lat' dir='ltr'><strong>mul</strong></span> <span class='ocrx_word' id='word_1_62' title='bbox 232 883 371 936; x_wconf 80' lang='lat' dir='ltr'><strong>venerunt</strong></span> <span class='ocrx_word' id='word_1_63' title='bbox 392 876 430 937; x_wconf 89' lang='lat' dir='ltr'><strong>ad</strong></span> <span class='ocrx_word' id='word_1_64' title='bbox 452 877 596 938; x_wconf 84' lang='lat' dir='ltr'><strong>dominam</strong></span> <span class='ocrx_word' id='word_1_65' title='bbox 617 875 815 959; x_wconf 84' lang='lat' dir='ltr'><strong>Methildum²)</strong></span> <span class='ocrx_word' id='word_1_66' title='bbox 839 878 874 937; x_wconf 93' lang='lat' dir='ltr'><strong>de</strong></span> <span class='ocrx_word' id='word_1_67' title='bbox 887 878 1052 954; x_wconf 88' lang='lat' dir='ltr'><strong>Smitlrusin,</strong></span> <span class='ocrx_word' id='word_1_68' title='bbox 1074 885 1198 939; x_wconf 87' lang='lat' dir='ltr'><strong>matro-</strong></span> 
     </span>
     <span class='ocr_line' id='line_1_9' title="bbox 149 963 1200 1041; baseline 0.007 -22"><span class='ocrx_word' id='word_1_69' title='bbox 149 979 217 1021; x_wconf 89' lang='lat' dir='ltr'><strong>nam</strong></span> <span class='ocrx_word' id='word_1_70' title='bbox 237 963 322 1022; x_wconf 83' lang='lat' dir='ltr'><strong>nalde</strong></span> <span class='ocrx_word' id='word_1_71' title='bbox 343 963 493 1023; x_wconf 88' lang='lat' dir='ltr'><strong>honestam</strong></span> <span class='ocrx_word' id='word_1_72' title='bbox 515 977 549 1024; x_wconf 89' lang='lat' dir='ltr'><strong>ac</strong></span> <span class='ocrx_word' id='word_1_73' title='bbox 564 965 707 1040; x_wconf 86' lang='lat' dir='ltr'><strong>devotam,</strong></span> <span class='ocrx_word' id='word_1_74' title='bbox 729 982 803 1041; x_wconf 87' lang='lat' dir='ltr'><strong>quae</strong></span> <span class='ocrx_word' id='word_1_75' title='bbox 818 964 867 1023; x_wconf 92' lang='lat' dir='ltr'><strong>diu</strong></span> <span class='ocrx_word' id='word_1_76' title='bbox 880 965 960 1024; x_wconf 91' lang='lat' dir='ltr'><strong>illum</strong></span> <span class='ocrx_word' id='word_1_77' title='bbox 972 965 1200 1026; x_wconf 85' lang='lat' dir='ltr'><strong>desideraverat</strong></span> 
     </span>
     <span class='ocr_line' id='line_1_10' title="bbox 149 1046 1200 1129; baseline 0.008 -21"><span class='ocrx_word' id='word_1_78' title='bbox 149 1046 288 1129; x_wconf 77' lang='lat' dir='ltr'><strong>videre³),</strong></span> <span class='ocrx_word' id='word_1_79' title='bbox 311 1067 345 1110; x_wconf 91' lang='lat' dir='ltr'><strong>eo</strong></span> <span class='ocrx_word' id='word_1_80' title='bbox 368 1050 445 1126; x_wconf 93' lang='lat' dir='ltr'><strong>quod</strong></span> <span class='ocrx_word' id='word_1_81' title='bbox 473 1051 563 1111; x_wconf 88' lang='lat' dir='ltr'><strong>multa</strong></span> <span class='ocrx_word' id='word_1_82' title='bbox 591 1051 717 1111; x_wconf 88' lang='lat' dir='ltr'><strong>audisset</strong></span> <span class='ocrx_word' id='word_1_83' title='bbox 739 1053 773 1112; x_wconf 89' lang='lat' dir='ltr'><strong>de</strong></span> <span class='ocrx_word' id='word_1_84' title='bbox 802 1051 859 1111; x_wconf 91' lang='lat' dir='ltr'><strong>illo.</strong></span> <span class='ocrx_word' id='word_1_85' title='bbox 909 1051 1076 1128; x_wconf 89' lang='lat' dir='ltr'><strong>Sedensque</strong></span> <span class='ocrx_word' id='word_1_86' title='bbox 1105 1055 1200 1116; x_wconf 70' lang='lat' dir='ltr'><strong>iusta</strong></span> 
     </span>
     <span class='ocr_line' id='line_1_11' title="bbox 150 1135 1200 1219; baseline 0.005 -24"><span class='ocrx_word' id='word_1_87' title='bbox 150 1152 222 1211; x_wconf 83' lang='lat' dir='ltr'><strong>cam,</strong></span> <span class='ocrx_word' id='word_1_88' title='bbox 243 1153 294 1212; x_wconf 92' lang='lat' dir='ltr'><strong>per</strong></span> <span class='ocrx_word' id='word_1_89' title='bbox 314 1140 495 1213; x_wconf 91' lang='lat' dir='ltr'><strong>interpretem</strong></span> <span class='ocrx_word' id='word_1_90' title='bbox 506 1135 528 1219; x_wconf 56' lang='grc'><strong>4)</strong></span> <span class='ocrx_word' id='word_1_91' title='bbox 551 1141 736 1215; x_wconf 83' lang='lat' dir='ltr'><strong>cogitationes</strong></span> <span class='ocrx_word' id='word_1_92' title='bbox 750 1139 842 1198; x_wconf 90' lang='lat' dir='ltr'><strong>cordis</strong></span> <span class='ocrx_word' id='word_1_93' title='bbox 855 1141 916 1206; x_wconf 83' lang='lat' dir='ltr'><strong>eius</strong></span> <span class='ocrx_word' id='word_1_94' title='bbox 930 1141 956 1198; x_wconf 89' lang='lat' dir='ltr'><strong>ei</strong></span> <span class='ocrx_word' id='word_1_95' title='bbox 976 1140 1125 1215; x_wconf 84' lang='lat' dir='ltr'><strong>revelavit,</strong></span> <span class='ocrx_word' id='word_1_96' title='bbox 1148 1142 1200 1201; x_wconf 89' lang='lat' dir='ltr'><strong>ita</strong></span> 
     </span>
     <span class='ocr_line' id='line_1_12' title="bbox 90 1219 1198 1301; baseline 0.008 -21"><span class='ocrx_word' id='word_1_97' title='bbox 90 1281 94 1290; x_wconf 80' lang='grc'><strong>,</strong></span> <span class='ocrx_word' id='word_1_98' title='bbox 148 1230 181 1281; x_wconf 89' lang='lat' dir='ltr'><strong>ut</strong></span> <span class='ocrx_word' id='word_1_99' title='bbox 201 1223 353 1298; x_wconf 90' lang='lat' dir='ltr'><strong>plurimum</strong></span> <span class='ocrx_word' id='word_1_100' title='bbox 375 1219 524 1284; x_wconf 86' lang='lat' dir='ltr'><strong>miraretur</strong></span> <span class='ocrx_word' id='word_1_101' title='bbox 544 1231 654 1284; x_wconf 84' lang='lat' dir='ltr'><strong>tantam</strong></span> <span class='ocrx_word' id='word_1_102' title='bbox 674 1228 704 1284; x_wconf 90' lang='lat' dir='ltr'><strong>in</strong></span> <span class='ocrx_word' id='word_1_103' title='bbox 724 1226 839 1284; x_wconf 86' lang='lat' dir='ltr'><strong>homino</strong></span> <span class='ocrx_word' id='word_1_104' title='bbox 860 1228 990 1301; x_wconf 83' lang='lat' dir='ltr'><strong>gratiam.</strong></span> <span class='ocrx_word' id='word_1_105' title='bbox 1032 1226 1117 1286; x_wconf 90' lang='lat' dir='ltr'><strong>Haec</strong></span> <span class='ocrx_word' id='word_1_106' title='bbox 1150 1229 1198 1289; x_wconf 88' lang='lat' dir='ltr'><strong>ab</strong></span> 
     </span>
     <span class='ocr_line' id='line_1_13' title="bbox 149 1310 1205 1388; baseline 0.006 -20"><span class='ocrx_word' id='word_1_107' title='bbox 149 1310 276 1370; x_wconf 91' lang='lat' dir='ltr'><strong>eiusdem</strong></span> <span class='ocrx_word' id='word_1_108' title='bbox 297 1317 449 1371; x_wconf 82' lang='lat' dir='ltr'><strong>matronae</strong></span> <span class='ocrx_word' id='word_1_109' title='bbox 467 1329 515 1372; x_wconf 89' lang='lat' dir='ltr'><strong>ore</strong></span> <span class='ocrx_word' id='word_1_110' title='bbox 532 1312 638 1370; x_wconf 85' lang='lat' dir='ltr'><strong>audivi.</strong></span> <span class='ocrx_word' id='word_1_111' title='bbox 669 1313 755 1387; x_wconf 87' lang='lat' dir='ltr'><strong>Vere,</strong></span> <span class='ocrx_word' id='word_1_112' title='bbox 776 1314 875 1386; x_wconf 91' lang='lat' dir='ltr'><strong>inquit,</strong></span> <span class='ocrx_word' id='word_1_113' title='bbox 898 1312 1020 1387; x_wconf 91' lang='lat' dir='ltr'><strong>domine,</strong></span> <span class='ocrx_word' id='word_1_114' title='bbox 1041 1315 1205 1388; x_wconf 90' lang='lat' dir='ltr'><strong>ipsemihi</strong></span> 
     </span>
     <span class='ocr_line' id='line_1_14' title="bbox 64 1394 1200 1479; baseline 0.006 -26"><span class='ocrx_word' id='word_1_115' title='bbox 64 1443 68 1454; x_wconf 74' lang='lat'><strong>.</strong></span> <span class='ocrx_word' id='word_1_116' title='bbox 150 1394 220 1454; x_wconf 87' lang='lat' dir='ltr'><strong>dixit</strong></span> <span class='ocrx_word' id='word_1_117' title='bbox 240 1395 456 1478; x_wconf 72' lang='lat' dir='ltr'><strong>quaecunques)</strong></span> <span class='ocrx_word' id='word_1_118' title='bbox 480 1401 665 1475; x_wconf 80' lang='lat' dir='ltr'><strong>cogitavi-</strong></span> <span class='ocrx_word' id='word_1_119' title='bbox 678 1397 765 1457; x_wconf 89' lang='lat' dir='ltr'><strong>Anno</strong></span> <span class='ocrx_word' id='word_1_120' title='bbox 787 1401 948 1474; x_wconf 90' lang='lat' dir='ltr'><strong>praeterito,</strong></span> <span class='ocrx_word' id='word_1_121' title='bbox 970 1397 1065 1479; x_wconf 84' lang='lat' dir='ltr'><strong>cum⁶)</strong></span> <span class='ocrx_word' id='word_1_122' title='bbox 1088 1399 1200 1460; x_wconf 90' lang='lat' dir='ltr'><strong>domi-</strong></span> 
     </span>
     <span class='ocr_line' id='line_1_15' title="bbox 148 1483 1200 1561; baseline 0.007 -20"><span class='ocrx_word' id='word_1_123' title='bbox 148 1501 202 1542; x_wconf 90' lang='lat' dir='ltr'><strong>nus</strong></span> <span class='ocrx_word' id='word_1_124' title='bbox 233 1483 415 1560; x_wconf 79' lang='lat' dir='ltr'><strong>Engr‘lbertus</strong></span> <span class='ocrx_word' id='word_1_125' title='bbox 443 1484 683 1561; x_wconf 85' lang='lat' dir='ltr'><strong>Archiepiscopus</strong></span> <span class='ocrx_word' id='word_1_126' title='bbox 716 1485 893 1544; x_wconf 85' lang='lat' dir='ltr'><strong>Coloniensis</strong></span> <span class='ocrx_word' id='word_1_127' title='bbox 921 1486 1072 1552; x_wconf 83' lang='lat' dir='ltr'><strong>Decenum</strong></span> <span class='ocrx_word' id='word_1_128' title='bbox 1104 1487 1200 1548; x_wconf 89' lang='lat' dir='ltr'><strong>Her-</strong></span> 
     </span>
     <span class='ocr_line' id='line_1_16' title="bbox 148 1571 1201 1636; baseline 0.009 -9"><span class='ocrx_word' id='word_1_129' title='bbox 148 1588 285 1630; x_wconf 88' lang='lat' dir='ltr'><strong>mannum</strong></span> <span class='ocrx_word' id='word_1_130' title='bbox 314 1579 343 1631; x_wconf 90' lang='lat' dir='ltr'><strong>ct</strong></span> <span class='ocrx_word' id='word_1_131' title='bbox 372 1571 583 1631; x_wconf 83' lang='lat' dir='ltr'><strong>Godesoalcum</strong></span> <span class='ocrx_word' id='word_1_132' title='bbox 619 1574 680 1631; x_wconf 89' lang='lat' dir='ltr'><strong>eius</strong></span> <span class='ocrx_word' id='word_1_133' title='bbox 709 1574 932 1633; x_wconf 88' lang='lat' dir='ltr'><strong>concanonicum</strong></span> <span class='ocrx_word' id='word_1_134' title='bbox 968 1572 1118 1633; x_wconf 81' lang='lat' dir='ltr'><strong>direxisset</strong></span> <span class='ocrx_word' id='word_1_135' title='bbox 1152 1577 1201 1636; x_wconf 87' lang='lat' dir='ltr'><strong>ad</strong></span> 
     </span>
     <span class='ocr_line' id='line_1_17' title="bbox 149 1655 1200 1738; baseline 0.005 -21"><span class='ocrx_word' id='word_1_136' title='bbox 149 1659 257 1717; x_wconf 85' lang='lat' dir='ltr'><strong>curiam</strong></span> <span class='ocrx_word' id='word_1_137' title='bbox 266 1658 429 1717; x_wconf 88' lang='lat' dir='ltr'><strong>Romanam</strong></span> <span class='ocrx_word' id='word_1_138' title='bbox 448 1677 500 1734; x_wconf 89' lang='lat' dir='ltr'><strong>pro</strong></span> <span class='ocrx_word' id='word_1_139' title='bbox 523 1658 701 1718; x_wconf 89' lang='lat' dir='ltr'><strong>absolutione</strong></span> <span class='ocrx_word' id='word_1_140' title='bbox 723 1661 813 1718; x_wconf 86' lang='lat' dir='ltr'><strong>crucis</strong></span> <span class='ocrx_word' id='word_1_141' title='bbox 822 1655 852 1738; x_wconf 82' lang='lat'><strong>⁷),</strong></span> <span class='ocrx_word' id='word_1_142' title='bbox 874 1665 903 1718; x_wconf 92' lang='lat' dir='ltr'><strong>et</strong></span> <span class='ocrx_word' id='word_1_143' title='bbox 922 1661 1098 1719; x_wconf 87' lang='lat' dir='ltr'><strong>invenissent</strong></span> <span class='ocrx_word' id='word_1_144' title='bbox 1109 1678 1200 1722; x_wconf 89' lang='lat' dir='ltr'><strong>eun-</strong></span> 
     </span>
     <span class='ocr_line' id='line_1_18' title="bbox 149 1743 1199 1822; baseline 0.01 -20"><span class='ocrx_word' id='word_1_145' title='bbox 149 1743 214 1802; x_wconf 91' lang='lat' dir='ltr'><strong>dem</strong></span> <span class='ocrx_word' id='word_1_146' title='bbox 235 1743 383 1804; x_wconf 82' lang='lat' dir='ltr'><strong>Simonem</strong></span> <span class='ocrx_word' id='word_1_147' title='bbox 402 1748 432 1804; x_wconf 93' lang='lat' dir='ltr'><strong>in</strong></span> <span class='ocrx_word' id='word_1_148' title='bbox 455 1746 579 1822; x_wconf 87' lang='lat' dir='ltr'><strong>quadam</strong></span> <span class='ocrx_word' id='word_1_149' title='bbox 600 1749 737 1822; x_wconf 81' lang='lat' dir='ltr'><strong>grangia,</strong></span> <span class='ocrx_word' id='word_1_150' title='bbox 769 1747 905 1805; x_wconf 87' lang='lat' dir='ltr'><strong>sciscitati</strong></span> <span class='ocrx_word' id='word_1_151' title='bbox 932 1753 1000 1804; x_wconf 89' lang='lat' dir='ltr'><strong>sunt</strong></span> <span class='ocrx_word' id='word_1_152' title='bbox 1026 1747 1063 1808; x_wconf 87' lang='lat' dir='ltr'><strong>ab</strong></span> <span class='ocrx_word' id='word_1_153' title='bbox 1088 1765 1125 1808; x_wconf 92' lang='lat' dir='ltr'><strong>eo</strong></span> <span class='ocrx_word' id='word_1_154' title='bbox 1154 1750 1199 1812; x_wconf 90' lang='lat' dir='ltr'><strong>dc</strong></span> 
     </span>
     <span class='ocr_line' id='line_1_19' title="bbox 147 1829 1200 1912; baseline 0.007 -23"><span class='ocrx_word' id='word_1_155' title='bbox 147 1847 284 1908; x_wconf 90' lang='lat' dir='ltr'><strong>processu</strong></span> <span class='ocrx_word' id='word_1_156' title='bbox 305 1829 448 1912; x_wconf 66' lang='lat' dir='ltr'><strong>negotiill.</strong></span> <span class='ocrx_word' id='word_1_157' title='bbox 491 1832 572 1893; x_wconf 91' lang='lat' dir='ltr'><strong>Sicut</strong></span> <span class='ocrx_word' id='word_1_158' title='bbox 593 1835 633 1891; x_wconf 89' lang='lat' dir='ltr'><strong>eis</strong></span> <span class='ocrx_word' id='word_1_159' title='bbox 655 1835 764 1906; x_wconf 85' lang='lat' dir='ltr'><strong>evenit,</strong></span> <span class='ocrx_word' id='word_1_160' title='bbox 795 1835 836 1892; x_wconf 87' lang='lat' dir='ltr'><strong>ita</strong></span> <span class='ocrx_word' id='word_1_161' title='bbox 865 1831 900 1890; x_wconf 93' lang='lat' dir='ltr'><strong>de</strong></span> <span class='ocrx_word' id='word_1_162' title='bbox 927 1835 968 1891; x_wconf 90' lang='lat' dir='ltr'><strong>eis</strong></span> <span class='ocrx_word' id='word_1_163' title='bbox 989 1834 1200 1910; x_wconf 85' lang='lat' dir='ltr'><strong>prophetavit.</strong></span> 
     </span>
     <span class='ocr_line' id='line_1_20' title="bbox 147 1917 1203 1996; baseline 0.009 -20"><span class='ocrx_word' id='word_1_164' title='bbox 147 1917 259 1994; x_wconf 89' lang='lat' dir='ltr'><strong>Nuncii,</strong></span> <span class='ocrx_word' id='word_1_165' title='bbox 279 1922 388 1995; x_wconf 89' lang='lat' dir='ltr'><strong>inquit,</strong></span> <span class='ocrx_word' id='word_1_166' title='bbox 410 1921 546 1996; x_wconf 88' lang='lat' dir='ltr'><strong>Episcopi</strong></span> <span class='ocrx_word' id='word_1_167' title='bbox 567 1937 668 1994; x_wconf 86' lang='lat' dir='ltr'><strong>parum</strong></span> <span class='ocrx_word' id='word_1_168' title='bbox 689 1922 719 1977; x_wconf 90' lang='lat' dir='ltr'><strong>in</strong></span> <span class='ocrx_word' id='word_1_169' title='bbox 741 1921 818 1979; x_wconf 88' lang='lat' dir='ltr'><strong>curia</strong></span> <span class='ocrx_word' id='word_1_170' title='bbox 838 1918 1002 1995; x_wconf 87' lang='lat' dir='ltr'><strong>proficient,</strong></span> <span class='ocrx_word' id='word_1_171' title='bbox 1023 1923 1203 1986; x_wconf 83' lang='lat' dir='ltr'><strong>monachus</strong></span> 
     </span>
     <span class='ocr_line' id='line_1_21' title="bbox 147 2004 1264 2083; baseline 0.007 -19"><span class='ocrx_word' id='word_1_172' title='bbox 147 2022 216 2067; x_wconf 91' lang='lat' dir='ltr'><strong>vero</strong></span> <span class='ocrx_word' id='word_1_173' title='bbox 245 2006 318 2066; x_wconf 88' lang='lat' dir='ltr'><strong>bene</strong></span> <span class='ocrx_word' id='word_1_174' title='bbox 349 2009 495 2083; x_wconf 85' lang='lat' dir='ltr'><strong>negotium</strong></span> <span class='ocrx_word' id='word_1_175' title='bbox 527 2024 611 2065; x_wconf 90' lang='lat' dir='ltr'><strong>suurn</strong></span> <span class='ocrx_word' id='word_1_176' title='bbox 640 2005 780 2081; x_wconf 89' lang='lat' dir='ltr'><strong>expediet.</strong></span> <span class='ocrx_word' id='word_1_177' title='bbox 832 2004 992 2082; x_wconf 89' lang='lat' dir='ltr'><strong>Utrumque</strong></span> <span class='ocrx_word' id='word_1_178' title='bbox 1019 2007 1062 2069; x_wconf 90' lang='lat' dir='ltr'><strong>rei</strong></span> <span class='ocrx_word' id='word_1_179' title='bbox 1091 2012 1202 2072; x_wconf 89' lang='lat' dir='ltr'><strong>exitus</strong></span> <span class='ocrx_word' id='word_1_180' title='bbox 1263 2043 1264 2046; x_wconf 33' lang='lat'>¹</span> 
     </span>
     <span class='ocr_line' id='line_1_22' title="bbox 147 2089 1264 2172; baseline 0.005 -20"><span class='ocrx_word' id='word_1_181' title='bbox 147 2094 353 2169; x_wconf 88' lang='lat' dir='ltr'><strong>comprobavit.</strong></span> <span class='ocrx_word' id='word_1_182' title='bbox 395 2093 470 2152; x_wconf 90' lang='lat' dir='ltr'><strong>Nam</strong></span> <span class='ocrx_word' id='word_1_183' title='bbox 491 2093 531 2151; x_wconf 93' lang='lat' dir='ltr'><strong>illi</strong></span> <span class='ocrx_word' id='word_1_184' title='bbox 550 2089 684 2172; x_wconf 72' lang='lat' dir='ltr'><strong>insecto⁹l</strong></span> <span class='ocrx_word' id='word_1_185' title='bbox 706 2094 821 2168; x_wconf 85' lang='lat' dir='ltr'><strong>negotio</strong></span> <span class='ocrx_word' id='word_1_186' title='bbox 843 2096 950 2152; x_wconf 89' lang='lat' dir='ltr'><strong>reversi</strong></span> <span class='ocrx_word' id='word_1_187' title='bbox 970 2099 1050 2170; x_wconf 81' lang='lat' dir='ltr'><strong>sunt;</strong></span> <span class='ocrx_word' id='word_1_188' title='bbox 1078 2112 1202 2158; x_wconf 89' lang='lat' dir='ltr'><strong>mona·</strong></span> <span class='ocrx_word' id='word_1_189' title='bbox 1263 2105 1264 2110; x_wconf 77' lang='grc'>’</span> 
     </span>
     <span class='ocr_line' id='line_1_23' title="bbox 72 2179 1202 2258; baseline 0.009 -26"><span class='ocrx_word' id='word_1_190' title='bbox 72 2225 75 2232; x_wconf 90' lang='grc'>.</span> <span class='ocrx_word' id='word_1_191' title='bbox 149 2179 219 2238; x_wconf 90' lang='lat' dir='ltr'><strong>chus</strong></span> <span class='ocrx_word' id='word_1_192' title='bbox 240 2197 309 2240; x_wconf 85' lang='lat' dir='ltr'><strong>vero</strong></span> <span class='ocrx_word' id='word_1_193' title='bbox 331 2187 440 2255; x_wconf 90' lang='lat' dir='ltr'><strong>noster,</strong></span> <span class='ocrx_word' id='word_1_194' title='bbox 470 2197 555 2256; x_wconf 87' lang='lat' dir='ltr'><strong>quom</strong></span> <span class='ocrx_word' id='word_1_195' title='bbox 578 2195 643 2239; x_wconf 92' lang='lat' dir='ltr'><strong>cum</strong></span> <span class='ocrx_word' id='word_1_196' title='bbox 666 2182 706 2238; x_wconf 91' lang='lat' dir='ltr'><strong>eis</strong></span> <span class='ocrx_word' id='word_1_197' title='bbox 728 2181 870 2254; x_wconf 89' lang='lat' dir='ltr'><strong>misimus,</strong></span> <span class='ocrx_word' id='word_1_198' title='bbox 898 2179 938 2237; x_wconf 92' lang='lat' dir='ltr'><strong>ibi</strong></span> <span class='ocrx_word' id='word_1_199' title='bbox 961 2181 1084 2239; x_wconf 90' lang='lat' dir='ltr'><strong>obtinuit</strong></span> <span class='ocrx_word' id='word_1_200' title='bbox 1106 2187 1202 2258; x_wconf 90' lang='lat' dir='ltr'><strong>quod</strong></span> 
     </span>
     <span class='ocr_line' id='line_1_24' title="bbox 147 2265 1264 2350; baseline 0.007 -24"><span class='ocrx_word' id='word_1_201' title='bbox 147 2265 247 2326; x_wconf 89' lang='lat' dir='ltr'><strong>voluit</strong></span> <span class='ocrx_word' id='word_1_202' title='bbox 290 2266 363 2327; x_wconf 84' lang='lat' dir='ltr'><strong>Sunt</strong></span> <span class='ocrx_word' id='word_1_203' title='bbox 384 2267 478 2326; x_wconf 90' lang='lat' dir='ltr'><strong>adhuc</strong></span> <span class='ocrx_word' id='word_1_204' title='bbox 499 2267 556 2326; x_wconf 90' lang='lat' dir='ltr'><strong>alia</strong></span> <span class='ocrx_word' id='word_1_205' title='bbox 577 2265 668 2325; x_wconf 89' lang='lat' dir='ltr'><strong>multa</strong></span> <span class='ocrx_word' id='word_1_206' title='bbox 689 2272 719 2324; x_wconf 94' lang='lat' dir='ltr'><strong>et</strong></span> <span class='ocrx_word' id='word_1_207' title='bbox 731 2283 836 2342; x_wconf 79' lang='lat' dir='ltr'><strong>magna</strong></span> <span class='ocrx_word' id='word_1_208' title='bbox 850 2269 979 2326; x_wconf 88' lang='lat' dir='ltr'><strong>conversi</strong></span> <span class='ocrx_word' id='word_1_209' title='bbox 989 2267 1074 2326; x_wconf 90' lang='lat' dir='ltr'><strong>huius</strong></span> <span class='ocrx_word' id='word_1_210' title='bbox 1086 2285 1202 2350; x_wconf 83' lang='lat' dir='ltr'><strong>opera,</strong></span> <span class='ocrx_word' id='word_1_211' title='bbox 1263 2331 1264 2334; x_wconf 74' lang='grc'>,</span> 
     </span>
     <span class='ocr_line' id='line_1_25' title="bbox 148 2351 1264 2429; baseline 0.005 -18"><span class='ocrx_word' id='word_1_212' title='bbox 148 2370 222 2429; x_wconf 86' lang='lat' dir='ltr'><strong>quae</strong></span> <span class='ocrx_word' id='word_1_213' title='bbox 243 2353 280 2412; x_wconf 89' lang='lat' dir='ltr'><strong>ad</strong></span> <span class='ocrx_word' id='word_1_214' title='bbox 301 2371 396 2412; x_wconf 88' lang='lat' dir='ltr'><strong>meam</strong></span> <span class='ocrx_word' id='word_1_215' title='bbox 417 2356 546 2412; x_wconf 85' lang='lat' dir='ltr'><strong>notitiem</strong></span> <span class='ocrx_word' id='word_1_216' title='bbox 572 2370 630 2412; x_wconf 90' lang='lat' dir='ltr'><strong>non</strong></span> <span class='ocrx_word' id='word_1_217' title='bbox 651 2357 849 2427; x_wconf 87' lang='lat' dir='ltr'><strong>pervenerunt.</strong></span> <span class='ocrx_word' id='word_1_218' title='bbox 891 2353 936 2410; x_wconf 87' lang='lat' dir='ltr'><strong>Ex</strong></span> <span class='ocrx_word' id='word_1_219' title='bbox 958 2355 1062 2428; x_wconf 89' lang='lat' dir='ltr'><strong>quibus</strong></span> <span class='ocrx_word' id='word_1_220' title='bbox 1084 2361 1202 2420; x_wconf 87' lang='lat' dir='ltr'><strong>tamen</strong></span> <span class='ocrx_word' id='word_1_221' title='bbox 1263 2351 1264 2370; x_wconf 56' lang='lat'><em>*</em></span> 
     </span>
     <span class='ocr_line' id='line_1_26' title="bbox 98 2434 1202 2516; baseline 0.005 -18"><span class='ocrx_word' id='word_1_222' title='bbox 98 2434 101 2442; x_wconf 78' lang='grc'><em>’</em></span> <span class='ocrx_word' id='word_1_223' title='bbox 147 2439 289 2515; x_wconf 87' lang='lat' dir='ltr'><strong>quaedam</strong></span> <span class='ocrx_word' id='word_1_224' title='bbox 311 2440 422 2516; x_wconf 89' lang='lat' dir='ltr'><strong>andivi,</strong></span> <span class='ocrx_word' id='word_1_225' title='bbox 455 2457 529 2516; x_wconf 85' lang='lat' dir='ltr'><strong>quae</strong></span> <span class='ocrx_word' id='word_1_226' title='bbox 550 2440 673 2498; x_wconf 90' lang='lat' dir='ltr'><strong>scribere</strong></span> <span class='ocrx_word' id='word_1_227' title='bbox 694 2439 787 2514; x_wconf 88' lang='lat' dir='ltr'><strong>nolui,</strong></span> <span class='ocrx_word' id='word_1_228' title='bbox 821 2454 855 2498; x_wconf 92' lang='lat' dir='ltr'><strong>eo</strong></span> <span class='ocrx_word' id='word_1_229' title='bbox 877 2439 955 2515; x_wconf 90' lang='lat' dir='ltr'><strong>quod</strong></span> <span class='ocrx_word' id='word_1_230' title='bbox 975 2440 1067 2499; x_wconf 88' lang='lat' dir='ltr'><strong>relata</strong></span> <span class='ocrx_word' id='word_1_231' title='bbox 1088 2445 1202 2507; x_wconf 87' lang='lat' dir='ltr'><strong>minus</strong></span> 
     </span>
     <span class='ocr_line' id='line_1_27' title="bbox 146 2523 1202 2605; baseline 0.004 -20"><span class='ocrx_word' id='word_1_232' title='bbox 146 2526 221 2586; x_wconf 89' lang='lat' dir='ltr'><strong>bene</strong></span> <span class='ocrx_word' id='word_1_233' title='bbox 243 2529 413 2586; x_wconf 90' lang='lat' dir='ltr'><strong>retinuerim.</strong></span> <span class='ocrx_word' id='word_1_234' title='bbox 457 2527 552 2586; x_wconf 85' lang='lat' dir='ltr'><strong>Satius</strong></span> <span class='ocrx_word' id='word_1_235' title='bbox 569 2523 597 2605; x_wconf 87' lang='lat'><strong>¹⁰)</strong></span> <span class='ocrx_word' id='word_1_236' title='bbox 621 2526 688 2585; x_wconf 88' lang='lat' dir='ltr'><strong>duxi</strong></span> <span class='ocrx_word' id='word_1_237' title='bbox 710 2529 797 2585; x_wconf 86' lang='lat' dir='ltr'><strong>etiam</strong></span> <span class='ocrx_word' id='word_1_238' title='bbox 817 2541 887 2585; x_wconf 85' lang='lat' dir='ltr'><strong>vera</strong></span> <span class='ocrx_word' id='word_1_239' title='bbox 913 2527 1070 2602; x_wconf 89' lang='lat' dir='ltr'><strong>subticere,</strong></span> <span class='ocrx_word' id='word_1_240' title='bbox 1094 2545 1202 2604; x_wconf 86' lang='lat' dir='ltr'><strong>quarn</strong></span> 
     </span>
     <span class='ocr_line' id='line_1_28' title="bbox 145 2611 1202 2686; baseline 0.006 -14"><span class='ocrx_word' id='word_1_241' title='bbox 145 2612 217 2673; x_wconf 80' lang='lat' dir='ltr'><strong>falsa</strong></span> <span class='ocrx_word' id='word_1_242' title='bbox 238 2615 369 2675; x_wconf 87' lang='lat' dir='ltr'><strong>scribere.</strong></span> <span class='ocrx_word' id='word_1_243' title='bbox 412 2611 614 2674; x_wconf 81' lang='lat' dir='ltr'><strong>NOVICIUS:</strong></span> <span class='ocrx_word' id='word_1_244' title='bbox 636 2612 734 2686; x_wconf 89' lang='lat' dir='ltr'><strong>Miror,</strong></span> <span class='ocrx_word' id='word_1_245' title='bbox 755 2614 780 2671; x_wconf 91' lang='lat' dir='ltr'><strong>si</strong></span> <span class='ocrx_word' id='word_1_246' title='bbox 800 2615 844 2670; x_wconf 85' lang='lat' dir='ltr'><strong>vir</strong></span> <span class='ocrx_word' id='word_1_247' title='bbox 864 2613 928 2672; x_wconf 93' lang='lat' dir='ltr'><strong>talis</strong></span> <span class='ocrx_word' id='word_1_248' title='bbox 949 2630 984 2672; x_wconf 90' lang='lat' dir='ltr'><strong>ac</strong></span> <span class='ocrx_word' id='word_1_249' title='bbox 1006 2619 1105 2674; x_wconf 81' lang='lat' dir='ltr'><strong>tantsrs</strong></span> <span class='ocrx_word' id='word_1_250' title='bbox 1132 2619 1202 2678; x_wconf 86' lang='lat' dir='ltr'><strong>ali-</strong></span> 
     </span>
     <span class='ocr_line' id='line_1_29' title="bbox 147 2697 1201 2778; baseline 0.002 -17"><span class='ocrx_word' id='word_1_251' title='bbox 147 2717 219 2776; x_wconf 89' lang='lat' dir='ltr'><strong>quas</strong></span> <span class='ocrx_word' id='word_1_252' title='bbox 251 2701 396 2778; x_wconf 89' lang='lat' dir='ltr'><strong>pertulerit</strong></span> <span class='ocrx_word' id='word_1_253' title='bbox 423 2702 603 2760; x_wconf 88' lang='lat' dir='ltr'><strong>tentationes.</strong></span> <span class='ocrx_word' id='word_1_254' title='bbox 652 2697 888 2759; x_wconf 81' lang='lat' dir='ltr'><strong>MONASHUS:</strong></span> <span class='ocrx_word' id='word_1_255' title='bbox 920 2699 1001 2760; x_wconf 91' lang='lat' dir='ltr'><strong>Sicut</strong></span> <span class='ocrx_word' id='word_1_256' title='bbox 1036 2700 1145 2763; x_wconf 87' lang='lat' dir='ltr'><strong>audivi</strong></span> <span class='ocrx_word' id='word_1_257' title='bbox 1179 2725 1201 2768; x_wconf 81' lang='lat' dir='ltr'><strong>a</strong></span> 
     </span>
    </p>
   </div>
   <div class='ocr_carea' id='block_1_3' title="bbox 165 2899 1264 3876">
    <p class='ocr_par' dir='ltr' id='par_1_3' title="bbox 165 2899 1264 3876">
     <span class='ocr_line' id='line_1_30' title="bbox 165 2899 1264 3038; baseline 0.001 -11"><span class='ocrx_word' id='word_1_258' title='bbox 165 2906 195 2976; x_wconf 69' lang='lat'><strong>¹³</strong></span> <span class='ocrx_word' id='word_1_259' title='bbox 213 2921 310 3038; x_wconf 61' lang='lat' dir='ltr'><strong>itit,</strong></span> <span class='ocrx_word' id='word_1_260' title='bbox 326 2899 1201 3037; x_wconf 63' lang='lat' dir='ltr'><strong>teituttdlttltlltbtoltit?ltlfdtlr</strong></span> <span class='ocrx_word' id='word_1_261' title='bbox 1263 2939 1264 2942; x_wconf 67' lang='lat'>‘</span> 
     </span>
     <span class='ocr_line' id='line_1_31' title="bbox 211 3041 1200 3108; baseline -0.003 -11"><span class='ocrx_word' id='word_1_262' title='bbox 211 3045 316 3097; x_wconf 86' lang='lat' dir='ltr'><strong>llelsen:</strong></span> <span class='ocrx_word' id='word_1_263' title='bbox 336 3041 471 3096; x_wconf 77' lang='lat' dir='ltr'><strong>Diesudr</strong></span> <span class='ocrx_word' id='word_1_264' title='bbox 488 3042 574 3105; x_wconf 85' lang='lat' dir='ltr'><strong>Cleve,</strong></span> <span class='ocrx_word' id='word_1_265' title='bbox 591 3050 638 3092; x_wconf 82' lang='lat' dir='ltr'><strong>eto.</strong></span> <span class='ocrx_word' id='word_1_266' title='bbox 656 3057 680 3108; x_wconf 94' lang='lat' dir='ltr'><strong>p.</strong></span> <span class='ocrx_word' id='word_1_267' title='bbox 699 3041 758 3094; x_wconf 86' lang='lat'><strong>270.</strong></span> <span class='ocrx_word' id='word_1_268' title='bbox 777 3069 809 3078; x_wconf 88' lang='lat'>—</span> <span class='ocrx_word' id='word_1_269' title='bbox 828 3041 861 3108; x_wconf 86' lang='lat'><strong>3)</strong></span> <span class='ocrx_word' id='word_1_270' title='bbox 877 3041 897 3092; x_wconf 92' lang='lat' dir='ltr'>B</span> <span class='ocrx_word' id='word_1_271' title='bbox 916 3057 996 3108; x_wconf 87' lang='lat' dir='ltr'><strong>quae</strong></span> <span class='ocrx_word' id='word_1_272' title='bbox 1015 3042 1107 3094; x_wconf 89' lang='lat' dir='ltr'><strong>illurn</strong></span> <span class='ocrx_word' id='word_1_273' title='bbox 1131 3046 1200 3102; x_wconf 81' lang='lat' dir='ltr'><strong>diu</strong></span> 
     </span>
     <span class='ocr_line' id='line_1_32' title="bbox 212 3109 1264 3182; baseline 0.004 -16"><span class='ocrx_word' id='word_1_274' title='bbox 212 3115 329 3169; x_wconf 83' lang='lat' dir='ltr'><strong>videre</strong></span> <span class='ocrx_word' id='word_1_275' title='bbox 347 3112 609 3175; x_wconf 69' lang='lat' dir='ltr'><strong>desideraverat,</strong></span> <span class='ocrx_word' id='word_1_276' title='bbox 627 3110 701 3178; x_wconf 90' lang='lat' dir='ltr'><strong>paulo</strong></span> <span class='ocrx_word' id='word_1_277' title='bbox 719 3109 850 3176; x_wconf 81' lang='lat' dir='ltr'><strong>postAllP</strong></span> <span class='ocrx_word' id='word_1_278' title='bbox 868 3109 905 3162; x_wconf 87' lang='lat' dir='ltr'><strong>de</strong></span> <span class='ocrx_word' id='word_1_279' title='bbox 923 3127 968 3162; x_wconf 91' lang='lat' dir='ltr'><strong>eo.</strong></span> <span class='ocrx_word' id='word_1_280' title='bbox 985 3140 1016 3150; x_wconf 89' lang='lat'><em>-</em></span> <span class='ocrx_word' id='word_1_281' title='bbox 1035 3112 1068 3180; x_wconf 79' lang='lat' dir='ltr'><strong>t)</strong></span> <span class='ocrx_word' id='word_1_282' title='bbox 1087 3113 1116 3164; x_wconf 90' lang='lat' dir='ltr'><strong>id</strong></span> <span class='ocrx_word' id='word_1_283' title='bbox 1140 3129 1201 3182; x_wconf 86' lang='lat' dir='ltr'><strong>est,</strong></span> <span class='ocrx_word' id='word_1_284' title='bbox 1263 3145 1264 3148; x_wconf 37' lang='lat'>¹</span> 
     </span>
     <span class='ocr_line' id='line_1_33' title="bbox 211 3179 1201 3254; baseline -0.007 -18"><span class='ocrx_word' id='word_1_285' title='bbox 211 3185 393 3254; x_wconf 79' lang='lat' dir='ltr'><strong>perspiritum</strong></span> <span class='ocrx_word' id='word_1_286' title='bbox 412 3191 532 3234; x_wconf 88' lang='lat' dir='ltr'><strong>sanctum.</strong></span> <span class='ocrx_word' id='word_1_287' title='bbox 552 3209 584 3220; x_wconf 86' lang='lat'>—</span> <span class='ocrx_word' id='word_1_288' title='bbox 604 3182 634 3248; x_wconf 84' lang='lat'><strong>5)</strong></span> <span class='ocrx_word' id='word_1_289' title='bbox 653 3179 672 3232; x_wconf 83' lang='lat' dir='ltr'><strong>G</strong></span> <span class='ocrx_word' id='word_1_290' title='bbox 690 3183 796 3232; x_wconf 86' lang='lat' dir='ltr'><strong>omnia</strong></span> <span class='ocrx_word' id='word_1_291' title='bbox 814 3195 1037 3248; x_wconf 88' lang='lat' dir='ltr'><strong>quaecuuque.</strong></span> <span class='ocrx_word' id='word_1_292' title='bbox 1057 3211 1090 3222; x_wconf 90' lang='lat'><em>-</em></span> <span class='ocrx_word' id='word_1_293' title='bbox 1112 3184 1153 3254; x_wconf 84' lang='lat'><strong>6)</strong></span> <span class='ocrx_word' id='word_1_294' title='bbox 1175 3189 1201 3242; x_wconf 81' lang='lat' dir='ltr'>c</span> 
     </span>
     <span class='ocr_line' id='line_1_34' title="bbox 211 3248 1201 3319; baseline -0.006 -13"><span class='ocrx_word' id='word_1_295' title='bbox 211 3255 289 3306; x_wconf 89' lang='lat' dir='ltr'><strong>dum.</strong></span> <span class='ocrx_word' id='word_1_296' title='bbox 307 3285 339 3292; x_wconf 95' lang='lat'>-</span> <span class='ocrx_word' id='word_1_297' title='bbox 358 3254 390 3319; x_wconf 80' lang='lat'><strong>7)</strong></span> <span class='ocrx_word' id='word_1_298' title='bbox 408 3252 457 3303; x_wconf 83' lang='lat' dir='ltr'><strong>vit.</strong></span> <span class='ocrx_word' id='word_1_299' title='bbox 476 3253 501 3302; x_wconf 85' lang='lat' dir='ltr'><strong>S.</strong></span> <span class='ocrx_word' id='word_1_300' title='bbox 519 3248 623 3318; x_wconf 88' lang='lat' dir='ltr'><strong>Engelb.</strong></span> <span class='ocrx_word' id='word_1_301' title='bbox 643 3249 673 3318; x_wconf 85' lang='lat' dir='ltr'><strong>ll,</strong></span> <span class='ocrx_word' id='word_1_302' title='bbox 689 3250 713 3301; x_wconf 88' lang='grc'><strong>8.</strong></span> <span class='ocrx_word' id='word_1_303' title='bbox 732 3265 757 3317; x_wconf 92' lang='lat' dir='ltr'><strong>p.</strong></span> <span class='ocrx_word' id='word_1_304' title='bbox 776 3249 843 3302; x_wconf 80' lang='lat'>317:</span> <span class='ocrx_word' id='word_1_305' title='bbox 878 3251 958 3314; x_wconf 89' lang='lat' dir='ltr'><strong>„sicut</strong></span> <span class='ocrx_word' id='word_1_306' title='bbox 975 3254 1047 3301; x_wconf 86' lang='lat' dir='ltr'><strong>testis</strong></span> <span class='ocrx_word' id='word_1_307' title='bbox 1065 3260 1107 3303; x_wconf 85' lang='lat' dir='ltr'><strong>est</strong></span> <span class='ocrx_word' id='word_1_308' title='bbox 1129 3272 1201 3308; x_wconf 77' lang='lat' dir='ltr'><strong>rna.</strong></span> 
     </span>
     <span class='ocr_line' id='line_1_35' title="bbox 210 3317 1264 3394; baseline 0.003 -18"><span class='ocrx_word' id='word_1_309' title='bbox 210 3327 289 3394; x_wconf 86' lang='lat' dir='ltr'><strong>gister</strong></span> <span class='ocrx_word' id='word_1_310' title='bbox 305 3323 433 3376; x_wconf 84' lang='lat' dir='ltr'><strong>lohannes</strong></span> <span class='ocrx_word' id='word_1_311' title='bbox 450 3321 536 3374; x_wconf 86' lang='lat' dir='ltr'><strong>Abbas</strong></span> <span class='ocrx_word' id='word_1_312' title='bbox 554 3322 634 3371; x_wconf 87' lang='lat' dir='ltr'><strong>sancti</strong></span> <span class='ocrx_word' id='word_1_313' title='bbox 651 3317 787 3382; x_wconf 86' lang='lat' dir='ltr'><strong>Trudonis,</strong></span> <span class='ocrx_word' id='word_1_314' title='bbox 810 3327 977 3386; x_wconf 82' lang='lat' dir='ltr'><strong>proposuerat</strong></span> <span class='ocrx_word' id='word_1_315' title='bbox 994 3329 1052 3371; x_wconf 87' lang='lat' dir='ltr'><strong>ante</strong></span> <span class='ocrx_word' id='word_1_316' title='bbox 1071 3333 1198 3379; x_wconf 83' lang='lat' dir='ltr'><strong>mortem</strong></span> <span class='ocrx_word' id='word_1_317' title='bbox 1263 3331 1264 3340; x_wconf 77' lang='grc'>’</span> 
     </span>
     <span class='ocr_line' id='line_1_36' title="bbox 210 3390 1264 3458; baseline 0.006 -12"><span class='ocrx_word' id='word_1_318' title='bbox 210 3410 280 3447; x_wconf 87' lang='lat' dir='ltr'><strong>suam</strong></span> <span class='ocrx_word' id='word_1_319' title='bbox 297 3394 387 3446; x_wconf 87' lang='lat' dir='ltr'><strong>beatus</strong></span> <span class='ocrx_word' id='word_1_320' title='bbox 405 3393 499 3457; x_wconf 78' lang='lat' dir='ltr'><strong>Martyr</strong></span> <span class='ocrx_word' id='word_1_321' title='bbox 516 3392 662 3441; x_wconf 87' lang='lat' dir='ltr'><strong>renunciare</strong></span> <span class='ocrx_word' id='word_1_322' title='bbox 680 3391 788 3458; x_wconf 84' lang='lat' dir='ltr'><strong>negotiis</strong></span> <span class='ocrx_word' id='word_1_323' title='bbox 805 3390 887 3456; x_wconf 84' lang='lat' dir='ltr'><strong>regni,</strong></span> <span class='ocrx_word' id='word_1_324' title='bbox 905 3397 930 3439; x_wconf 90' lang='lat' dir='ltr'><strong>et</strong></span> <span class='ocrx_word' id='word_1_325' title='bbox 948 3393 1119 3456; x_wconf 86' lang='lat' dir='ltr'><strong>propeccatis</strong></span> <span class='ocrx_word' id='word_1_326' title='bbox 1132 3399 1199 3449; x_wconf 88' lang='lat' dir='ltr'><strong>suis</strong></span> <span class='ocrx_word' id='word_1_327' title='bbox 1263 3443 1264 3450; x_wconf 69' lang='grc'>,</span> 
     </span>
     <span class='ocr_line' id='line_1_37' title="bbox 181 3455 1198 3532; baseline -0.004 -15"><span class='ocrx_word' id='word_1_328' title='bbox 181 3455 183 3462; x_wconf 61' lang='grc'><em>’</em></span> <span class='ocrx_word' id='word_1_329' title='bbox 210 3480 283 3517; x_wconf 86' lang='lat' dir='ltr'><strong>cruce</strong></span> <span class='ocrx_word' id='word_1_330' title='bbox 309 3464 403 3532; x_wconf 84' lang='lat' dir='ltr'><strong>signari</strong></span> <span class='ocrx_word' id='word_1_331' title='bbox 430 3471 505 3528; x_wconf 85' lang='lat' dir='ltr'><strong>atque</strong></span> <span class='ocrx_word' id='word_1_332' title='bbox 532 3458 696 3526; x_wconf 85' lang='lat' dir='ltr'><strong>personaliter</strong></span> <span class='ocrx_word' id='word_1_333' title='bbox 721 3458 892 3524; x_wconf 75' lang='lat' dir='ltr'><strong>transfretare.</strong></span> <span class='ocrx_word' id='word_1_334' title='bbox 933 3459 995 3510; x_wconf 86' lang='lat' dir='ltr'><strong>llam</strong></span> <span class='ocrx_word' id='word_1_335' title='bbox 1022 3460 1089 3510; x_wconf 84' lang='lat' dir='ltr'><strong>eirca</strong></span> <span class='ocrx_word' id='word_1_336' title='bbox 1119 3463 1198 3518; x_wconf 88' lang='lat' dir='ltr'><strong>illud</strong></span> 
     </span>
     <span class='ocr_line' id='line_1_38' title="bbox 209 3527 1264 3600; baseline -0.007 -13"><span class='ocrx_word' id='word_1_337' title='bbox 209 3544 317 3600; x_wconf 88' lang='lat' dir='ltr'><strong>tempus,</strong></span> <span class='ocrx_word' id='word_1_338' title='bbox 334 3548 384 3600; x_wconf 90' lang='lat' dir='ltr'><strong>quo</strong></span> <span class='ocrx_word' id='word_1_339' title='bbox 402 3533 428 3582; x_wconf 92' lang='lat' dir='ltr'><strong>iu</strong></span> <span class='ocrx_word' id='word_1_340' title='bbox 446 3531 598 3597; x_wconf 78' lang='lat' dir='ltr'><strong>Episcopum</strong></span> <span class='ocrx_word' id='word_1_341' title='bbox 617 3528 711 3579; x_wconf 85' lang='lat' dir='ltr'><strong>electus</strong></span> <span class='ocrx_word' id='word_1_342' title='bbox 729 3537 776 3590; x_wconf 86' lang='lat' dir='ltr'><strong>est,</strong></span> <span class='ocrx_word' id='word_1_343' title='bbox 795 3530 907 3596; x_wconf 80' lang='lat' dir='ltr'><strong>signatus</strong></span> <span class='ocrx_word' id='word_1_344' title='bbox 924 3527 1015 3580; x_wconf 84' lang='lat' dir='ltr'><strong>fuerat.</strong></span> <span class='ocrx_word' id='word_1_345' title='bbox 1051 3530 1104 3582; x_wconf 89' lang='lat' dir='ltr'><strong>Sed</strong></span> <span class='ocrx_word' id='word_1_346' title='bbox 1118 3549 1197 3599; x_wconf 71' lang='lat' dir='ltr'><strong>pr0-·</strong></span> <span class='ocrx_word' id='word_1_347' title='bbox 1263 3529 1264 3532; x_wconf 73' lang='grc'>’</span> 
     </span>
     <span class='ocr_line' id='line_1_39' title="bbox 207 3589 1198 3674; baseline -0.007 -19"><span class='ocrx_word' id='word_1_348' title='bbox 207 3613 265 3674; x_wconf 86' lang='lat' dir='ltr'><strong>pter</strong></span> <span class='ocrx_word' id='word_1_349' title='bbox 280 3603 456 3656; x_wconf 84' lang='lat' dir='ltr'><strong>necessitatem</strong></span> <span class='ocrx_word' id='word_1_350' title='bbox 475 3613 629 3651; x_wconf 87' lang='lat' dir='ltr'><strong>communem</strong></span> <span class='ocrx_word' id='word_1_351' title='bbox 649 3589 774 3661; x_wconf 84' lang='lat' dir='ltr'><strong>detentus,</strong></span> <span class='ocrx_word' id='word_1_352' title='bbox 792 3596 892 3648; x_wconf 89' lang='lat' dir='ltr'><strong>domino</strong></span> <span class='ocrx_word' id='word_1_353' title='bbox 910 3597 1021 3650; x_wconf 86' lang='lat' dir='ltr'><strong>Honorio</strong></span> <span class='ocrx_word' id='word_1_354' title='bbox 1035 3598 1105 3666; x_wconf 77' lang='lat' dir='ltr'><strong>Papa</strong></span> <span class='ocrx_word' id='word_1_355' title='bbox 1128 3603 1198 3657; x_wconf 77' lang='lat' dir='ltr'><strong>dis.</strong></span> 
     </span>
     <span class='ocr_line' id='line_1_40' title="bbox 207 3666 1197 3742; baseline -0.009 -17"><span class='ocrx_word' id='word_1_356' title='bbox 207 3682 339 3742; x_wconf 75' lang='lat' dir='ltr'><strong>pensante,</strong></span> <span class='ocrx_word' id='word_1_357' title='bbox 356 3687 401 3739; x_wconf 94' lang='lat' dir='ltr'><strong>pro</strong></span> <span class='ocrx_word' id='word_1_358' title='bbox 421 3687 448 3722; x_wconf 90' lang='lat' dir='ltr'><strong>se</strong></span> <span class='ocrx_word' id='word_1_359' title='bbox 465 3669 555 3721; x_wconf 87' lang='lat' dir='ltr'><strong>milites</strong></span> <span class='ocrx_word' id='word_1_360' title='bbox 574 3669 641 3718; x_wconf 87' lang='lat' dir='ltr'><strong>misit</strong></span> <span class='ocrx_word' id='word_1_361' title='bbox 658 3684 714 3719; x_wconf 88' lang='lat' dir='ltr'><strong>cum</strong></span> <span class='ocrx_word' id='word_1_362' title='bbox 732 3666 854 3730; x_wconf 82' lang='lat' dir='ltr'><strong>sumtibus</strong></span> <span class='ocrx_word' id='word_1_363' title='bbox 872 3670 993 3737; x_wconf 81' lang='lat' dir='ltr'><strong>maguis.“</strong></span> <span class='ocrx_word' id='word_1_364' title='bbox 1014 3697 1044 3706; x_wconf 94' lang='lat'>—</span> <span class='ocrx_word' id='word_1_365' title='bbox 1074 3670 1107 3738; x_wconf 82' lang='lat'><strong>8)</strong></span> <span class='ocrx_word' id='word_1_366' title='bbox 1130 3689 1197 3726; x_wconf 72' lang='lat' dir='ltr'><strong>ne.</strong></span> 
     </span>
     <span class='ocr_line' id='line_1_41' title="bbox 208 3736 1264 3812; baseline -0.001 -18"><span class='ocrx_word' id='word_1_367' title='bbox 208 3744 293 3812; x_wconf 86' lang='lat' dir='ltr'><strong>gotii</strong></span> <span class='ocrx_word' id='word_1_368' title='bbox 310 3757 349 3792; x_wconf 87' lang='lat' dir='ltr'><strong>orn</strong></span> <span class='ocrx_word' id='word_1_369' title='bbox 368 3741 388 3793; x_wconf 92' lang='lat' dir='ltr'>B</span> <span class='ocrx_word' id='word_1_370' title='bbox 407 3748 433 3791; x_wconf 90' lang='lat' dir='ltr'><strong>et</strong></span> <span class='ocrx_word' id='word_1_371' title='bbox 450 3740 519 3806; x_wconf 86' lang='lat' dir='ltr'><strong>prA.</strong></span> <span class='ocrx_word' id='word_1_372' title='bbox 539 3768 569 3777; x_wconf 99' lang='lat'>-</span> <span class='ocrx_word' id='word_1_373' title='bbox 590 3737 621 3805; x_wconf 84' lang='lat'><strong>9)</strong></span> <span class='ocrx_word' id='word_1_374' title='bbox 639 3736 703 3790; x_wconf 77' lang='lat' dir='ltr'><strong>tor</strong></span> <span class='ocrx_word' id='word_1_375' title='bbox 720 3736 924 3805; x_wconf 80' lang='lat' dir='ltr'><strong>imperfecto.</strong></span> <span class='ocrx_word' id='word_1_376' title='bbox 945 3765 976 3778; x_wconf 93' lang='lat'>—</span> <span class='ocrx_word' id='word_1_377' title='bbox 996 3737 1045 3808; x_wconf 84' lang='lat' dir='ltr'><strong>to)</strong></span> <span class='ocrx_word' id='word_1_378' title='bbox 1064 3738 1087 3791; x_wconf 87' lang='lat' dir='ltr'>D</span> <span class='ocrx_word' id='word_1_379' title='bbox 1105 3754 1197 3798; x_wconf 82' lang='lat' dir='ltr'><strong>san·</strong></span> <span class='ocrx_word' id='word_1_380' title='bbox 1263 3769 1264 3774; x_wconf 63' lang='lat'><em>=</em></span> 
     </span>
     <span class='ocr_line' id='line_1_42' title="bbox 209 3809 576 3876; baseline -0.014 -13"><span class='ocrx_word' id='word_1_381' title='bbox 209 3813 308 3876; x_wconf 81' lang='lat' dir='ltr'><strong>otius,</strong></span> <span class='ocrx_word' id='word_1_382' title='bbox 325 3810 345 3864; x_wconf 83' lang='lat' dir='ltr'><strong>(l</strong></span> <span class='ocrx_word' id='word_1_383' title='bbox 363 3811 469 3862; x_wconf 88' lang='lat' dir='ltr'><strong>satius</strong></span> <span class='ocrx_word' id='word_1_384' title='bbox 486 3809 576 3860; x_wconf 89' lang='lat' dir='ltr'><strong>enim.</strong></span> 
     </span>
    </p>
   </div>
   <div class='ocr_carea' id='block_1_4' title="bbox 0 0 1274 4314">
    <p class='ocr_par' dir='ltr' id='par_1_4' title="bbox 0 0 1274 4314">
     <span class='ocr_line' id='line_1_43' title="bbox 0 0 1274 4314; baseline 0 1"><span class='ocrx_word' id='word_1_385' title='bbox 0 0 1274 4314; x_wconf 95' lang='lat' dir='ltr'><strong> </strong></span> 
     </span>
    </p>
   </div>
  </div>
 </body>
</html>
