2628 4310
334 254 388 314 DE
410 251 593 316 PRAEMIO
615 250 881 318 MORTUORUM.
1042 257 1125 318 ,337

84 376 230 437 Dominae
250 383 366 436 nostrae
387 377 541 436 liberabor.
573 375 713 452 Stupente
734 372 783 436 illa
804 393 839 437 sc
862 374 982 452 dicente,
1004 393 1056 438 nos
1070 391 1129 456 pu·

85 465 211 524 terimus
238 478 292 522 vos
321 479 385 523 esse
413 465 507 522 virum
519 459 536 544 ¹)
564 463 649 524 valde
680 469 826 540 sanctum3
860 465 1019 540 respondit:
1051 464 1129 526 Nihil

84 549 165 611 aliud
186 549 268 610 Deus
288 551 318 609 in
339 567 386 609 me
407 553 533 625 punivit,
560 551 613 610 nisi
643 552 710 626 quia
737 552 821 608 nimis
842 551 882 610 fui
904 548 1041 612 sollicitus
1063 571 1129 612 arn-

85 638 176 714 pliare
197 639 393 714 possessiones
414 633 587 711 monasterii,
609 638 663 698 sub
686 639 781 714 specie
803 639 915 696 virtutis
936 640 1006 698 vitio
1032 642 1129 698 avari-

84 726 144 784 tiae
166 723 313 799 deceptus.
355 723 438 783 Haec
461 723 616 783 dictasint
639 723 674 784 de
696 741 791 800 poena
810 727 963 801 avaritiam
985 725 1053 785 audi
1075 725 1129 786 ali·
1158 735 1162 744 “

87 809 158 888 quid
179 809 215 870 de
236 827 332 887 poena
352 809 492 870 luxuriae.

422 965 658 1029 CAPITULUM
686 967 806 1026 XXVI.

237 1083 285 1150 Dc
303 1093 484 1166 perpetuale
506 1090 662 1148 cuiusdam
683 1089 802 1148 Martae
823 1091 856 1148 in
876 1085 985 1148 Fra'sim

154 1210 233 1272 Ante
253 1211 310 1271 hoc
331 1214 483 1271 triennium
506 1228 571 1270 cum
594 1210 725 1291 dominus
746 1209 889 1296 Henricus
912 1209 1015 1270 Abbas
1036 1217 1133 1272 noster

89 1300 235 1360 visitasset
254 1301 283 1358 in
306 1298 495 1374 Glarocampo
517 1305 645 1373 tempore
667 1296 916 1374 quadragesimali,
941 1300 1028 1357 etiam
1048 1315 1133 1358 soro·

90 1403 138 1446 res
158 1388 188 1449 in
203 1378 352 1445 Nazareth
369 1387 505 1444 visitavit.
546 1384 658 1443 Eadem
678 1389 763 1444 nocte
786 1384 868 1444 dictis
889 1387 1044 1459 matutinis,
1066 1403 1132 1446 cum

91 1490 123 1534 se
143 1471 292 1548 paululum
314 1472 488 1544 reclinasset,
505 1470 668 1530 huiusmodi
688 1473 828 1531 visionem
849 1471 929 1530 vidit.
972 1471 1134 1532 Videbatur

91 1561 147 1620 sibi
176 1575 239 1620 esse
266 1560 296 1616 in
317 1559 444 1634 quodam
465 1558 529 1616 loeo
551 1560 707 1633 parietibus
729 1558 843 1632 clause,
870 1561 899 1616 in
929 1573 987 1632 quo
1015 1559 1133 1634 quidem

91 1647 262 1724 gravissima
283 1647 404 1720 suspiria
427 1644 456 1704 et
468 1647 591 1720 gemitus
605 1645 731 1720 audivit3
753 1645 805 1704 sed
820 1662 885 1706 cum
900 1645 1062 1720 diligentius
1075 1648 1132 1706 cira
1217 1715 1222 1722 κ

93 1735 311 1809 cumspexisset,
327 1734 469 1790 neminem
484 1730 590 1790 ibidem
597 1729 618 1812 2)
633 1732 730 1790 videre
744 1733 846 1806 potuit.
882 1731 1013 1807 Cumque
1033 1733 1134 1793 audita

92 1821 216 1896 suspiria
237 1819 372 1878 durarent
379 1816 408 1898 ³),
430 1835 548 1878 causam
569 1817 727 1892 admirans,
755 1820 797 1877 sic
819 1820 873 1876 ait:
894 1817 1006 1878 Adiuro
1027 1826 1056 1879 te
1078 1837 1130 1895 per

91 1905 250 1966 Dominum
270 1912 401 1966 nostmm
421 1903 525 1964 ,Jesurn
548 1899 735 1983 Christum),
763 1911 796 1963 ut
825 1904 894 1979 quid
922 1907 1014 1963 tusis
1036 1906 1133 1966 edicas

91 1992 173 2054 mihi.
216 1991 304 2052 Cuius
327 2009 393 2052 curn
414 1991 524 2050 nullum
545 1991 673 2050 audisset
681 1987 700 2070 ⁶)
722 2007 903 2066 responsum,
924 1991 1133 2054 adiurationem

91 2080 215 2139 iteravit.
258 2078 341 2138 Tunc
370 2080 452 2153 quasi
480 2077 587 2153 aliquid
620 2071 758 2137 ¹accedere
786 2079 903 2153 propius
924 2081 1065 2155 sentiens,
1093 2080 1133 2140 nil

92 2171 193 2224 temen
213 2164 329 2241 videns,
357 2163 520 2224 huiusmodi
549 2164 658 2224 audivit
685 2181 867 2239 responsum:
895 2164 959 2241 Ego
987 2183 1052 2226 sum
1073 2185 1133 2228 una

92 2252 199 2312 misere
212 2253 315 2310 anima.
357 2245 424 2331 Εἰ)
445 2250 508 2310 ifle:
530 2249 607 2310 Satis
621 2254 723 2312 misere
738 2253 838 2326 gemis,
860 2269 925 2310 eum
937 2258 1034 2312 tamen
1046 2256 1131 2330 igno·

92 2353 156 2398 rem
178 2354 252 2414 quae
275 2340 312 2396 sit
342 2355 431 2398 carue
458 2343 525 2398 tuae
546 2340 685 2398 miseriae.
724 2337 885 2413 Respondit
905 2337 968 2398 illa:
997 2339 1030 2398 In
1048 2358 1131 2401 acer-

93 2425 218 2486 bissimis
239 2441 303 2484 surn
324 2427 434 2500 poenis.
477 2415 526 2484 ,lu
547 2424 626 2500 quod
639 2424 755 2485 Abbas:
780 2424 861 2500 Quae
884 2432 928 2484 est
949 2443 1038 2486 eausa
1058 2445 1132 2504 poc·

91 2529 196 2572 narum
216 2511 353 2572 tuarum?
397 2511 473 2588 Quia
482 2509 501 2591 ⁷)
524 2529 582 2572 non
604 2514 717 2573 servavi
725 2508 752 2592 Β)·
770 2514 931 2572 castitatem
952 2531 1057 2573 meam.
1094 2515 1133 2576 Et

92 2598 154 2658 ille:
176 2599 269 2658 Fuisti
289 2590 380 2679 mas⁹)
403 2617 441 2658 an
461 2597 586 2658 femina?
629 2599 803 2674 Respondit:
824 2598 953 2658 Femina.
995 2600 1034 2659 Et
1046 2602 1133 2678 quod,

92 2688 193 2762 inquit,
214 2687 266 2745 tibi
287 2685 415 2744 nomen?
444 2686 567 2746 Dicente
586 2685 642 2761 illa,
664 2685 765 2762 Maria,
787 2703 855 2744 mox
876 2687 1036 2746 subiunxit:
1058 2689 1133 2748 Pot·
1206 2713 1208 2718 ¹

94 2775 187 2834 erisne
208 2772 321 2831 iuvari?
365 2771 414 2831 Ad
435 2773 514 2847 quod
535 2772 584 2831 illa
605 2790 663 2832 non
695 2771 856 2849 respondit;
886 2773 937 2832 sed
966 2773 1004 2832 ad
1031 2793 1134 2851 preces

90 2876 236 2938 ,conversa
256 2862 298 2918 sic
320 2861 375 2916 ait:
403 2859 487 2936 Rogo
516 2877 570 2919 vos
598 2876 649 2935 per
670 2864 894 2936 omnipotentem
916 2859 1012 2920 Deum
1034 2869 1066 2921 ut
1088 2862 1142 2921 di·-

94 2948 166 3007 ectis
187 2945 257 3004 milri
279 2945 316 3005 ad
337 2948 431 3004 minus
451 2946 619 3021 psalterium
641 2965 738 3020 unum,
761 2952 789 3006 et
803 2948 920 3021 insuper
940 2947 1050 3022 aliquot
1062 2952 1134 3010 mis·

93 3051 152 3094 sas.
197 3031 285 3092 Cuius
314 3032 447 3107 precibus
475 3050 541 3092 cum
567 3030 659 3092 libens
688 3034 834 3091 annuisset
863 3032 994 3093 dominus
1015 3033 1134 3111 Abbas,

94 3125 224 3198 protinus
234 3120 365 3178 ‘subiecit
379 3115 425 3198 ¹⁰):
454 3119 612 3178 Possemne
634 3119 802 3178 videreta?
845 3118 884 3177 Et
905 3135 972 3180 ecee
993 3121 1049 3181 hoc
1071 3140 1135 3184 ser-

94 3223 182 3267 mone
211 3206 369 3282 completo,
397 3205 469 3264 vidit
498 3223 595 3266 coram
616 3223 648 3265 se
670 3211 745 3271 stare
766 3205 916 3282 pulchram
936 3209 1135 3286 iuvenculam,

94 3300 273 3354 tonsuratum
302 3308 382 3352 more
415 3292 623 3368 claustralium,
655 3295 684 3350 in
716 3294 853 3369 subnigra
886 3296 990 3354 tunica.
1039 3296 1138 3373 Quam

96 3393 164 3442 eum
194 3380 277 3456 plura
305 3381 480 3456 intenogare
508 3379 596 3438 vellet
623 3386 684 3438 tam
713 3380 748 3439 de
777 3386 854 3439 statu
887 3383 947 3440 eius
980 3377 1067 3458 quam
1100 3384 1137 3445 de

96 3474 173 3530 statu
195 3467 315 3527 aliarum
337 3465 514 3542 qrrarundam
529 3469 697 3542 animarum,
719 3471 860 3527 excitatus
877 3475 929 3526 est.
960 3469 1048 3530 Dicta
1069 3487 1138 3532 vero
1225 3527 1227 3536 .

117 3620 149 3689 l)
166 3617 255 3672 Bvos
273 3618 378 3670 virum
397 3616 697 3682 ruisse-mucul
716 3617 884 3686 ibi.—3)B
902 3617 955 3670 diu
973 3619 1142 3678 durarent.

167 3689 200 3756 4)
219 3688 383 3740 Christum
402 3704 442 3738 orn
462 3688 511 3740 ΑΡ.
532 3717 563 3726 -
584 3688 615 3754 5)
634 3687 677 3740 CF
699 3687 844 3739 haberet.
865 3718 895 3727 —
916 3690 948 3756 6)
966 3689 986 3741 Β
1005 3697 1089 3740 tunc.
1110 3721 1141 3731 -

169 3758 202 3825 7)
220 3757 241 3810 Ι)
260 3757 317 3810 Cui
337 3756 406 3808 illa:
426 3759 514 3822 Quia.
534 3785 565 3796 —-
584 3757 617 3825 8)
636 3758 656 3810 Β
674 3757 725 3810 add
743 3758 858 3826 inquit.
879 3786 909 3797 -
929 3759 961 3826 9)
979 3757 1000 3810 Ι)
1018 3773 1143 3812 mascu-

168 3827 228 3880 lus.
248 3857 279 3868 ·-
300 3827 349 3894 10)
367 3827 409 3880 CF
428 3827 610 3880 subiunxit.
829 3855 840 3866 =
957 3853 972 3890 p

834 3901 882 3974 15
