<?xml version="1.0" encoding="UTF-8"?>
<!DOCTYPE html PUBLIC "-//W3C//DTD XHTML 1.0 Transitional//EN"
    "http://www.w3.org/TR/xhtml1/DTD/xhtml1-transitional.dtd">
<html xmlns="http://www.w3.org/1999/xhtml" xml:lang="en" lang="en">
 <head>
  <title>
</title>
<meta http-equiv="Content-Type" content="text/html;charset=utf-8" />
  <meta name='ocr-system' content='tesseract 3.04.00' />
  <meta name='ocr-capabilities' content='ocr_page ocr_carea ocr_par ocr_line ocrx_word'/>
</head>
<body>
  <div class='ocr_page' id='page_1' title='image "./caesariiheister05stragoog/caesariiheister05stragoog_0324.png"; bbox 0 0 2642 4330; ppageno 0'>
   <div class='ocr_carea' id='block_1_1' title="bbox 365 247 1156 362">
    <p class='ocr_par' dir='ltr' id='par_1_1' title="bbox 365 247 1156 362">
     <span class='ocr_line' id='line_1_1' title="bbox 365 247 1156 362; baseline 0.004 -3"><span class='ocrx_word' id='word_1_1' title='bbox 365 247 369 251; x_wconf 15' lang='grc' dir='ltr'><strong><em>ι</em></strong></span> <span class='ocrx_word' id='word_1_2' title='bbox 445 305 447 310; x_wconf 87' lang='lat'>&#39;</span> <span class='ocrx_word' id='word_1_3' title='bbox 466 300 520 360; x_wconf 82' lang='lat' dir='ltr'><strong>DE</strong></span> <span class='ocrx_word' id='word_1_4' title='bbox 543 298 814 362; x_wconf 84' lang='lat' dir='ltr'><strong>DAEMONIBUS.</strong></span> <span class='ocrx_word' id='word_1_5' title='bbox 1094 301 1156 362; x_wconf 87' lang='grc'><strong>309</strong></span> 
     </span>
    </p>
   </div>
   <div class='ocr_carea' id='block_1_2' title="bbox 118 420 1158 671">
    <p class='ocr_par' dir='ltr' id='par_1_2' title="bbox 118 420 1158 671">
     <span class='ocr_line' id='line_1_2' title="bbox 119 420 1157 499; baseline 0 -17"><span class='ocrx_word' id='word_1_6' title='bbox 119 427 149 482; x_wconf 92' lang='lat' dir='ltr'><strong>in</strong></span> <span class='ocrx_word' id='word_1_7' title='bbox 168 423 387 499; x_wconf 82' lang='lat' dir='ltr'>Imperatorem,</span> <span class='ocrx_word' id='word_1_8' title='bbox 409 427 437 488; x_wconf 88' lang='lat' dir='ltr'><strong>et</strong></span> <span class='ocrx_word' id='word_1_9' title='bbox 456 423 546 481; x_wconf 82' lang='lat' dir='ltr'>issent</span> <span class='ocrx_word' id='word_1_10' title='bbox 567 437 633 483; x_wconf 90' lang='lat' dir='ltr'><strong>oum</strong></span> <span class='ocrx_word' id='word_1_11' title='bbox 655 438 688 481; x_wconf 92' lang='lat' dir='ltr'><strong>eo</strong></span> <span class='ocrx_word' id='word_1_12' title='bbox 708 421 858 482; x_wconf 89' lang='lat' dir='ltr'><strong>Johaunes</strong></span> <span class='ocrx_word' id='word_1_13' title='bbox 876 420 1036 498; x_wconf 84' lang='lat' dir='ltr'>Episcopus</span> <span class='ocrx_word' id='word_1_14' title='bbox 1052 421 1157 482; x_wconf 78' lang='lat' dir='ltr'><strong>Carne-</strong></span> 
     </span>
     <span class='ocr_line' id='line_1_3' title="bbox 119 505 1157 586; baseline 0 -17"><span class='ocrx_word' id='word_1_15' title='bbox 119 511 255 584; x_wconf 88' lang='lat' dir='ltr'><strong>racensis,</strong></span> <span class='ocrx_word' id='word_1_16' title='bbox 276 505 419 567; x_wconf 81' lang='lat' dir='ltr'><strong>Henricus</strong></span> <span class='ocrx_word' id='word_1_17' title='bbox 433 507 627 568; x_wconf 83' lang='lat' dir='ltr'><strong>Scholasticus</strong></span> <span class='ocrx_word' id='word_1_18' title='bbox 649 511 741 568; x_wconf 88' lang='lat' dir='ltr'><strong>sancti</strong></span> <span class='ocrx_word' id='word_1_19' title='bbox 756 507 902 584; x_wconf 83' lang='lat' dir='ltr'><strong>Gereouis,</strong></span> <span class='ocrx_word' id='word_1_20' title='bbox 923 511 1059 586; x_wconf 85' lang='lat' dir='ltr'><strong>magister</strong></span> <span class='ocrx_word' id='word_1_21' title='bbox 1079 509 1157 569; x_wconf 90' lang='lat' dir='ltr'><strong>Her·</strong></span> 
     </span>
     <span class='ocr_line' id='line_1_4' title="bbox 118 595 1158 671; baseline 0 -15"><span class='ocrx_word' id='word_1_22' title='bbox 118 613 241 656; x_wconf 88' lang='lat' dir='ltr'><strong>mannus</strong></span> <span class='ocrx_word' id='word_1_23' title='bbox 278 597 432 654; x_wconf 89' lang='lat' dir='ltr'><strong>canonicus</strong></span> <span class='ocrx_word' id='word_1_24' title='bbox 467 595 643 670; x_wconf 89' lang='lat' dir='ltr'><strong>Bonnensis,</strong></span> <span class='ocrx_word' id='word_1_25' title='bbox 676 595 760 654; x_wconf 91' lang='lat' dir='ltr'><strong>simul</strong></span> <span class='ocrx_word' id='word_1_26' title='bbox 789 597 909 671; x_wconf 81' lang='lat' dir='ltr'><strong>ingressi</strong></span> <span class='ocrx_word' id='word_1_27' title='bbox 944 602 1010 655; x_wconf 90' lang='lat' dir='ltr'><strong>sunt</strong></span> <span class='ocrx_word' id='word_1_28' title='bbox 1044 595 1158 656; x_wconf 87' lang='lat' dir='ltr'><strong>scholas</strong></span> 
     </span>
    </p>
   </div>
   <div class='ocr_carea' id='block_1_3' title="bbox 4 681 1238 758">
    <p class='ocr_par' dir='ltr' id='par_1_3' title="bbox 4 681 1238 758">
     <span class='ocr_line' id='line_1_5' title="bbox 4 681 1238 758; baseline -0.008 -14"><span class='ocrx_word' id='word_1_29' title='bbox 4 687 6 698; x_wconf 91' lang='lat'>&#39;</span> <span class='ocrx_word' id='word_1_30' title='bbox 119 682 270 743; x_wconf 89' lang='lat' dir='ltr'><strong>cuiusdam</strong></span> <span class='ocrx_word' id='word_1_31' title='bbox 301 681 524 741; x_wconf 78' lang='lat' dir='ltr'><strong>haeresiarchae.</strong></span> <span class='ocrx_word' id='word_1_32' title='bbox 571 681 667 742; x_wconf 89' lang='lat' dir='ltr'><strong>Locus</strong></span> <span class='ocrx_word' id='word_1_33' title='bbox 690 699 776 757; x_wconf 92' lang='lat' dir='ltr'><strong>quem</strong></span> <span class='ocrx_word' id='word_1_34' title='bbox 797 688 865 740; x_wconf 91' lang='lat' dir='ltr'><strong>tunc</strong></span> <span class='ocrx_word' id='word_1_35' title='bbox 885 681 1008 758; x_wconf 86' lang='lat' dir='ltr'><strong>legebat,</strong></span> <span class='ocrx_word' id='word_1_36' title='bbox 1026 683 1051 740; x_wconf 87' lang='lat' dir='ltr'><strong>is</strong></span> <span class='ocrx_word' id='word_1_37' title='bbox 1080 689 1189 742; x_wconf 59' lang='lat' dir='ltr'><strong>oratu</strong></span> <span class='ocrx_word' id='word_1_38' title='bbox 1236 721 1238 728; x_wconf 61' lang='grc'><strong><em>,</em></strong></span> 
     </span>
    </p>
   </div>
   <div class='ocr_carea' id='block_1_4' title="bbox 118 769 1158 1194">
    <p class='ocr_par' dir='ltr' id='par_1_4' title="bbox 118 769 1158 1194">
     <span class='ocr_line' id='line_1_6' title="bbox 118 769 1156 844; baseline 0 -16"><span class='ocrx_word' id='word_1_39' title='bbox 118 769 192 828; x_wconf 84' lang='lat' dir='ltr'><strong>Jam</strong></span> <span class='ocrx_word' id='word_1_40' title='bbox 220 769 365 828; x_wconf 73' lang='lat' dir='ltr'><strong>iudicium</strong></span> <span class='ocrx_word' id='word_1_41' title='bbox 390 769 495 827; x_wconf 83' lang='lat' dir='ltr'><strong>mundi</strong></span> <span class='ocrx_word' id='word_1_42' title='bbox 515 773 619 842; x_wconf 84' lang='lat' dir='ltr'><strong>uouit‚·</strong></span> <span class='ocrx_word' id='word_1_43' title='bbox 639 772 702 826; x_wconf 81' lang='lat' dir='ltr'><strong>iam</strong></span> <span class='ocrx_word' id='word_1_44' title='bbox 718 771 856 844; x_wconf 59' lang='lat' dir='ltr'><strong>princeps</strong></span> <span class='ocrx_word' id='word_1_45' title='bbox 878 769 982 827; x_wconf 72' lang='lat' dir='ltr'><strong>ruendi</strong></span> <span class='ocrx_word' id='word_1_46' title='bbox 1002 770 1089 828; x_wconf 80' lang='lat' dir='ltr'><strong>buius</strong></span> <span class='ocrx_word' id='word_1_47' title='bbox 1104 773 1156 828; x_wconf 80' lang='lat' dir='ltr'><strong>cii-</strong></span> 
     </span>
     <span class='ocr_line' id='line_1_7' title="bbox 119 851 1157 931; baseline 0.001 -17"><span class='ocrx_word' id='word_1_48' title='bbox 119 860 212 914; x_wconf 77' lang='lat' dir='ltr'><strong>cc&#39;ctur</strong></span> <span class='ocrx_word' id='word_1_49' title='bbox 245 855 334 931; x_wconf 79' lang='lat' dir='ltr'><strong>forus</strong></span> <span class='ocrx_word' id='word_1_50' title='bbox 348 851 375 930; x_wconf 87' lang='lat'><strong>¹).</strong></span> <span class='ocrx_word' id='word_1_51' title='bbox 420 853 512 930; x_wconf 87' lang='lat' dir='ltr'><strong>Quem</strong></span> <span class='ocrx_word' id='word_1_52' title='bbox 547 855 643 914; x_wconf 89' lang='lat' dir='ltr'><strong>locum</strong></span> <span class='ocrx_word' id='word_1_53' title='bbox 674 857 714 913; x_wconf 88' lang='lat' dir='ltr'><strong>ita</strong></span> <span class='ocrx_word' id='word_1_54' title='bbox 743 854 894 930; x_wconf 82' lang='lat' dir='ltr'><strong>glossavit:</strong></span> <span class='ocrx_word' id='word_1_55' title='bbox 924 854 1002 914; x_wconf 85' lang='lat' dir='ltr'><strong>Ecce</strong></span> <span class='ocrx_word' id='word_1_56' title='bbox 1030 853 1157 915; x_wconf 82' lang='lat' dir='ltr'><strong>Christus</strong></span> 
     </span>
     <span class='ocr_line' id='line_1_8' title="bbox 119 940 1158 1016; baseline -0.001 -15"><span class='ocrx_word' id='word_1_57' title='bbox 119 941 267 1001; x_wconf 79' lang='lat' dir='ltr'><strong>diabolum</strong></span> <span class='ocrx_word' id='word_1_58' title='bbox 285 943 442 1016; x_wconf 89' lang='lat' dir='ltr'><strong>principem</strong></span> <span class='ocrx_word' id='word_1_59' title='bbox 463 941 546 1000; x_wconf 87' lang='lat' dir='ltr'><strong>huius</strong></span> <span class='ocrx_word' id='word_1_60' title='bbox 568 940 667 999; x_wconf 88' lang='lat' dir='ltr'><strong>mundi</strong></span> <span class='ocrx_word' id='word_1_61' title='bbox 688 943 812 1015; x_wconf 88' lang='lat' dir='ltr'><strong>vocavit,</strong></span> <span class='ocrx_word' id='word_1_62' title='bbox 834 942 901 1016; x_wconf 87' lang='lat' dir='ltr'><strong>quia</strong></span> <span class='ocrx_word' id='word_1_63' title='bbox 921 940 998 1001; x_wconf 90' lang='lat' dir='ltr'><strong>huuc</strong></span> <span class='ocrx_word' id='word_1_64' title='bbox 1019 941 1158 1000; x_wconf 89' lang='lat' dir='ltr'><strong>muudum</strong></span> 
     </span>
     <span class='ocr_line' id='line_1_9' title="bbox 120 1026 1158 1104; baseline -0.002 -16"><span class='ocrx_word' id='word_1_65' title='bbox 120 1029 235 1088; x_wconf 86' lang='lat' dir='ltr'><strong>creavit.</strong></span> <span class='ocrx_word' id='word_1_66' title='bbox 281 1027 355 1085; x_wconf 79' lang='lat' dir='ltr'><strong>Cum</strong></span> <span class='ocrx_word' id='word_1_67' title='bbox 369 1036 430 1103; x_wconf 85' lang='lat' dir='ltr'><strong>&#39;quc</strong></span> <span class='ocrx_word' id='word_1_68' title='bbox 447 1028 610 1103; x_wconf 89' lang='lat' dir='ltr'><strong>praedictus</strong></span> <span class='ocrx_word' id='word_1_69' title='bbox 625 1027 807 1087; x_wconf 89' lang='lat' dir='ltr'><strong>Hermaunus</strong></span> <span class='ocrx_word' id='word_1_70' title='bbox 820 1030 888 1086; x_wconf 89' lang='lat' dir='ltr'><strong>satis</strong></span> <span class='ocrx_word' id='word_1_71' title='bbox 904 1026 972 1086; x_wconf 88' lang='lat' dir='ltr'><strong>dure</strong></span> <span class='ocrx_word' id='word_1_72' title='bbox 995 1027 1158 1104; x_wconf 79' lang='lat' dir='ltr'><strong>disputavit,</strong></span> 
     </span>
     <span class='ocr_line' id='line_1_10' title="bbox 120 1111 1158 1194; baseline -0.001 -20"><span class='ocrx_word' id='word_1_73' title='bbox 120 1122 155 1190; x_wconf 90' lang='lat' dir='ltr'><strong>et,</strong></span> <span class='ocrx_word' id='word_1_74' title='bbox 176 1117 253 1174; x_wconf 90' lang='lat' dir='ltr'><strong>sicut</strong></span> <span class='ocrx_word' id='word_1_75' title='bbox 266 1113 337 1172; x_wconf 86' lang='lat' dir='ltr'><strong>milri</strong></span> <span class='ocrx_word' id='word_1_76' title='bbox 350 1115 454 1188; x_wconf 87' lang='lat' dir='ltr'><strong>retulit,</strong></span> <span class='ocrx_word' id='word_1_77' title='bbox 476 1115 553 1190; x_wconf 87' lang='lat' dir='ltr'><strong>quod</strong></span> <span class='ocrx_word' id='word_1_78' title='bbox 566 1115 647 1172; x_wconf 91' lang='lat' dir='ltr'><strong>Deus</strong></span> <span class='ocrx_word' id='word_1_79' title='bbox 663 1121 787 1173; x_wconf 81' lang='lat' dir='ltr'><strong>creasset</strong></span> <span class='ocrx_word' id='word_1_80' title='bbox 799 1115 894 1172; x_wconf 89' lang='lat' dir='ltr'><strong>omnia</strong></span> <span class='ocrx_word' id='word_1_81' title='bbox 905 1120 1017 1173; x_wconf 88' lang='lat' dir='ltr'><strong>tantum</strong></span> <span class='ocrx_word' id='word_1_82' title='bbox 1030 1115 1118 1174; x_wconf 85' lang='lat' dir='ltr'><strong>verbo</strong></span> <span class='ocrx_word' id='word_1_83' title='bbox 1127 1111 1158 1194; x_wconf 84' lang='lat'><strong>²),</strong></span> 
     </span>
    </p>
   </div>
   <div class='ocr_carea' id='block_1_5' title="bbox 4 1199 1158 1277">
    <p class='ocr_par' dir='ltr' id='par_1_5' title="bbox 4 1199 1158 1277">
     <span class='ocr_line' id='line_1_11' title="bbox 4 1199 1158 1277; baseline -0.003 -16"><span class='ocrx_word' id='word_1_84' title='bbox 4 1201 5 1210; x_wconf 74' lang='grc'>’</span> <span class='ocrx_word' id='word_1_85' title='bbox 118 1201 243 1266; x_wconf 81' lang='lat' dir='ltr'><strong>visibilia</strong></span> <span class='ocrx_word' id='word_1_86' title='bbox 273 1206 303 1260; x_wconf 90' lang='lat' dir='ltr'><strong>et</strong></span> <span class='ocrx_word' id='word_1_87' title='bbox 328 1201 488 1276; x_wconf 86' lang='lat' dir='ltr'><strong>invisibilia,</strong></span> <span class='ocrx_word' id='word_1_88' title='bbox 510 1201 668 1277; x_wconf 85' lang='lat' dir='ltr'><strong>corporalia</strong></span> <span class='ocrx_word' id='word_1_89' title='bbox 687 1207 715 1259; x_wconf 93' lang='lat' dir='ltr'><strong>et</strong></span> <span class='ocrx_word' id='word_1_90' title='bbox 732 1200 902 1276; x_wconf 88' lang='lat' dir='ltr'><strong>spiritualia,</strong></span> <span class='ocrx_word' id='word_1_91' title='bbox 926 1218 985 1259; x_wconf 93' lang='lat' dir='ltr'><strong>nou</strong></span> <span class='ocrx_word' id='word_1_92' title='bbox 1006 1199 1100 1260; x_wconf 93' lang='lat' dir='ltr'><strong>solum</strong></span> <span class='ocrx_word' id='word_1_93' title='bbox 1123 1217 1158 1258; x_wconf 90' lang='lat' dir='ltr'><strong>ex</strong></span> 
     </span>
    </p>
   </div>
   <div class='ocr_carea' id='block_1_6' title="bbox 105 1283 1160 1800">
    <p class='ocr_par' dir='ltr' id='par_1_6' title="bbox 105 1283 1160 1800">
     <span class='ocr_line' id='line_1_12' title="bbox 121 1283 1159 1367; baseline -0.004 -18"><span class='ocrx_word' id='word_1_94' title='bbox 121 1289 276 1364; x_wconf 88' lang='lat' dir='ltr'><strong>scripturis,</strong></span> <span class='ocrx_word' id='word_1_95' title='bbox 298 1285 350 1344; x_wconf 89' lang='lat' dir='ltr'><strong>sed</strong></span> <span class='ocrx_word' id='word_1_96' title='bbox 366 1283 478 1367; x_wconf 79' lang='lat' dir='ltr'><strong>etiam³)</strong></span> <span class='ocrx_word' id='word_1_97' title='bbox 503 1305 537 1347; x_wconf 93' lang='lat' dir='ltr'><strong>ex</strong></span> <span class='ocrx_word' id='word_1_98' title='bbox 552 1290 661 1346; x_wconf 90' lang='lat' dir='ltr'><strong>ratione</strong></span> <span class='ocrx_word' id='word_1_99' title='bbox 676 1286 888 1346; x_wconf 81' lang='lat' dir='ltr'><strong>¹demonstravit.</strong></span> <span class='ocrx_word' id='word_1_100' title='bbox 915 1286 998 1346; x_wconf 89' lang='lat' dir='ltr'><strong>Haec</strong></span> <span class='ocrx_word' id='word_1_101' title='bbox 1013 1286 1159 1346; x_wconf 87' lang='lat' dir='ltr'><strong>dictasint</strong></span> 
     </span>
     <span class='ocr_line' id='line_1_13' title="bbox 119 1372 1158 1449; baseline -0.003 -15"><span class='ocrx_word' id='word_1_102' title='bbox 119 1375 155 1434; x_wconf 91' lang='lat' dir='ltr'><strong>de</strong></span> <span class='ocrx_word' id='word_1_103' title='bbox 168 1374 329 1447; x_wconf 85' lang='lat' dir='ltr'><strong>haereticis,</strong></span> <span class='ocrx_word' id='word_1_104' title='bbox 345 1375 393 1447; x_wconf 89' lang='lat' dir='ltr'><strong>qui</strong></span> <span class='ocrx_word' id='word_1_105' title='bbox 411 1375 539 1433; x_wconf 89' lang='lat' dir='ltr'><strong>membra</strong></span> <span class='ocrx_word' id='word_1_106' title='bbox 553 1380 620 1433; x_wconf 91' lang='lat' dir='ltr'><strong>suut</strong></span> <span class='ocrx_word' id='word_1_107' title='bbox 634 1373 748 1433; x_wconf 86' lang='lat' dir='ltr'><strong>diaboli.</strong></span> <span class='ocrx_word' id='word_1_108' title='bbox 783 1373 849 1432; x_wconf 89' lang='lat' dir='ltr'><strong>Hoc</strong></span> <span class='ocrx_word' id='word_1_109' title='bbox 860 1376 935 1432; x_wconf 92' lang='lat' dir='ltr'><strong>enim</strong></span> <span class='ocrx_word' id='word_1_110' title='bbox 945 1375 1067 1449; x_wconf 86' lang='lat' dir='ltr'><strong>noveris,</strong></span> <span class='ocrx_word' id='word_1_111' title='bbox 1081 1372 1158 1448; x_wconf 86' lang='lat' dir='ltr'><strong>quod</strong></span> 
     </span>
     <span class='ocr_line' id='line_1_14' title="bbox 119 1458 1158 1540; baseline -0.001 -20"><span class='ocrx_word' id='word_1_112' title='bbox 119 1462 208 1520; x_wconf 90' lang='lat' dir='ltr'><strong>multo</strong></span> <span class='ocrx_word' id='word_1_113' title='bbox 219 1462 360 1530; x_wconf 86' lang='lat' dir='ltr'><strong>intensius</strong></span> <span class='ocrx_word' id='word_1_114' title='bbox 375 1478 456 1519; x_wconf 87' lang='lat' dir='ltr'><strong>suam</strong></span> <span class='ocrx_word' id='word_1_115' title='bbox 471 1460 601 1520; x_wconf 89' lang='lat' dir='ltr'><strong>diabulus</strong></span> <span class='ocrx_word' id='word_1_116' title='bbox 621 1466 751 1520; x_wconf 89' lang='lat' dir='ltr'><strong>exerceat</strong></span> <span class='ocrx_word' id='word_1_117' title='bbox 769 1460 905 1519; x_wconf 86' lang='lat' dir='ltr'><strong>malitiam</strong></span> <span class='ocrx_word' id='word_1_118' title='bbox 912 1458 934 1540; x_wconf 77' lang='lat'><strong>⁴)</strong></span> <span class='ocrx_word' id='word_1_119' title='bbox 953 1463 982 1519; x_wconf 93' lang='lat' dir='ltr'><strong>in</strong></span> <span class='ocrx_word' id='word_1_120' title='bbox 999 1460 1158 1535; x_wconf 82' lang='lat' dir='ltr'><strong>haereticis,</strong></span> 
     </span>
     <span class='ocr_line' id='line_1_15' title="bbox 120 1546 1158 1624; baseline -0.001 -17"><span class='ocrx_word' id='word_1_121' title='bbox 120 1566 206 1624; x_wconf 90' lang='lat' dir='ltr'><strong>quam</strong></span> <span class='ocrx_word' id='word_1_122' title='bbox 227 1549 258 1605; x_wconf 91' lang='lat' dir='ltr'><strong>in</strong></span> <span class='ocrx_word' id='word_1_123' title='bbox 274 1549 472 1622; x_wconf 83' lang='lat' dir='ltr'><strong>energuminis.</strong></span> <span class='ocrx_word' id='word_1_124' title='bbox 505 1546 706 1607; x_wconf 81' lang='lat' dir='ltr'>NOVICIUS:</span> <span class='ocrx_word' id='word_1_125' title='bbox 729 1547 855 1605; x_wconf 83' lang='lat' dir='ltr'><strong>Possunt</strong></span> <span class='ocrx_word' id='word_1_126' title='bbox 869 1549 1051 1623; x_wconf 80' lang='lat' dir='ltr'><strong>energumini,</strong></span> <span class='ocrx_word' id='word_1_127' title='bbox 1064 1547 1093 1605; x_wconf 89' lang='lat' dir='ltr'><strong>id</strong></span> <span class='ocrx_word' id='word_1_128' title='bbox 1107 1553 1158 1622; x_wconf 91' lang='lat' dir='ltr'><strong>est,</strong></span> 
     </span>
     <span class='ocr_line' id='line_1_16' title="bbox 105 1625 1160 1711; baseline -0.002 -17"><span class='ocrx_word' id='word_1_129' title='bbox 105 1625 106 1630; x_wconf 33' lang='lat'>¹</span> <span class='ocrx_word' id='word_1_130' title='bbox 120 1635 259 1694; x_wconf 83' lang='lat' dir='ltr'><strong>obsessis</strong></span> <span class='ocrx_word' id='word_1_131' title='bbox 271 1631 396 1707; x_wconf 85' lang='lat' dir='ltr'><strong>diabolo,</strong></span> <span class='ocrx_word' id='word_1_132' title='bbox 412 1633 518 1694; x_wconf 91' lang='lat' dir='ltr'><strong>habere</strong></span> <span class='ocrx_word' id='word_1_133' title='bbox 529 1632 697 1693; x_wconf 80' lang='lat' dir='ltr'><strong>caritatem?</strong></span> <span class='ocrx_word' id='word_1_134' title='bbox 710 1632 945 1693; x_wconf 82' lang='lat' dir='ltr'><strong>MONACHUS:</strong></span> <span class='ocrx_word' id='word_1_135' title='bbox 961 1633 1071 1711; x_wconf 85' lang='lat' dir='ltr'><strong>Etiam;</strong></span> <span class='ocrx_word' id='word_1_136' title='bbox 1085 1636 1160 1693; x_wconf 91' lang='lat' dir='ltr'><strong>sicut</strong></span> 
     </span>
     <span class='ocr_line' id='line_1_17' title="bbox 120 1716 1158 1800; baseline -0.002 -20"><span class='ocrx_word' id='word_1_137' title='bbox 120 1722 250 1796; x_wconf 89' lang='lat' dir='ltr'><strong>superius</strong></span> <span class='ocrx_word' id='word_1_138' title='bbox 260 1716 281 1800; x_wconf 84' lang='lat'><strong>⁵)</strong></span> <span class='ocrx_word' id='word_1_139' title='bbox 305 1719 413 1778; x_wconf 85' lang='lat' dir='ltr'><strong>dictum</strong></span> <span class='ocrx_word' id='word_1_140' title='bbox 435 1727 486 1796; x_wconf 90' lang='lat' dir='ltr'><strong>est,</strong></span> <span class='ocrx_word' id='word_1_141' title='bbox 507 1737 565 1780; x_wconf 92' lang='lat' dir='ltr'><strong>non</strong></span> <span class='ocrx_word' id='word_1_142' title='bbox 580 1723 609 1780; x_wconf 92' lang='lat' dir='ltr'><strong>in</strong></span> <span class='ocrx_word' id='word_1_143' title='bbox 622 1722 781 1795; x_wconf 75' lang='lat' dir='ltr'><strong>animabus,</strong></span> <span class='ocrx_word' id='word_1_144' title='bbox 802 1719 854 1780; x_wconf 89' lang='lat' dir='ltr'><strong>sed</strong></span> <span class='ocrx_word' id='word_1_145' title='bbox 871 1723 901 1779; x_wconf 93' lang='lat' dir='ltr'><strong>in</strong></span> <span class='ocrx_word' id='word_1_146' title='bbox 917 1721 1084 1797; x_wconf 86' lang='lat' dir='ltr'><strong>corporibus</strong></span> <span class='ocrx_word' id='word_1_147' title='bbox 1106 1726 1158 1780; x_wconf 87' lang='lat' dir='ltr'><strong>est.</strong></span> 
     </span>
    </p>
   </div>
   <div class='ocr_carea' id='block_1_7' title="bbox 288 1937 824 2037">
    <p class='ocr_par' dir='ltr' id='par_1_7' title="bbox 288 1937 824 2037">
     <span class='ocr_line' id='line_1_18' title="bbox 288 1937 824 2037; baseline -0.002 -13"><span class='ocrx_word' id='word_1_148' title='bbox 288 1937 290 1941; x_wconf 76' lang='grc'>’</span> <span class='ocrx_word' id='word_1_149' title='bbox 369 2031 376 2037; x_wconf 62' lang='grc'><em>,</em></span> <span class='ocrx_word' id='word_1_150' title='bbox 453 1963 686 2024; x_wconf 78' lang='lat' dir='ltr'><strong>cnruuuuu</strong></span> <span class='ocrx_word' id='word_1_151' title='bbox 706 1963 824 2024; x_wconf 83' lang='lat' dir='ltr'><strong>xxvr.</strong></span> 
     </span>
    </p>
   </div>
   <div class='ocr_carea' id='block_1_8' title="bbox 140 2102 1137 2179">
    <p class='ocr_par' dir='ltr' id='par_1_8' title="bbox 140 2102 1137 2179">
     <span class='ocr_line' id='line_1_19' title="bbox 140 2102 1137 2179; baseline 0 -17"><span class='ocrx_word' id='word_1_152' title='bbox 140 2105 188 2162; x_wconf 90' lang='lat' dir='ltr'><strong>Dc</strong></span> <span class='ocrx_word' id='word_1_153' title='bbox 205 2104 321 2178; x_wconf 76' lang='lat' dir='ltr'><strong>patella,</strong></span> <span class='ocrx_word' id='word_1_154' title='bbox 345 2119 436 2178; x_wconf 81' lang='lat' dir='ltr'><strong>quom</strong></span> <span class='ocrx_word' id='word_1_155' title='bbox 450 2102 584 2162; x_wconf 81' lang='lat' dir='ltr'><strong>diabolus</strong></span> <span class='ocrx_word' id='word_1_156' title='bbox 605 2106 730 2173; x_wconf 81' lang='lat' dir='ltr'><strong>intrauit</strong></span> <span class='ocrx_word' id='word_1_157' title='bbox 750 2121 818 2162; x_wconf 79' lang='lat' dir='ltr'><strong>curn</strong></span> <span class='ocrx_word' id='word_1_158' title='bbox 841 2110 912 2162; x_wconf 83' lang='lat' dir='ltr'><strong>essct</strong></span> <span class='ocrx_word' id='word_1_159' title='bbox 933 2106 1137 2179; x_wconf 76' lang='lat' dir='ltr'><strong>quinquennis.</strong></span> 
     </span>
    </p>
   </div>
   <div class='ocr_carea' id='block_1_9' title="bbox 119 2272 1159 2439">
    <p class='ocr_par' dir='ltr' id='par_1_9' title="bbox 119 2272 1159 2439">
     <span class='ocr_line' id='line_1_20' title="bbox 184 2272 1158 2354; baseline 0.001 -22"><span class='ocrx_word' id='word_1_160' title='bbox 184 2274 292 2334; x_wconf 89' lang='lat' dir='ltr'><strong>Mulier</strong></span> <span class='ocrx_word' id='word_1_161' title='bbox 323 2273 466 2348; x_wconf 88' lang='lat' dir='ltr'><strong>quaedam</strong></span> <span class='ocrx_word' id='word_1_162' title='bbox 487 2279 516 2334; x_wconf 91' lang='lat' dir='ltr'><strong>in</strong></span> <span class='ocrx_word' id='word_1_163' title='bbox 541 2277 661 2337; x_wconf 86' lang='lat' dir='ltr'><strong>Briselrs</strong></span> <span class='ocrx_word' id='word_1_164' title='bbox 683 2280 752 2337; x_wconf 89' lang='lat' dir='ltr'><strong>satis</strong></span> <span class='ocrx_word' id='word_1_165' title='bbox 774 2276 923 2336; x_wconf 89' lang='lat' dir='ltr'><strong>crudeliter</strong></span> <span class='ocrx_word' id='word_1_166' title='bbox 943 2276 999 2335; x_wconf 92' lang='lat' dir='ltr'><strong>hoc</strong></span> <span class='ocrx_word' id='word_1_167' title='bbox 1022 2272 1158 2354; x_wconf 83' lang='lat' dir='ltr'><strong>angorc⁶)</strong></span> 
     </span>
     <span class='ocr_line' id='line_1_21' title="bbox 119 2359 1159 2439; baseline 0 -20"><span class='ocrx_word' id='word_1_168' title='bbox 119 2361 290 2422; x_wconf 86' lang='lat' dir='ltr'><strong>vexabatur.</strong></span> <span class='ocrx_word' id='word_1_169' title='bbox 323 2359 409 2420; x_wconf 88' lang='lat' dir='ltr'><strong>Hanc</strong></span> <span class='ocrx_word' id='word_1_170' title='bbox 424 2360 554 2422; x_wconf 87' lang='lat' dir='ltr'><strong>diabolus</strong></span> <span class='ocrx_word' id='word_1_171' title='bbox 577 2381 642 2423; x_wconf 91' lang='lat' dir='ltr'><strong>cum</strong></span> <span class='ocrx_word' id='word_1_172' title='bbox 657 2371 744 2424; x_wconf 74' lang='lat' dir='ltr'><strong>&#39;esset&#39;</strong></span> <span class='ocrx_word' id='word_1_173' title='bbox 759 2365 955 2439; x_wconf 87' lang='lat' dir='ltr'><strong>quinquennis,</strong></span> <span class='ocrx_word' id='word_1_174' title='bbox 984 2363 1039 2422; x_wconf 90' lang='lat' dir='ltr'><strong>hoc</strong></span> <span class='ocrx_word' id='word_1_175' title='bbox 1062 2362 1159 2421; x_wconf 88' lang='lat' dir='ltr'><strong>ordluc</strong></span> 
     </span>
    </p>
   </div>
   <div class='ocr_carea' id='block_1_10' title="bbox 118 2447 1284 2526">
    <p class='ocr_par' dir='ltr' id='par_1_10' title="bbox 118 2447 1284 2526">
     <span class='ocr_line' id='line_1_22' title="bbox 118 2447 1284 2526; baseline -0.003 -20"><span class='ocrx_word' id='word_1_176' title='bbox 118 2450 243 2508; x_wconf 88' lang='lat' dir='ltr'><strong>intravit.</strong></span> <span class='ocrx_word' id='word_1_177' title='bbox 286 2447 343 2506; x_wconf 91' lang='lat' dir='ltr'><strong>Die</strong></span> <span class='ocrx_word' id='word_1_178' title='bbox 365 2448 490 2522; x_wconf 88' lang='lat' dir='ltr'><strong>quadam</strong></span> <span class='ocrx_word' id='word_1_179' title='bbox 512 2449 576 2509; x_wconf 90' lang='lat' dir='ltr'><strong>cum</strong></span> <span class='ocrx_word' id='word_1_180' title='bbox 597 2450 643 2516; x_wconf 85' lang='lat' dir='ltr'><strong>lac</strong></span> <span class='ocrx_word' id='word_1_181' title='bbox 664 2451 866 2526; x_wconf 85' lang='lat' dir='ltr'><strong>manducaret,</strong></span> <span class='ocrx_word' id='word_1_182' title='bbox 887 2456 969 2526; x_wconf 89' lang='lat' dir='ltr'><strong>pater</strong></span> <span class='ocrx_word' id='word_1_183' title='bbox 990 2451 1051 2509; x_wconf 89' lang='lat' dir='ltr'><strong>eius</strong></span> <span class='ocrx_word' id='word_1_184' title='bbox 1072 2451 1160 2508; x_wconf 75' lang='lat' dir='ltr'><strong>uatus</strong></span> <span class='ocrx_word' id='word_1_185' title='bbox 1270 2477 1284 2502; x_wconf 68' lang='grc' dir='ltr'>ι</span> 
     </span>
    </p>
   </div>
   <div class='ocr_carea' id='block_1_11' title="bbox 119 2531 1161 3133">
    <p class='ocr_par' dir='ltr' id='par_1_11' title="bbox 119 2531 1161 3132">
     <span class='ocr_line' id='line_1_23' title="bbox 119 2531 1158 2613; baseline -0.001 -19"><span class='ocrx_word' id='word_1_186' title='bbox 119 2535 202 2594; x_wconf 86' lang='lat' dir='ltr'><strong>dixit:</strong></span> <span class='ocrx_word' id='word_1_187' title='bbox 233 2534 392 2612; x_wconf 87' lang='lat' dir='ltr'><strong>Diabolum</strong></span> <span class='ocrx_word' id='word_1_188' title='bbox 414 2536 547 2596; x_wconf 87' lang='lat' dir='ltr'><strong>comedas</strong></span> <span class='ocrx_word' id='word_1_189' title='bbox 576 2540 604 2595; x_wconf 89' lang='lat' dir='ltr'><strong>in</strong></span> <span class='ocrx_word' id='word_1_190' title='bbox 629 2544 758 2596; x_wconf 87' lang='lat' dir='ltr'><strong>ventrem</strong></span> <span class='ocrx_word' id='word_1_191' title='bbox 779 2545 869 2596; x_wconf 91' lang='lat' dir='ltr'><strong>tuum.</strong></span> <span class='ocrx_word' id='word_1_192' title='bbox 911 2536 982 2595; x_wconf 88' lang='lat' dir='ltr'><strong>Mox</strong></span> <span class='ocrx_word' id='word_1_193' title='bbox 1003 2531 1158 2613; x_wconf 65' lang='lat' dir='ltr'><strong>puellulas)</strong></span> 
     </span>
     <span class='ocr_line' id='line_1_24' title="bbox 119 2621 1159 2699; baseline 0 -19"><span class='ocrx_word' id='word_1_194' title='bbox 119 2623 209 2680; x_wconf 88' lang='lat' dir='ltr'><strong>sensit</strong></span> <span class='ocrx_word' id='word_1_195' title='bbox 232 2623 294 2681; x_wconf 90' lang='lat' dir='ltr'><strong>eius</strong></span> <span class='ocrx_word' id='word_1_196' title='bbox 316 2623 483 2697; x_wconf 84' lang='lat' dir='ltr'><strong>ingressum,</strong></span> <span class='ocrx_word' id='word_1_197' title='bbox 505 2630 534 2682; x_wconf 90' lang='lat' dir='ltr'><strong>et</strong></span> <span class='ocrx_word' id='word_1_198' title='bbox 558 2641 650 2699; x_wconf 91' lang='lat' dir='ltr'><strong>usque</strong></span> <span class='ocrx_word' id='word_1_199' title='bbox 672 2624 710 2685; x_wconf 85' lang='lat' dir='ltr'><strong>ad</strong></span> <span class='ocrx_word' id='word_1_200' title='bbox 727 2631 869 2683; x_wconf 87' lang='lat' dir='ltr'><strong>maturam</strong></span> <span class='ocrx_word' id='word_1_201' title='bbox 891 2629 1016 2684; x_wconf 84' lang='lat' dir='ltr'><strong>aetatem</strong></span> <span class='ocrx_word' id='word_1_202' title='bbox 1044 2624 1081 2682; x_wconf 87' lang='lat' dir='ltr'><strong>ab</strong></span> <span class='ocrx_word' id='word_1_203' title='bbox 1110 2621 1159 2680; x_wconf 92' lang='lat' dir='ltr'><strong>illo</strong></span> 
     </span>
     <span class='ocr_line' id='line_1_25' title="bbox 119 2708 1160 2786; baseline 0 -20"><span class='ocrx_word' id='word_1_204' title='bbox 119 2715 235 2783; x_wconf 85' lang='lat' dir='ltr'><strong>vexata,</strong></span> <span class='ocrx_word' id='word_1_205' title='bbox 257 2708 314 2766; x_wconf 92' lang='lat' dir='ltr'><strong>hcc</strong></span> <span class='ocrx_word' id='word_1_206' title='bbox 328 2712 547 2784; x_wconf 80' lang='lat' dir='ltr'><strong>annoprimum</strong></span> <span class='ocrx_word' id='word_1_207' title='bbox 567 2713 674 2770; x_wconf 91' lang='lat' dir='ltr'><strong>meritis</strong></span> <span class='ocrx_word' id='word_1_208' title='bbox 695 2709 900 2786; x_wconf 84' lang='lat' dir='ltr'><strong>Apostolorum</strong></span> <span class='ocrx_word' id='word_1_209' title='bbox 921 2709 999 2769; x_wconf 88' lang='lat' dir='ltr'><strong>Petri</strong></span> <span class='ocrx_word' id='word_1_210' title='bbox 1020 2715 1049 2768; x_wconf 90' lang='lat' dir='ltr'><strong>et</strong></span> <span class='ocrx_word' id='word_1_211' title='bbox 1069 2708 1160 2782; x_wconf 89' lang='lat' dir='ltr'><strong>Pauli,</strong></span> 
     </span>
     <span class='ocr_line' id='line_1_26' title="bbox 120 2794 1159 2873; baseline 0.001 -21"><span class='ocrx_word' id='word_1_212' title='bbox 120 2811 244 2870; x_wconf 90' lang='lat' dir='ltr'><strong>quorum</strong></span> <span class='ocrx_word' id='word_1_213' title='bbox 272 2794 371 2853; x_wconf 87' lang='lat' dir='ltr'><strong>limina</strong></span> <span class='ocrx_word' id='word_1_214' title='bbox 398 2798 538 2871; x_wconf 81' lang='lat' dir='ltr'><strong>visitavit,</strong></span> <span class='ocrx_word' id='word_1_215' title='bbox 567 2797 688 2857; x_wconf 88' lang='lat' dir='ltr'><strong>liberata</strong></span> <span class='ocrx_word' id='word_1_216' title='bbox 715 2804 767 2856; x_wconf 86' lang='lat' dir='ltr'><strong>est</strong></span> <span class='ocrx_word' id='word_1_217' title='bbox 818 2797 889 2873; x_wconf 80' lang='lat' dir='ltr'><strong>Quis</strong></span> <span class='ocrx_word' id='word_1_218' title='bbox 918 2796 1010 2856; x_wconf 78' lang='lat' dir='ltr'><strong>dicere</strong></span> <span class='ocrx_word' id='word_1_219' title='bbox 1039 2795 1159 2868; x_wconf 89' lang='lat' dir='ltr'><strong>audeat,</strong></span> 
     </span>
     <span class='ocr_line' id='line_1_27' title="bbox 121 2880 1160 2959; baseline 0 -20"><span class='ocrx_word' id='word_1_220' title='bbox 121 2884 248 2956; x_wconf 86' lang='lat' dir='ltr'><strong>quinque</strong></span> <span class='ocrx_word' id='word_1_221' title='bbox 270 2895 411 2940; x_wconf 88' lang='lat' dir='ltr'><strong>annorum</strong></span> <span class='ocrx_word' id='word_1_222' title='bbox 424 2883 591 2944; x_wconf 81' lang='lat' dir='ltr'><strong>infantulam</strong></span> <span class='ocrx_word' id='word_1_223' title='bbox 608 2885 783 2959; x_wconf 82' lang='lat' dir='ltr'><strong>baptizatam</strong></span> <span class='ocrx_word' id='word_1_224' title='bbox 796 2901 853 2943; x_wconf 89' lang='lat' dir='ltr'><strong>non</strong></span> <span class='ocrx_word' id='word_1_225' title='bbox 869 2882 975 2942; x_wconf 90' lang='lat' dir='ltr'><strong>habere</strong></span> <span class='ocrx_word' id='word_1_226' title='bbox 991 2880 1160 2942; x_wconf 79' lang='lat' dir='ltr'><strong>caritatem?</strong></span> 
     </span>
     <span class='ocr_line' id='line_1_28' title="bbox 120 2967 1159 3047; baseline 0.002 -23"><span class='ocrx_word' id='word_1_227' title='bbox 120 2967 168 3026; x_wconf 90' lang='lat' dir='ltr'><strong>De</strong></span> <span class='ocrx_word' id='word_1_228' title='bbox 198 2985 256 3044; x_wconf 89' lang='lat' dir='ltr'><strong>qua</strong></span> <span class='ocrx_word' id='word_1_229' title='bbox 285 2968 363 3027; x_wconf 89' lang='lat' dir='ltr'><strong>idem</strong></span> <span class='ocrx_word' id='word_1_230' title='bbox 390 2968 512 3029; x_wconf 88' lang='lat' dir='ltr'><strong>daemon</strong></span> <span class='ocrx_word' id='word_1_231' title='bbox 534 2969 662 3030; x_wconf 85' lang='lat' dir='ltr'><strong>dicebat:</strong></span> <span class='ocrx_word' id='word_1_232' title='bbox 684 2971 733 3030; x_wconf 90' lang='lat' dir='ltr'><strong>Me</strong></span> <span class='ocrx_word' id='word_1_233' title='bbox 756 2987 884 3047; x_wconf 87' lang='lat' dir='ltr'><strong>egresso,</strong></span> <span class='ocrx_word' id='word_1_234' title='bbox 914 2987 1061 3044; x_wconf 86' lang='lat' dir='ltr'><strong>nunquam</strong></span> <span class='ocrx_word' id='word_1_235' title='bbox 1082 2967 1159 3027; x_wconf 88' lang='lat' dir='ltr'><strong>aliud</strong></span> 
     </span>
     <span class='ocr_line' id='line_1_29' title="bbox 119 3053 1161 3133; baseline 0 -19"><span class='ocrx_word' id='word_1_236' title='bbox 119 3062 187 3130; x_wconf 89' lang='lat' dir='ltr'><strong>post</strong></span> <span class='ocrx_word' id='word_1_237' title='bbox 213 3053 290 3114; x_wconf 89' lang='lat' dir='ltr'><strong>hanc</strong></span> <span class='ocrx_word' id='word_1_238' title='bbox 319 3056 409 3113; x_wconf 81' lang='lat' dir='ltr'><strong>vitam</strong></span> <span class='ocrx_word' id='word_1_239' title='bbox 437 3059 540 3115; x_wconf 88' lang='lat' dir='ltr'><strong>sentiet</strong></span> <span class='ocrx_word' id='word_1_240' title='bbox 567 3061 769 3133; x_wconf 85' lang='lat' dir='ltr'><strong>purgatorium</strong></span> <span class='ocrx_word' id='word_1_241' title='bbox 814 3056 934 3117; x_wconf 89' lang='lat' dir='ltr'><strong>Obsessi</strong></span> <span class='ocrx_word' id='word_1_242' title='bbox 966 3061 1086 3131; x_wconf 84' lang='lat' dir='ltr'><strong>peccata</strong></span> <span class='ocrx_word' id='word_1_243' title='bbox 1107 3071 1161 3114; x_wconf 88' lang='lat' dir='ltr'><strong>sua</strong></span> 
     </span>
    </p>
   </div>
   <div class='ocr_carea' id='block_1_12' title="bbox 121 3133 1298 3219">
    <p class='ocr_par' dir='ltr' id='par_1_12' title="bbox 121 3133 1298 3219">
     <span class='ocr_line' id='line_1_30' title="bbox 121 3133 1298 3219; baseline 0 -20"><span class='ocrx_word' id='word_1_244' title='bbox 121 3141 309 3214; x_wconf 86' lang='lat' dir='ltr'><strong>confitentur,</strong></span> <span class='ocrx_word' id='word_1_245' title='bbox 340 3148 422 3200; x_wconf 88' lang='lat' dir='ltr'><strong>orant</strong></span> <span class='ocrx_word' id='word_1_246' title='bbox 447 3149 475 3202; x_wconf 92' lang='lat' dir='ltr'><strong>et</strong></span> <span class='ocrx_word' id='word_1_247' title='bbox 497 3147 715 3204; x_wconf 86' lang='lat' dir='ltr'><strong>communicant.</strong></span> <span class='ocrx_word' id='word_1_248' title='bbox 759 3143 852 3219; x_wconf 87' lang='lat' dir='ltr'><strong>Quod</strong></span> <span class='ocrx_word' id='word_1_249' title='bbox 867 3133 996 3202; x_wconf 87' lang='lat' dir='ltr'><strong>diabolus</strong></span> <span class='ocrx_word' id='word_1_250' title='bbox 1020 3136 1186 3216; x_wconf 85' lang='lat' dir='ltr'><strong>quosdam</strong></span> <span class='ocrx_word' id='word_1_251' title='bbox 1296 3175 1298 3186; x_wconf 90' lang='lat'>·</span> 
     </span>
    </p>
   </div>
   <div class='ocr_carea' id='block_1_13' title="bbox 120 3226 1161 3390">
    <p class='ocr_par' dir='ltr' id='par_1_13' title="bbox 120 3226 1161 3390">
     <span class='ocr_line' id='line_1_31' title="bbox 120 3226 1161 3305; baseline 0 -21"><span class='ocrx_word' id='word_1_252' title='bbox 120 3226 179 3285; x_wconf 91' lang='lat' dir='ltr'><strong>Dei</strong></span> <span class='ocrx_word' id='word_1_253' title='bbox 210 3229 397 3303; x_wconf 88' lang='lat' dir='ltr'><strong>permissione</strong></span> <span class='ocrx_word' id='word_1_254' title='bbox 429 3231 459 3288; x_wconf 93' lang='lat' dir='ltr'><strong>in</strong></span> <span class='ocrx_word' id='word_1_255' title='bbox 487 3232 654 3305; x_wconf 89' lang='lat' dir='ltr'><strong>corporibus</strong></span> <span class='ocrx_word' id='word_1_256' title='bbox 680 3233 739 3290; x_wconf 85' lang='lat' dir='ltr'><strong>suis</strong></span> <span class='ocrx_word' id='word_1_257' title='bbox 766 3230 877 3304; x_wconf 85' lang='lat' dir='ltr'><strong>laedat,</strong></span> <span class='ocrx_word' id='word_1_258' title='bbox 905 3228 1078 3304; x_wconf 87' lang='lat' dir='ltr'><strong>quibusdam</strong></span> <span class='ocrx_word' id='word_1_259' title='bbox 1109 3228 1161 3286; x_wconf 89' lang='lat' dir='ltr'><strong>tihi</strong></span> 
     </span>
     <span class='ocr_line' id='line_1_32' title="bbox 122 3314 441 3390; baseline 0.01 -19"><span class='ocrx_word' id='word_1_260' title='bbox 122 3314 273 3374; x_wconf 88' lang='lat' dir='ltr'><strong>ostendam</strong></span> <span class='ocrx_word' id='word_1_261' title='bbox 296 3315 441 3390; x_wconf 85' lang='lat' dir='ltr'><strong>exemplis.</strong></span> 
     </span>
    </p>
   </div>
   <div class='ocr_carea' id='block_1_14' title="bbox 143 3601 1161 3880">
    <p class='ocr_par' dir='ltr' id='par_1_14' title="bbox 143 3601 1160 3880">
     <span class='ocr_line' id='line_1_33' title="bbox 143 3601 1160 3674; baseline -0.001 -22"><span class='ocrx_word' id='word_1_262' title='bbox 143 3602 173 3669; x_wconf 89' lang='lat' dir='ltr'><strong>i)</strong></span> <span class='ocrx_word' id='word_1_263' title='bbox 185 3603 278 3655; x_wconf 83' lang='lat' dir='ltr'><strong>lehun</strong></span> <span class='ocrx_word' id='word_1_264' title='bbox 299 3603 341 3668; x_wconf 83' lang='grc'><strong>12,</strong></span> <span class='ocrx_word' id='word_1_265' title='bbox 360 3605 446 3656; x_wconf 87' lang='grc'><strong>31.</strong></span> <span class='ocrx_word' id='word_1_266' title='bbox 417 3607 497 3674; x_wconf 85' lang='lat'><strong>2)</strong></span> <span class='ocrx_word' id='word_1_267' title='bbox 516 3615 640 3659; x_wconf 83' lang='lat' dir='ltr'><strong>tautum</strong></span> <span class='ocrx_word' id='word_1_268' title='bbox 658 3606 925 3660; x_wconf 75' lang='lat' dir='ltr'><strong>verhoaddc</strong></span> <span class='ocrx_word' id='word_1_269' title='bbox 945 3606 977 3673; x_wconf 82' lang='lat'><strong>3)</strong></span> <span class='ocrx_word' id='word_1_270' title='bbox 996 3601 1160 3655; x_wconf 87' lang='lat' dir='ltr'><strong>etiamadd</strong></span> 
     </span>
     <span class='ocr_line' id='line_1_34' title="bbox 191 3672 1161 3744; baseline -0.004 -18"><span class='ocrx_word' id='word_1_271' title='bbox 191 3672 225 3736; x_wconf 79' lang='lat'><strong>03</strong></span> <span class='ocrx_word' id='word_1_272' title='bbox 243 3673 396 3741; x_wconf 86' lang='lat' dir='ltr'><strong>paulopost</strong></span> <span class='ocrx_word' id='word_1_273' title='bbox 411 3674 474 3727; x_wconf 78' lang='lat' dir='ltr'><strong>nul’</strong></span> <span class='ocrx_word' id='word_1_274' title='bbox 491 3679 744 3729; x_wconf 79' lang='lat' dir='ltr'><strong>monstrevit.-</strong></span> <span class='ocrx_word' id='word_1_275' title='bbox 764 3678 828 3744; x_wconf 83' lang='grc'>4)1)</span> <span class='ocrx_word' id='word_1_276' title='bbox 848 3684 977 3727; x_wconf 88' lang='lat' dir='ltr'><strong>exercet</strong></span> <span class='ocrx_word' id='word_1_277' title='bbox 995 3673 1161 3733; x_wconf 87' lang='lat' dir='ltr'><strong>malitiam,</strong></span> 
     </span>
     <span class='ocr_line' id='line_1_35' title="bbox 191 3711 1159 3813; baseline -0.003 -19"><span class='ocrx_word' id='word_1_278' title='bbox 191 3711 231 3794; x_wconf 67' lang='lat'><strong>1313</strong></span> <span class='ocrx_word' id='word_1_279' title='bbox 255 3742 413 3794; x_wconf 85' lang='lat' dir='ltr'><strong>malitiam</strong></span> <span class='ocrx_word' id='word_1_280' title='bbox 439 3756 657 3800; x_wconf 80' lang='lat' dir='ltr'><strong>exercent-</strong></span> <span class='ocrx_word' id='word_1_281' title='bbox 684 3747 715 3813; x_wconf 74' lang='lat'><strong>5)</strong></span> <span class='ocrx_word' id='word_1_282' title='bbox 739 3747 811 3798; x_wconf 85' lang='lat' dir='ltr'><strong>BC</strong></span> <span class='ocrx_word' id='word_1_283' title='bbox 804 3764 835 3798; x_wconf 88' lang='lat' dir='ltr'><strong>ru</strong></span> <span class='ocrx_word' id='word_1_284' title='bbox 866 3741 1159 3812; x_wconf 87' lang='lat' dir='ltr'><strong>superioribus.-</strong></span> 
     </span>
     <span class='ocr_line' id='line_1_36' title="bbox 192 3813 1159 3880; baseline -0.004 -16"><span class='ocrx_word' id='word_1_285' title='bbox 192 3813 294 3878; x_wconf 88' lang='lat' dir='ltr'><strong>6)‘hoc</strong></span> <span class='ocrx_word' id='word_1_286' title='bbox 314 3815 535 3880; x_wconf 78' lang='lat' dir='ltr'><strong>angoreom03</strong></span> <span class='ocrx_word' id='word_1_287' title='bbox 556 3815 707 3867; x_wconf 86' lang='lat' dir='ltr'><strong>ceterilibri</strong></span> <span class='ocrx_word' id='word_1_288' title='bbox 726 3814 1159 3867; x_wconf 44' lang='lat' dir='ltr'><strong>omneshahenthocannoae</strong></span> 
     </span>
    </p>
   </div>
   <div class='ocr_carea' id='block_1_15' title="bbox 193 3881 667 3954">
    <p class='ocr_par' dir='ltr' id='par_1_15' title="bbox 193 3881 667 3954">
     <span class='ocr_line' id='line_1_37' title="bbox 193 3881 667 3954; baseline 0.004 -20.076"><span class='ocrx_word' id='word_1_289' title='bbox 193 3881 279 3954; x_wconf 69' lang='lat' dir='ltr'><strong>apuu</strong></span> <span class='ocrx_word' id='word_1_290' title='bbox 298 3881 428 3949; x_wconf 69' lang='lat' dir='ltr'><strong>putus</strong></span> <span class='ocrx_word' id='word_1_291' title='bbox 439 3884 585 3950; x_wconf 66' lang='lat' dir='ltr'><strong>opacus</strong></span> <span class='ocrx_word' id='word_1_292' title='bbox 601 3885 667 3936; x_wconf 79' lang='lat' dir='ltr'><strong>rua.</strong></span> 
     </span>
    </p>
   </div>
   <div class='ocr_carea' id='block_1_16' title="bbox 0 0 1331 4330">
    <p class='ocr_par' dir='ltr' id='par_1_16' title="bbox 0 0 1331 4330">
     <span class='ocr_line' id='line_1_38' title="bbox 0 0 1331 4330; baseline 0 0"><span class='ocrx_word' id='word_1_293' title='bbox 0 0 1331 4330; x_wconf 95' lang='lat' dir='ltr'><strong> </strong></span> 
     </span>
    </p>
   </div>
  </div>
 </body>
</html>
