2622 4322
37 331 42 340 Ι
131 249 193 309 ιιι
421 244 673 326 vorsumonro
695 243 860 326 Qunam

135 371 267 430 versariis
288 370 409 446 nuncio,
431 373 471 430 ait
490 371 558 430 illis:
591 370 667 430 Boni
690 369 835 444 homines,
856 368 1052 438 bonavestra
1073 373 1176 428 vestm
1225 367 1227 371 ’

133 457 210 531 sint,
238 463 291 533 ego
314 475 333 519 a
354 457 400 516 die
428 450 651 517 hodierna-‘non
679 463 808 532 repetam
827 455 886 514 illa.
929 453 985 530 Qui
1007 472 1073 514 cum
1093 471 1175 531 gau-

29 549 31 563 “
135 541 182 602 dio
203 543 337 603 recedent
325 549 377 618 tes,
391 546 439 603 ita
459 547 487 602 in
502 543 627 604 Abbatis'
648 543 828 619 simplicitate
850 548 879 601 et
899 544 1007 600 iustitia
1029 541 1176 602 aedificati

134 634 216 705 sunt,
244 636 290 689 nt
291 633 467 706 compuncti
496 635 575 690 ocius
595 631 734 708 redirent,
767 637 796 689 et
816 631 894 688 bona
919 646 972 704 pro
995 629 1098 704 quibus
1121 628 1177 687 diu

135 715 347 792 contenderant,
368 725 450 795 grato
473 721 569 777 animo
591 699 764 776 monasterio
785 717 874 776 libere
889 717 1055 775 conl.errent
1088 714 1177 791 Quae

136 820 202 862 cum
223 820 281 863 non
304 808 475 864 consentiret
496 804 600 864 Abbas
621 806 762 880 recipere,
783 781 1008 879 responderunt:
1037 801 1177 876 Domine,

137 891 272 966 quicquid
293 888 404 971 nostri)
433 894 502 950 iuris
523 892 604 950 luit
596 908 625 949 ιιι
647 891 690 950 his
712 891 804 965 bonis,
825 892 1009 965 remittimus,
1032 887 1110 965 qnod
1130 889 1176 948 ad

133 994 186 1037 nos
207 979 375 1052 pertinebat,
396 978 491 1037 Deo
483 995 513 1036 m
527 977 740 1054 eleemosynam
759 977 911 1036 offerimus.
943 977 1026 1036 Tunc
1046 978 1176 1051 primum

136 1063 238 1122 Abbas
260 1067 404 1140 acquievit
424 1083 477 1124 sua
497 1067 638 1140 recipere,
667 1067 759 1138 magle
787 1064 941 1124 claustrum
962 1081 1046 1122 suum
1067 1061 1175 1122 aedifi-

138 1167 205 1210 cans
227 1168 281 1210 sua
302 1151 422 1226 simplici
442 1153 557 1226 iustitia,
579 1169 666 1227 quam
679 1151 839 1210 cellerarius
861 1168 914 1209 sua
934 1157 1030 1210 astuta
1041 1151 1174 1210 ovantia.

135 1236 233 1297 Simile
260 1255 335 1313 pene
363 1238 462 1297 audies
493 1237 528 1297 de
550 1237 664 1296 domino
685 1237 773 1297 Petro
795 1236 912 1296 Abbato
934 1237 1118 1296 claraevallis
1139 1238 1173 1295 in

136 1323 314 1384 distinctione
337 1329 418 1383 sexta
447 1318 569 1399 capitulo
600 1324 759 1384 undecimo.
802 1324 864 1406 Viri
884 1325 952 1383 iusti
973 1323 1094 1382 multum
1110 1323 1173 1382 ‚de-

134 1417 274 1470 testantur
295 1413 452 1485 avaritiam,
474 1414 548 1470 sicut
569 1411 668 1470 audies
689 1411 719 1469 in
740 1413 871 1486 sequenti
893 1410 1026 1486 capitulo.

455 1599 688 1662 ocerannum
708 1597 846 1681 nnnc)

177 1722 225 1804 pe
251 1721 350 1781 Ulcico
371 1723 548 1799 Praeposito
570 1723 787 1797 Stetaoctdcasi,
810 1730 838 1782 ct
859 1739 997 1782 cannaco
1020 1738 1125 1794 avaro,

536 1828 623 1886 quen
642 1814 766 1870 'amovit

198 1947 287 2025 Apud
308 1950 511 2009 monasterinm
540 1951 632 2009 sancti
654 1931 814 2028 Grisantii²J
836 1947 1031 2008 scholasticus
1052 1945 1173 2022 quidam

136 2032 298 2095 demoratus
311 2032 400 2116 suits),
417 2038 461 2095 vir
474 2053 597 2114 magnae
611 2036 778 2111 prudentiae
789 2041 876 2112 atque
887 2037 1032 2124 scientiae,
1053 2036 1172 2094 natione

113 2120 276 2200 *Gallicus
292 2125 406 2183 nomine
427 2121 549 2184 Ulricus.
593 2122 646 2182 Cui
669 2140 734 2182 cum
755 2122 882 2182 redditus
904 2111 1089 2181 scholastriae
1110 2129 1172 2180 non

134 2209 310 2283 sufficerant,
338 2226 457 2269 necesse
487 2216 548 2278 erat
575 2215 620 2268 ut
636 2209 739 2268 debitis
762 2191 943 2286 obligaretur.
986 2207 1110 2284 Quidam
1132 2224 1171 2266 ex

132 2295 265 2356 fratribus
285 2295 509 2358 Steinveldensis
537 2297 702 2355 monasterii
731 2295 835 2356 ordinis
863 2295 1172 2370 Praemonstratensis,

136 2399 171 2444 eo
193 2381 271 2458 quod
298 2385 391 2442 virum
422 2400 544 2460 magnae
565 2383 728 2442 literaturae
748 2380 860 2463 illums)
891 2385 1081 2458 conspiceret,
1109 2381 1170 2440 lra-

135 2472 268 2544 quontius
288 2472 411 2544 monuit,
439 2475 472 2527 ut
500 2469 538 2528 ad
567 2469 684 2528 domum
698 2507 701 2516 -
713 2487 795 2528 suam
814 2472 914 2546 ¹gratia
926 2468 931 2492 ²
943 2469 1134 2540 conversionis
1146 2464 1169 2548 ⁵)

137 2573 169 2616 se
190 2555 361 2620 transferret
404 2555 533 2615 Tandem
555 2555 602 2614 ille
615 2555 748 2615 divinitus
762 2559 924 2631 inspiratus,
944 2558 974 2614 in
990 2555 1063 2615 haec
1077 2554 1169 2616 verba

134 2643 293 2718 respondit:
335 2643 493 2703 Pecuniam
514 2639 720 2718 aliquantulam
749 2642 854 2717 debeo,
887 2643 988 2702 solvite
1015 2642 1109 2716 illam,
1138 2649 1169 2701 et

133 2747 186 2808 ego
219 2731 334 2789 veniam
366 2729 404 2790 ad
435 2747 497 2790 vos.
549 2728 634 2805 Quod
667 2745 733 2788 cum
765 2729 949 2789 intellexisset
980 2728 1168 2806 Praepositae

132 2817 270 2894 praedicti
290 2819 461 2892 monasterii,
481 2817 633 2892 pecuniam
653 2815 839 2876 libentissime
853 2816 947 2891 solvit,
969 2814 1168 2876 etScholasti-

131 2921 182 2963 cus
203 2905 300 2964 statim
327 2903 457 2963 habitum
479 2905 613 2979 suscepit.
657 2903 712 2979 Qui
740 2920 798 2962 non
825 2903 915 2963 multo
942 2908 1009 2978 post
1037 2901 1168 2962 eiusdem

132 2992 262 3050 coenobii
293 2989 386 3049 factus
415 2994 458 3050 est
489 2989 683 3065 Praepositus.
731 2989 866 3050 Nondum
899 2993 975 3049 anim
1005 2992 1035 3048 in
1067 2989 1167 3049 ordine

130 3076 407 3138 Praemonstratensi
428 3084 509 3136 erant
524 3076 664 3137 Abbates.
707 3075 807 3137 Sciens
828 3077 875 3136 ille
897 3095 963 3137 cum
985 3076 1086 3136 officio·
1101 3078 1166 3135 ani·-

129 3182 192 3224 mas
219 3181 251 3224 se
279 3163 419 3241 regendas
447 3166 622 3239 suscepisse,
653 3179 711 3222 non
732 3181 854 3239 pecora,
886 3163 934 3222 vel
954 3165 1167 3239 possessiones,

128 3268 246 3327 operam
268 3251 356 3311 dabat
377 3250 566 3326 exstirpandis
587 3252 678 3326 vitiis,
707 3266 764 3309 non
792 3252 921 3326 pecuniis
944 3249 1166 3329 congregandis,

34 3471 36 3482 '
146 3473 176 3542 1)
194 3471 257 3526 Aur
275 3473 389 3523 vostri.
409 3501 440 3511 -
468 3470 609 3540 *Jllomil
632 3469 672 3524 ill.
691 3485 716 3538 p
735 3469 829 3523 34.-
845 3470 888 3539 2)
906 3470 991 3522 Sancti
1009 3469 1165 3536 chrysanthi
1226 3479 1230 3488 ’

196 3541 345 3594 coenobinrh
363 3541 411 3593 luit
428 3541 598 3593 hlonastcrii'
591 3557 617 3592 ιιι
634 3539 766 3594 Eiflia—
792 3540 823 3608 3J
842 3539 862 3592 n
886 3539 1013 3608 quidam
1036 3541 1112 3603 luit,
1135 3549 1165 3592 nt

194 3613 260 3664 inira
282 3611 339 3675 Vll,
361 3612 409 3663 31.
434 3609 516 3693 ,apud
540 3611 718 3664 monasterinm
748 3612 827 3661 sancti
851 3609 968 3662 crisantii
994 3609 1165 3662 Scholasticns

195 3680 294 3750 qnidam
318 3681 377 3742 luit,
403 3683 505 3732 nomine
523 3680 635 3744 Daniel‘t
673 3679 756 3733 Ceteri
783 3678 839 3730 libri
866 3695 953 3732 ornnes
980 3679 1065 3732 larunt
1095 3680 1166 3748 qui-

147 3716 159 3772 d
193 3751 263 3876 etiarn
270 3759 418 3890 vo5cJatBncs
435 3750 548 3812 lnit-
565 3731 649 3832 4ch
666 3765 748 3812 eum,
741 3748 841 3870 ;ιριιΙο
859 3749 990 3818 postADP
1008 3749 1165 3817 trequen-

208 3838 242 3875 er
429 3820 660 3872 conversionis
685 3834 741 3887 gra
765 3834 793 3870 ra
