2538 4314
162 278 233 338 ιη’
478 253 707 341 parmomo
729 275 879 338 mama

520 427 754 521 eremmon
774 429 851 516 nr)
903 415 907 426 ’

163 559 212 620 Dc
233 559 345 633 dorico,
367 560 420 636 qui
439 566 631 636 stupraverat
651 577 778 618 uxoren
799 557 915 632 militie,
937 574 1025 633 quam
1040 563 1115 632 posi
1136 572 1209 615 coa·

231 647 388 724 fumonem
410 646 545 706 diabolus
566 651 599 705 in
619 645 738 706 stabulo
761 646 836 705 aaut
858 663 917 704 esec
937 645 1139 721 uudficatum.

228 765 314 828 Miles
337 766 454 844 quidam
475 767 505 827 iu
533 769 603 828 villa
633 765 759 843 quadam
790 766 949 840 habitarit,
978 767 1059 825 cuius
1088 779 1211 824 uxorem

165 855 294 915 ciusdem
325 855 411 914 villae
441 854 574 914 sacerdos
602 871 654 931 per
682 854 853 913 adulterium
881 851 1046 912 maculavit
1089 851 1211 912 Dictum

165 949 209 1003 est
230 942 324 1016 militi,
354 945 423 1018 quia
449 943 583 1002 sacerdos
613 958 673 1001 rem
694 941 817 1000 haberet
838 955 904 1000 cum
924 955 1014 1000 uxore
1036 957 1101 999 sua.
1144 938 1212 1014 Ille,

166 1043 233 1092 cum
254 1032 297 1088 vir
319 1028 443 1105 prudens
466 1036 556 1105 esset,
577 1045 631 1088 nec
652 1029 749 1088 verbis
770 1027 853 1088 facile
876 1026 1019 1102 crederet,
1040 1026 1154 1086 nullam
1176 1025 1212 1084 de

165 1118 221 1178 hoo
242 1119 417 1176 mentionem
437 1118 532 1176 iacere
553 1117 645 1176 voluit
676 1118 758 1175 uxori
785 1117 846 1174 sive
874 1114 1029 1189 sacerdoti,
1056 1116 1211 1174 veritatem

164 1207 261 1264 verius
278 1201 295 1284 ¹)
305 1203 405 1263 volens
417 1207 546 1280 experiri.
577 1203 643 1263 Non
664 1210 762 1262 amen
784 1205 844 1261 sine
858 1201 1097 1278 suspicionefuit
1132 1200 1210 1260 Gon-

166 1293 230 1369 tigit
250 1297 284 1349 ut
304 1293 333 1348 in
356 1290 481 1365 quadam
502 1291 586 1365 villa,
618 1308 677 1349 non
698 1287 820 1348 multum
842 1307 860 1348 a
881 1289 977 1348 militis
999 1288 1069 1348 villa
1090 1294 1210 1363 remota,

166 1377 284 1455 quidam
305 1379 440 1436 obsessus
463 1385 556 1452 esset,
578 1380 607 1436 in
629 1393 687 1452 quo
710 1377 892 1436 daemonium
913 1382 974 1435 tam
994 1391 1123 1452 nequam
1142 1381 1210 1449 erat,

166 1473 199 1525 ut
234 1481 331 1524 coram
360 1465 519 1523 astantibus
548 1466 755 1540 improperaret
782 1470 919 1540 peccata,
954 1481 1028 1538 quae
1056 1479 1112 1540 per
1140 1479 1210 1522 con-

166 1553 319 1612 fessionem
340 1569 439 1610 veram
460 1569 518 1610 non
539 1551 659 1610 fuissent
676 1557 770 1611 tecta:
806 1549 891 1626 Quod
906 1568 972 1610 cum
986 1551 1068 1610 miles
1083 1567 1120 1610 ex
1134 1549 1210 1609 mul-

167 1647 262 1700 torum
284 1639 429 1698 didicisset
449 1639 602 1713 relatione,
623 1641 736 1715 rogavit
757 1644 924 1714 suspectum
945 1639 1000 1697 sibi
1022 1637 1210 1712 sacerdotem,

168 1734 200 1786 ut
230 1726 268 1786 ad
298 1725 473 1800 colloquium
502 1725 649 1801 quoddam
685 1741 784 1786 secum
816 1728 858 1785 ire
886 1743 944 1784 non
976 1731 1132 1785 recusaret.
1174 1724 1210 1784 Et

168 1815 313 1889 acquievit
334 1812 477 1872 sacerdos.
521 1812 595 1871 (lum
616 1815 763 1872 venissent
784 1812 868 1873 simul
888 1815 918 1872 in
940 1813 1052 1887 villam,
1082 1813 1135 1874 ubi
1156 1813 1208 1872 ob-

168 1915 265 1960 sessus
287 1906 355 1975 erat,
378 1903 509 1960 conscius
530 1902 591 1975 ipse
614 1901 669 1958 sibi
690 1900 834 1975 sacerdos,
855 1905 1020 1976 suspectum
1042 1901 1140 1977 coepit
1156 1899 1208 1958 ha-

169 1987 239 2047 bere
260 1987 395 2062 militem,
422 1989 568 2063 quianon
591 2005 658 2045 eum
666 1983 687 2066 ²)
709 1987 832 2062 latebat,
854 1988 932 2062 quod
954 1987 1090 2048 obsessus
1113 2006 1132 2047 a
1152 1993 1208 2046 tam

169 2090 294 2150 nequam
317 2074 457 2133 daemone
478 2077 507 2132 in
530 2073 631 2133 eadem
652 2073 722 2134 villa
742 2074 895 2133 habitaret.
938 2075 1113 2151 Tirnensque
1134 2077 1208 2133 vitae
1258 2091 1259 2122 t

89 2189 96 2204 =
170 2179 248 2236 snae,
270 2163 294 2220 si
316 2178 334 2220 a
356 2160 495 2220 daemone
516 2161 693 2237 proderetur,
713 2163 913 2220 necessitatem
934 2161 1208 2233 naturaesimulans,

169 2251 285 2308 intravit
307 2247 452 2306 stabulum
474 2247 511 2306 ad
533 2265 648 2307 servum
669 2247 773 2323 militis,
798 2248 977 2323 pedibusque
1000 2249 1060 2308 eins
1082 2253 1207 2326 prostra-

169 2342 225 2410 tus,
247 2336 305 2394 ait:
326 2335 411 2410 Rogo
433 2341 462 2393 tc
483 2341 599 2410 propter
620 2333 793 2410 Dominum,
825 2341 858 2394 ut
880 2335 980 2396 audias
1002 2337 1207 2396 confessionem
1258 2333 1259 2340 ’

169 2438 274 2483 meam.
318 2421 412 2497 Quem
432 2437 532 2481 servus
555 2439 749 2498 expavescens
771 2423 893 2497 levavit,
920 2423 1039 2482 audiens
1069 2439 1144 2500 qnae
1171 2420 1206 2480 ab

170 2509 218 2568 illo
241 2508 416 2567 dicebantur.
459 2508 551 2568 Facta
578 2525 649 2568 vero
677 2510 870 2584 confessione,
899 2527 966 2568 cum
994 2510 1048 2569 sibi
1077 2507 1207 2569 sacerdos
1258 2523 1259 2576 j

60 2613 66 2618 ’
170 2598 278 2672 iniungi
298 2601 408 2671 peteret
428 2597 650 2670 poenitentiam,
677 2613 777 2655 servus
800 2599 869 2655 satis
890 2595 1045 2672 prudenter
1064 2593 1207 2674 respondit
1258 2589 1259 2636 ἕ

33 2681 36 2688 ’
170 2683 211 2741 illi
232 2682 344 2742 dicens:
378 2682 524 2757 Quantum
553 2682 634 2742 alteri
662 2682 804 2742 sacerdoti
831 2701 883 2758 pro
905 2684 955 2742 tali
977 2685 1093 2743 crimine
1108 2685 1206 2741 iniun-

171 2772 284 2847 geretis,
305 2769 362 2828 hoc
384 2771 420 2827 sit
442 2769 596 2829 satisfactio
619 2777 723 2830 vestra.
767 2769 872 2845 Sisque
894 2773 991 2830 exiens
1008 2772 1066 2830 iam
1077 2771 1206 2840 securior,
1258 2777 1259 2820 ἰ

172 2874 238 2916 curn
259 2855 347 2916 milite
368 2855 406 2914 ad
428 2857 579 2916 ecclesiam
601 2859 688 2916 venit.
730 2856 765 2915 In
787 2875 846 2933 qua
874 2857 1090 2920 daemoniosum
1118 2857 1206 2916 offen·
1258 2885 1259 2888 κ

172 2944 287 3018 dentes,
316 2946 468 3018 requisitus
498 2950 543 3002 est
564 2961 583 3002 a
603 2944 692 3003 milita
713 2946 742 3002 in
763 2944 837 3003 baec
859 2945 966 3004 verba:
998 2944 1082 3004 Nosti
1103 2936 1205 3018 aliquid
1258 3007 1259 3012 η

173 3031 208 3090 de
229 3029 296 3090 mc?
339 3030 405 3089 Hoc
427 3027 531 3110 enim³)
555 3047 591 3090 ex
612 3031 751 3090 industria
772 3032 880 3090 facturn
903 3039 960 3106 est,
990 3037 1022 3090 ut
1054 3034 1111 3094 iam
1132 3031 1204 3090 dictu
1258 3081 1259 3096 ,

171 3117 313 3178 sacerdoti
334 3118 446 3176 tolleret
466 3120 664 3194 suspicionem.
709 3118 762 3177 Oui
785 3135 851 3178 cum
874 3119 996 3178 daemon
1017 3122 1113 3180 nescio
1141 3110 1205 3192 quid
1258 3105 1259 3166 ἶ

173 3204 364 3281 responderet,
387 3205 503 3264 adiecit:
526 3204 602 3280 Quid
623 3206 674 3264 tibi
695 3204 810 3264 videtur
832 3205 868 3264 de
890 3206 1005 3265 domino
1026 3206 1104 3266 isto?
1146 3203 1203 3261 Re-
1258 3239 1259 3276 ,

173 3292 288 3369 spondit
308 3291 369 3350 ille:
390 3291 466 3351 Nihil
489 3291 524 3350 de
553 3309 586 3352 co
609 3295 677 3351 scio.
720 3291 758 3350 Et
780 3309 845 3352 cum
867 3291 951 3372 hoc‘)
975 3293 1091 3353 dixisset
1111 3291 1204 3366 lingua
1258 3291 1259 3344 l

173 3380 347 3454 Teutonico,
368 3379 470 3437 Latine
492 3396 559 3437 mox
581 3381 741 3438 subiunxit:
774 3379 809 3436 In
831 3381 944 3439 stabulo
966 3381 1133 3449 iustificatos
1154 3381 1202 3434 est·
1258 3365 1259 3396 ¹

172 3465 275 3526 Nullus
296 3472 364 3525 tunc
386 3466 486 3525 aderat
506 3464 681 3525 clericorum.
713 3464 916 3527 NOVIOIUS:
939 3467 1016 3528 Satis
1032 3475 1109 3544 puto,
1131 3458 1201 3540 quod
1258 3467 1259 3540 ζ

173 3572 231 3613 non
253 3560 354 3628 sponte
377 3571 430 3612 sua
450 3553 499 3612 illa
519 3553 590 3611 hora
610 3553 737 3612 latinista
762 3553 855 3613 iactus
884 3557 921 3613 sit
951 3547 1089 3615 diabolus.
1129 3546 1202 3610 ΜΟ·
1258 3577 1259 3608 ι

173 3639 349 3700 NAGHUS:
370 3640 435 3700 Non
458 3646 503 3700 est
522 3642 677 3715 permissus
699 3640 777 3715 loqui
795 3629 961 3718 Teutonico,
983 3660 1019 3702 ne
1041 3641 1120 3700 miles
1140 3652 1202 3696 ver*
1258 3643 1259 3648 ’

190 3789 223 3860 Ψ)
241 3791 331 3843 llomil.
348 3791 379 3842 ll.
397 3806 422 3857 p.
442 3789 483 3842 13.
502 3817 533 3830 ·-
554 3791 585 3858 1)
603 3791 675 3843 Hom.
693 3791 834 3859 plenius.
854 3825 886 3835 -
905 3793 936 3862 2)
955 3807 1024 3852 eum
1041 3791 1089 3846 add
1106 3785 1152 3847 BC.
1171 3809 1197 3828 «r
1258 3775 1259 3826 3

243 3861 276 3930 ³)
294 3859 314 3913 G
331 3867 442 3911 autem.
464 3889 493 3900 -
513 3860 545 3928 4)
563 3861 628 3913 ΑΒΙ)
646 3861 734 3920 hacc,
927 3865 929 3868 ·
1258 3879 1259 3894 r
