2628 4310
212 225 313 286 DIST.
334 223 458 288 DUOD.
479 223 534 284 DE
556 220 737 284 PRAEMIO
760 219 1025 284 MORTUORUM.
1072 223 1134 282 315

331 411 598 509 lllS'lthlllll
629 408 900 507 obruimur

120 586 224 668 nra
247 536 598 669 'Pannona
630 581 1114 667 mereruorruru.

489 733 756 790 Q

481 897 715 958 CAPITULUM
740 897 763 956 I.

344 1022 392 1081 Dc
409 1025 513 1096 poeuis
535 1028 563 1080 ct
584 1021 682 1096 qlortu
703 1026 901 1079 mortuorum.

166 1141 281 1202 SICUT
301 1142 373 1202 hora
394 1141 546 1202 undecima
568 1141 644 1201 diem
666 1141 704 1201 ad
726 1158 861 1201 occasum
883 1139 984 1211 trahit,
1004 1141 1045 1199 ita
1067 1137 1141 1199 duo·

101 1229 214 1289 decima
243 1229 366 1289 eundem
396 1221 549 1288 concludit.
591 1229 671 1288 Beue
696 1234 794 1288 autem
815 1229 844 1285 in
867 1226 1045 1310 distinctione
1067 1226 1142 1286 duo-

25 1325 32 1336 ’
101 1316 215 1376 decima
243 1317 425 1375 tractandum
454 1314 490 1374 de
521 1317 656 1391 praemiis
688 1321 867 1374 mortuorum
906 1315 1043 1387 arbitror,
1075 1317 1143 1389 quia

101 1403 149 1462 die
171 1403 330 1478 completo,
361 1402 524 1462 laborantes
552 1404 581 1460 in
609 1403 695 1461 vinea
715 1405 939 1462 remunerantur.
982 1399 1144 1477 Unicuique

101 1490 251 1550 hominum
273 1489 334 1548 dies
356 1506 425 1548 suus
448 1494 491 1547 est
512 1505 648 1564 praesens
669 1491 743 1562 vita3
773 1488 871 1546 videat
891 1486 1036 1562 quomodo
1057 1487 1143 1547 labo·

102 1582 147 1636 ret
172 1577 202 1634 in
230 1576 369 1635 Ecclesia.
418 1573 489 1634 Dies
518 1574 590 1633 haec
620 1574 792 1650 quibusdam
813 1576 942 1647 brevior,
971 1574 1143 1650 quibusdam

101 1663 229 1739 longior,
263 1661 435 1737 quibusdam
473 1661 589 1735 clarior,
624 1660 798 1736 quibusdam
834 1660 981 1720 obscurior
1016 1660 1169 1739 efficitur„

103 1750 175 1810 Dies
207 1749 280 1808 haec
315 1748 378 1808 aliis
411 1753 455 1806 est
490 1745 645 1822 hyemalis,
677 1747 722 1806 his
755 1746 863 1806 scilicet
891 1749 939 1822 qui
967 1749 996 1804 in
1025 1747 1143 1806 infirmi-

104 1842 165 1896 tate
196 1841 263 1894 sunt
292 1841 322 1894 et
348 1836 378 1892 in
407 1835 562 1910 angustiis3
591 1833 653 1892 aliis
681 1833 840 1908 aestivalis,
869 1835 910 1892 eis
935 1833 1068 1893 videlicet
1096 1836 1145 1910 qui

105 1925 135 1982 in
163 1921 255 1999 gloria
282 1924 385 1980 vivunt
413 1925 443 1979 et
471 1919 594 1994 deliciis,
624 1919 686 1978 aliis
708 1935 777 1978 vero
799 1919 940 1994 vernalis,
969 1922 1068 1994 quiin
1089 1921 1144 1982 flo-
1172 1933 1177 1948 ¹

76 2026 137 2068 .re
166 2014 234 2066 sunt
266 1999 437 2082 iuventutis,
476 2005 620 2064 nonnullis
654 2006 845 2088 autumnalis,
875 2005 905 2064 id
941 2013 984 2065 est
1020 2009 1060 2066 eis
1096 2010 1145 2083 qui

107 2099 202 2154 aetate
231 2097 335 2153 maturi
364 2092 490 2169 pondere
521 2092 649 2151 defluunt
678 2096 841 2152 senectutis.
890 2092 957 2152 Due
987 2099 1054 2152 sunt
1080 2093 1145 2154 loca
1189 2165 1193 2173 1

107 2180 288 2240 aeternaliter
316 2180 420 2240 aDeo
447 2185 632 2254 praeparata,
660 2181 689 2236 in
719 2180 823 2253 quibus
849 2179 931 2239 labor
959 2180 1075 2240 diurnus
1096 2174 1172 2241 re?

108 2272 289 2340 muneratur,
321 2264 433 2325 coelum
454 2266 563 2325 scilicet
584 2272 613 2324 et
633 2265 767 2326 infernus.
809 2266 844 2324 In
866 2267 946 2326 coelo
967 2283 1077 2326 merces
1090 2274 1146 2337 ¹est
1194 2267 1213 2303 ²¹

107 2355 256 2427 iustorum,
277 2356 306 2412 in
327 2353 435 2411 inferno
447 2369 556 2411 merces
567 2353 762 2426 reproborum.
790 2352 837 2412 De
858 2353 916 2428 illo,
936 2354 1023 2414 iudex
1043 2357 1073 2412 in
1088 2355 1144 2416 fine

107 2442 192 2501 bonis
222 2439 349 2499 dicturus
381 2429 439 2498 est:
480 2441 580 2498 Venite
612 2437 752 2498 benedieti
773 2441 876 2500 Putris
904 2443 976 2513 met,
1004 2445 1145 2517 pecare
1248 2463 1250 2468 ·

106 2544 235 2603 acquum
264 2527 346 2603 quod
372 2525 454 2585 vebia
477 2531 625 2600 puratum
654 2533 696 2585 cet
725 2522 763 2584 ab
796 2531 908 2602 oriqine
936 2528 1048 2620 maadi.
1097 2529 1145 2589 De

107 2617 163 2674 isto
184 2629 270 2672 vero:
292 2614 338 2672 Ite
359 2613 506 2672 maledicti
527 2615 559 2670 in
581 2616 679 2688 ionem
701 2619 871 2686 aetenum,
902 2617 954 2690 qui
970 2627 1144 2690 praqrura-

109 2697 188 2776 tue¹)
211 2707 252 2759 eat
274 2699 392 2759 diabolo
415 2706 442 2758 et
465 2699 575 2774 euryclia
598 2703 659 2758 eiua
667 2697 699 2776 ²).
744 2699 860 2775 Quanta
872 2702 909 2759 sit
929 2717 1040 2760 merces
1052 2703 1145 2763 iusto-

108 2805 182 2861 rum,
204 2803 292 2861 quam
305 2785 471 2860 ineffabilis,
490 2803 576 2864 quam
598 2784 782 2861 admirabilis,
804 2804 890 2862 quam
912 2787 1107 2848 inenarrabilis
1115 2785 1147 2870 3³),

109 2874 200 2934 isaias
223 2874 304 2932 brevi
325 2888 456 2932 sermone
477 2871 693 2947 comprehendit
713 2873 825 2932 dicens:
859 2873 970 2932 Ocrrlus
990 2890 1052 2937 nou
1073 2873 1147 2939 uidit
1235 2934 1239 2939 ,

109 2962 193 3020 Deua
216 2958 326 3035 absque
348 2965 383 3031 tc,
406 2976 483 3033 quac
492 2962 684 3034 praeparasti
701 2959 886 3035 diliqeatibua
909 2955 974 3034 td).
1005 2959 1051 3019 De
1066 2975 1145 3036 -poe-

109 3049 154 3106 nis
181 3045 281 3105 insemi
309 3061 384 3121 quae
410 3044 631 3103 innumerabiles
640 3041 660 3124 ⁵)
682 3051 762 3118 sunt,
791 3062 896 3105 novem
918 3037 1068 3121 specialius
1089 3050 1164 3116 rab-g

110 3139 220 3207 tantur,
248 3149 323 3208 quae
351 3133 482 3206 sequenti
502 3129 643 3190 versiculo
666 3132 957 3207 comprehenduntur:
986 3133 1056 3208 Prx,
1084 3133 1174 3210 nixis.
1249 3150 1255 3160 ’

110 3237 177 3293 nox,
198 3221 318 3292 vermis,
339 3218 445 3293 flagra,
464 3217 594 3291 vincula,
615 3235 683 3293 pus,
704 3219 810 3293 pudor,
831 3219 938 3279 horror.
980 3219 1063 3280 Haec
1085 3227 1146 3282 tor-
1174 3217 1182 3244 ⁶

111 3313 209 3366 menta
229 3323 344 3380 novem,
365 3305 421 3364 fine
444 3304 586 3378 modoque
608 3311 713 3362 carent.
756 3305 809 3364 Est
829 3305 924 3365 adhuc
945 3310 1044 3366 tertius
1059 3307 1147 3370 'locus
1243 3282 1277 3372 ''³⁹ss
1295 3327 1306 3361 ν’

111 3392 275 3470 posthanc
296 3393 385 3450 vitam
408 3388 580 3466 quibusdam
602 3389 698 3449 electis
720 3390 758 3450 ad
779 3392 959 3469 purgandum
981 3392 1148 3470 deputatus,

112 3488 142 3540 et
169 3497 188 3540 a
215 3496 246 3538 re
274 3481 470 3554 purgatorium
492 3480 643 3536 vocitatus.
685 3476 742 3536 Hic
762 3479 926 3554 temporalis
955 3488 1012 3576 est,
1043 3480 1149 3541 durans

132 3648 163 3717 1)
181 3645 290 3700 reare
308 3654 453 3713 paretur.
475 3675 505 3684 -
531 3645 563 3709 a)
582 3613 668 3696 uaris.
687 3646 736 3710 25,
753 3647 796 3699 ar.
814 3647 857 3698 rr.
883 3673 914 3686 -
939 3648 971 3714 a)
994 3647 1058 3699 nar
1083 3649 1152 3700 rne-

169 3716 411 3778 ‘numcrabilis‚
435 3713 477 3768 CF
496 3715 755 3767 innumerabilis.
776 3745 803 3756 -
826 3717 857 3784 4)
876 3716 931 3768 lsai.
950 3711 1047 3782 6'4„4.
1068 3747 1097 3756 -
1119 3719 1151 3786 5)

183 3785 276 3842 ACllP
294 3780 581 3838 inenumerabiles.
