<?xml version="1.0" encoding="UTF-8"?>
<!DOCTYPE html PUBLIC "-//W3C//DTD XHTML 1.0 Transitional//EN"
    "http://www.w3.org/TR/xhtml1/DTD/xhtml1-transitional.dtd">
<html xmlns="http://www.w3.org/1999/xhtml" xml:lang="en" lang="en">
 <head>
  <title>
</title>
<meta http-equiv="Content-Type" content="text/html;charset=utf-8" />
  <meta name='ocr-system' content='tesseract 3.04.00' />
  <meta name='ocr-capabilities' content='ocr_page ocr_carea ocr_par ocr_line ocrx_word'/>
</head>
<body>
  <div class='ocr_page' id='page_1' title='image "./caesariiheister05stragoog_0734.png"; bbox 0 0 2628 4310; ppageno 0'>
   <div class='ocr_carea' id='block_1_1' title="bbox 425 302 783 366">
    <p class='ocr_par' dir='ltr' id='par_1_1' title="bbox 425 302 783 366">
     <span class='ocr_line' id='line_1_1' title="bbox 425 302 783 366; baseline -0.006 -1"><span class='ocrx_word' id='word_1_1' title='bbox 425 303 483 366; x_wconf 72' lang='lat' dir='ltr'><strong>DE</strong></span> <span class='ocrx_word' id='word_1_2' title='bbox 499 302 783 366; x_wconf 77' lang='lat' dir='ltr'><strong>monmuumus</strong></span> 
     </span>
    </p>
   </div>
   <div class='ocr_carea' id='block_1_2' title="bbox 264 475 943 674">
    <p class='ocr_par' dir='ltr' id='par_1_2' title="bbox 264 475 943 674">
     <span class='ocr_line' id='line_1_2' title="bbox 447 475 764 538; baseline -0.006 -1"><span class='ocrx_word' id='word_1_3' title='bbox 447 475 680 538; x_wconf 80' lang='lat' dir='ltr'><strong>CAPITULUM</strong></span> <span class='ocrx_word' id='word_1_4' title='bbox 700 475 764 538; x_wconf 87' lang='lat' dir='ltr'><strong>LV.</strong></span> 
     </span>
     <span class='ocr_line' id='line_1_3' title="bbox 264 597 943 674; baseline -0.001 -16"><span class='ocrx_word' id='word_1_5' title='bbox 264 597 312 658; x_wconf 85' lang='lat' dir='ltr'><strong>Dc</strong></span> <span class='ocrx_word' id='word_1_6' title='bbox 332 597 500 660; x_wconf 78' lang='lat' dir='ltr'><strong>latronibus</strong></span> <span class='ocrx_word' id='word_1_7' title='bbox 523 597 663 660; x_wconf 67' lang='lat' dir='ltr'><strong>donuae</strong></span> <span class='ocrx_word' id='word_1_8' title='bbox 686 602 724 658; x_wconf 65' lang='lat' dir='ltr'><strong>in,</strong></span> <span class='ocrx_word' id='word_1_9' title='bbox 739 599 814 658; x_wconf 76' lang='lat' dir='ltr'><strong>rotb</strong></span> <span class='ocrx_word' id='word_1_10' title='bbox 828 600 943 674; x_wconf 81' lang='lat' dir='ltr'><strong>positis.</strong></span> 
     </span>
    </p>
   </div>
   <div class='ocr_carea' id='block_1_3' title="bbox 32 716 1127 1852">
    <p class='ocr_par' dir='ltr' id='par_1_3' title="bbox 32 716 1127 1852">
     <span class='ocr_line' id='line_1_4' title="bbox 153 716 1123 796; baseline -0.005 -16"><span class='ocrx_word' id='word_1_11' title='bbox 153 717 228 780; x_wconf 78' lang='lat' dir='ltr'><strong>Cum</strong></span> <span class='ocrx_word' id='word_1_12' title='bbox 247 724 376 796; x_wconf 86' lang='lat' dir='ltr'><strong>tempore</strong></span> <span class='ocrx_word' id='word_1_13' title='bbox 398 718 524 796; x_wconf 75' lang='lat' dir='ltr'><strong>quodam</strong></span> <span class='ocrx_word' id='word_1_14' title='bbox 546 725 604 780; x_wconf 90' lang='lat' dir='ltr'><strong>tres</strong></span> <span class='ocrx_word' id='word_1_15' title='bbox 623 718 748 790; x_wconf 76' lang='lat' dir='ltr'><strong>lenones</strong></span> <span class='ocrx_word' id='word_1_16' title='bbox 769 721 849 780; x_wconf 81' lang='lat' dir='ltr'><strong>iuxta</strong></span> <span class='ocrx_word' id='word_1_17' title='bbox 871 717 1019 780; x_wconf 75' lang='lat' dir='ltr'><strong>Coloniam</strong></span> <span class='ocrx_word' id='word_1_18' title='bbox 1037 716 1123 776; x_wconf 87' lang='lat' dir='ltr'><strong>rotali</strong></span> 
     </span>
     <span class='ocr_line' id='line_1_5' title="bbox 91 803 1124 888; baseline -0.002 -20"><span class='ocrx_word' id='word_1_19' title='bbox 91 823 182 888; x_wconf 85' lang='lat' dir='ltr'><strong>poena</strong></span> <span class='ocrx_word' id='word_1_20' title='bbox 201 805 278 881; x_wconf 83' lang='lat' dir='ltr'>plexi</span> <span class='ocrx_word' id='word_1_21' title='bbox 298 805 431 882; x_wconf 83' lang='lat' dir='ltr'><strong>luissent,</strong></span> <span class='ocrx_word' id='word_1_22' title='bbox 457 823 511 884; x_wconf 80' lang='lat' dir='ltr'><strong>ego</strong></span> <span class='ocrx_word' id='word_1_23' title='bbox 536 806 629 866; x_wconf 88' lang='lat' dir='ltr'><strong>altera</strong></span> <span class='ocrx_word' id='word_1_24' title='bbox 648 807 694 866; x_wconf 93' lang='lat' dir='ltr'><strong>die</strong></span> <span class='ocrx_word' id='word_1_25' title='bbox 723 823 789 866; x_wconf 91' lang='lat' dir='ltr'><strong>cum</strong></span> <span class='ocrx_word' id='word_1_26' title='bbox 816 807 917 868; x_wconf 90' lang='lat' dir='ltr'><strong>ceteris</strong></span> <span class='ocrx_word' id='word_1_27' title='bbox 945 803 1124 866; x_wconf 77' lang='lat' dir='ltr'><strong>scholaribus</strong></span> 
     </span>
     <span class='ocr_line' id='line_1_6' title="bbox 32 891 1123 970; baseline -0.002 -16"><span class='ocrx_word' id='word_1_28' title='bbox 32 919 34 923; x_wconf 60' lang='grc'>’</span> <span class='ocrx_word' id='word_1_29' title='bbox 91 909 253 970; x_wconf 86' lang='lat' dir='ltr'><strong>accurrens,</strong></span> <span class='ocrx_word' id='word_1_30' title='bbox 282 910 358 969; x_wconf 88' lang='lat' dir='ltr'><strong>quae</strong></span> <span class='ocrx_word' id='word_1_31' title='bbox 380 893 418 968; x_wconf 92' lang='lat' dir='ltr'><strong>ab</strong></span> <span class='ocrx_word' id='word_1_32' title='bbox 440 891 655 968; x_wconf 59' lang='lat' dir='ltr'><strong>anatiliorum,</strong></span> <span class='ocrx_word' id='word_1_33' title='bbox 685 895 736 969; x_wconf 92' lang='lat' dir='ltr'><strong>qui</strong></span> <span class='ocrx_word' id='word_1_34' title='bbox 762 892 861 952; x_wconf 87' lang='lat' dir='ltr'><strong>adhuc</strong></span> <span class='ocrx_word' id='word_1_35' title='bbox 881 893 1014 966; x_wconf 79' lang='lat' dir='ltr'><strong>vivebat,</strong></span> <span class='ocrx_word' id='word_1_36' title='bbox 1044 891 1123 952; x_wconf 84' lang='lat' dir='ltr'><strong>dice·</strong></span> 
     </span>
     <span class='ocr_line' id='line_1_7' title="bbox 90 979 1123 1057; baseline -0.002 -17"><span class='ocrx_word' id='word_1_37' title='bbox 90 981 193 1040; x_wconf 89' lang='lat' dir='ltr'><strong>bantur</strong></span> <span class='ocrx_word' id='word_1_38' title='bbox 213 979 318 1040; x_wconf 83' lang='lat' dir='ltr'><strong>audivi.</strong></span> <span class='ocrx_word' id='word_1_39' title='bbox 360 981 526 1057; x_wconf 87' lang='lat' dir='ltr'><strong>Requisitus</strong></span> <span class='ocrx_word' id='word_1_40' title='bbox 538 980 679 1056; x_wconf 86' lang='lat' dir='ltr'><strong>quabora</strong></span> <span class='ocrx_word' id='word_1_41' title='bbox 696 982 801 1042; x_wconf 91' lang='lat' dir='ltr'><strong>mortui</strong></span> <span class='ocrx_word' id='word_1_42' title='bbox 820 979 940 1040; x_wconf 81' lang='lat' dir='ltr'><strong>tuissent</strong></span> <span class='ocrx_word' id='word_1_43' title='bbox 961 980 1031 1040; x_wconf 89' lang='lat' dir='ltr'><strong>socii</strong></span> <span class='ocrx_word' id='word_1_44' title='bbox 1051 980 1123 1053; x_wconf 89' lang='lat' dir='ltr'><strong>eius,</strong></span> 
     </span>
     <span class='ocr_line' id='line_1_8' title="bbox 89 1065 1124 1143; baseline 0 -17"><span class='ocrx_word' id='word_1_45' title='bbox 89 1066 246 1143; x_wconf 83' lang='lat' dir='ltr'>respondit:</span> <span class='ocrx_word' id='word_1_46' title='bbox 268 1065 334 1128; x_wconf 86' lang='lat' dir='ltr'><strong>Hae</strong></span> <span class='ocrx_word' id='word_1_47' title='bbox 355 1073 440 1128; x_wconf 90' lang='lat' dir='ltr'><strong>nocte</strong></span> <span class='ocrx_word' id='word_1_48' title='bbox 462 1067 578 1142; x_wconf 91' lang='lat' dir='ltr'><strong>quando</strong></span> <span class='ocrx_word' id='word_1_49' title='bbox 600 1073 730 1128; x_wconf 90' lang='lat' dir='ltr'><strong>mortuus</strong></span> <span class='ocrx_word' id='word_1_50' title='bbox 751 1073 796 1126; x_wconf 90' lang='lat' dir='ltr'><strong>est</strong></span> <span class='ocrx_word' id='word_1_51' title='bbox 816 1068 870 1126; x_wconf 88' lang='lat' dir='ltr'><strong>iste</strong></span> <span class='ocrx_word' id='word_1_52' title='bbox 894 1068 943 1142; x_wconf 80' lang='lat' dir='ltr'><strong>qud</strong></span> <span class='ocrx_word' id='word_1_53' title='bbox 969 1067 1049 1126; x_wconf 83' lang='lat' dir='ltr'><strong>iuxta</strong></span> <span class='ocrx_word' id='word_1_54' title='bbox 1076 1081 1124 1126; x_wconf 90' lang='lat' dir='ltr'><strong>me</strong></span> 
     </span>
     <span class='ocr_line' id='line_1_9' title="bbox 90 1151 1124 1236; baseline -0.002 -22"><span class='ocrx_word' id='word_1_55' title='bbox 90 1153 178 1229; x_wconf 80' lang='lat' dir='ltr'><strong>sedet,</strong></span> <span class='ocrx_word' id='word_1_56' title='bbox 198 1159 276 1214; x_wconf 90' lang='lat' dir='ltr'><strong>totus</strong></span> <span class='ocrx_word' id='word_1_57' title='bbox 298 1170 417 1230; x_wconf 90' lang='lat' dir='ltr'><strong>campus</strong></span> <span class='ocrx_word' id='word_1_58' title='bbox 440 1156 534 1214; x_wconf 90' lang='lat' dir='ltr'><strong>eorvis</strong></span> <span class='ocrx_word' id='word_1_59' title='bbox 557 1153 650 1214; x_wconf 81' lang='lat' dir='ltr'><strong>fuerat</strong></span> <span class='ocrx_word' id='word_1_60' title='bbox 675 1153 821 1236; x_wconf 76' lang='lat' dir='ltr'><strong>repletus,</strong></span> <span class='ocrx_word' id='word_1_61' title='bbox 860 1151 942 1229; x_wconf 83' lang='lat' dir='ltr'><strong>Quos</strong></span> <span class='ocrx_word' id='word_1_62' title='bbox 970 1151 1124 1212; x_wconf 88' lang='lat' dir='ltr'><strong>daemones</strong></span> 
     </span>
     <span class='ocr_line' id='line_1_10' title="bbox 89 1240 1124 1318; baseline 0 -18"><span class='ocrx_word' id='word_1_63' title='bbox 89 1240 278 1302; x_wconf 78' lang='lat' dir='ltr'><strong>intelleximus</strong></span> <span class='ocrx_word' id='word_1_64' title='bbox 298 1243 328 1298; x_wconf 92' lang='lat' dir='ltr'><strong>in</strong></span> <span class='ocrx_word' id='word_1_65' title='bbox 350 1243 445 1318; x_wconf 89' lang='lat' dir='ltr'><strong>specie</strong></span> <span class='ocrx_word' id='word_1_66' title='bbox 468 1258 620 1300; x_wconf 90' lang='lat' dir='ltr'><strong>corvorum</strong></span> <span class='ocrx_word' id='word_1_67' title='bbox 641 1243 766 1300; x_wconf 79' lang='lat' dir='ltr'><strong>ammam</strong></span> <span class='ocrx_word' id='word_1_68' title='bbox 788 1257 932 1317; x_wconf 76' lang='lat' dir='ltr'>egressam</span> <span class='ocrx_word' id='word_1_69' title='bbox 953 1245 1124 1314; x_wconf 85' lang='lat' dir='ltr'><strong>exspectan-</strong></span> 
     </span>
     <span class='ocr_line' id='line_1_11' title="bbox 89 1324 1124 1408; baseline -0.006 -20"><span class='ocrx_word' id='word_1_70' title='bbox 89 1335 133 1388; x_wconf 90' lang='lat' dir='ltr'><strong>tes</strong></span> <span class='ocrx_word' id='word_1_71' title='bbox 145 1324 170 1408; x_wconf 86' lang='lat'><strong>¹).</strong></span> <span class='ocrx_word' id='word_1_72' title='bbox 212 1327 252 1388; x_wconf 85' lang='lat' dir='ltr'><strong>Et</strong></span> <span class='ocrx_word' id='word_1_73' title='bbox 273 1341 348 1389; x_wconf 91' lang='lat' dir='ltr'><strong>cum</strong></span> <span class='ocrx_word' id='word_1_74' title='bbox 360 1327 433 1388; x_wconf 88' lang='lat' dir='ltr'><strong>haee</strong></span> <span class='ocrx_word' id='word_1_75' title='bbox 455 1330 540 1402; x_wconf 89' lang='lat' dir='ltr'><strong>miser</strong></span> <span class='ocrx_word' id='word_1_76' title='bbox 559 1327 607 1387; x_wconf 93' lang='lat' dir='ltr'><strong>ille</strong></span> <span class='ocrx_word' id='word_1_77' title='bbox 628 1327 763 1402; x_wconf 88' lang='lat' dir='ltr'><strong>vidisset,</strong></span> <span class='ocrx_word' id='word_1_78' title='bbox 786 1344 841 1388; x_wconf 90' lang='lat' dir='ltr'><strong>nee</strong></span> <span class='ocrx_word' id='word_1_79' title='bbox 861 1344 921 1386; x_wconf 85' lang='lat' dir='ltr'><strong>una</strong></span> <span class='ocrx_word' id='word_1_80' title='bbox 942 1325 1060 1402; x_wconf 86' lang='lat' dir='ltr'><strong>quidem</strong></span> <span class='ocrx_word' id='word_1_81' title='bbox 1078 1326 1124 1384; x_wconf 81' lang='lat' dir='ltr'><strong>ri·</strong></span> 
     </span>
     <span class='ocr_line' id='line_1_12' title="bbox 90 1411 1125 1495; baseline -0.004 -19"><span class='ocrx_word' id='word_1_82' title='bbox 90 1431 123 1476; x_wconf 88' lang='lat' dir='ltr'><strong>oe</strong></span> <span class='ocrx_word' id='word_1_83' title='bbox 131 1411 152 1495; x_wconf 85' lang='lat'><strong>²)</strong></span> <span class='ocrx_word' id='word_1_84' title='bbox 173 1415 257 1474; x_wconf 90' lang='lat' dir='ltr'><strong>nobis</strong></span> <span class='ocrx_word' id='word_1_85' title='bbox 279 1414 461 1476; x_wconf 80' lang='lat' dir='ltr'><strong>audientibus</strong></span> <span class='ocrx_word' id='word_1_86' title='bbox 475 1413 572 1474; x_wconf 89' lang='lat' dir='ltr'><strong>Deum</strong></span> <span class='ocrx_word' id='word_1_87' title='bbox 587 1416 741 1489; x_wconf 79' lang='lat' dir='ltr'><strong>invocavit,</strong></span> <span class='ocrx_word' id='word_1_88' title='bbox 753 1413 966 1480; x_wconf 67' lang='lat' dir='ltr'><strong>,nihil‘habens</strong></span> <span class='ocrx_word' id='word_1_89' title='bbox 978 1413 1125 1474; x_wconf 87' lang='lat' dir='ltr'><strong>contritio·</strong></span> 
     </span>
     <span class='ocr_line' id='line_1_13' title="bbox 89 1500 1125 1578; baseline 0 -18"><span class='ocrx_word' id='word_1_90' title='bbox 89 1503 141 1560; x_wconf 91' lang='lat' dir='ltr'><strong>nis.</strong></span> <span class='ocrx_word' id='word_1_91' title='bbox 183 1500 308 1576; x_wconf 83' lang='lat' dir='ltr'><strong>Exque</strong></span> <span class='ocrx_word' id='word_1_92' title='bbox 330 1501 472 1578; x_wconf 75' lang='lat' dir='ltr'><strong>colligitur</strong></span> <span class='ocrx_word' id='word_1_93' title='bbox 495 1500 694 1577; x_wconf 89' lang='lat' dir='ltr'><strong>quodbiqui</strong></span> <span class='ocrx_word' id='word_1_94' title='bbox 716 1501 790 1562; x_wconf 90' lang='lat' dir='ltr'><strong>male</strong></span> <span class='ocrx_word' id='word_1_95' title='bbox 812 1503 928 1574; x_wconf 82' lang='lat' dir='ltr'><strong>vivuat,</strong></span> <span class='ocrx_word' id='word_1_96' title='bbox 959 1501 1125 1574; x_wconf 71' lang='lat' dir='ltr'><strong>saepissmis</strong></span> 
     </span>
     <span class='ocr_line' id='line_1_14' title="bbox 89 1587 1125 1664; baseline -0.004 -16"><span class='ocrx_word' id='word_1_97' title='bbox 89 1587 163 1648; x_wconf 83' lang='lat' dir='ltr'><strong>male</strong></span> <span class='ocrx_word' id='word_1_98' title='bbox 185 1587 301 1663; x_wconf 86' lang='lat' dir='ltr'><strong>finirmt,</strong></span> <span class='ocrx_word' id='word_1_99' title='bbox 329 1587 437 1664; x_wconf 81' lang='lat' dir='ltr'><strong>indigni</strong></span> <span class='ocrx_word' id='word_1_100' title='bbox 458 1587 663 1663; x_wconf 77' lang='lat' dir='ltr'><strong>misericordia,</strong></span> <span class='ocrx_word' id='word_1_101' title='bbox 691 1594 752 1648; x_wconf 86' lang='lat' dir='ltr'><strong>tam</strong></span> <span class='ocrx_word' id='word_1_102' title='bbox 772 1589 965 1662; x_wconf 88' lang='lat' dir='ltr'><strong>inpraesenti</strong></span> <span class='ocrx_word' id='word_1_103' title='bbox 987 1603 1074 1661; x_wconf 81' lang='lat' dir='ltr'><strong>quam</strong></span> <span class='ocrx_word' id='word_1_104' title='bbox 1097 1587 1125 1644; x_wconf 86' lang='lat' dir='ltr'><strong>in</strong></span> 
     </span>
     <span class='ocr_line' id='line_1_15' title="bbox 88 1671 1127 1751; baseline -0.003 -17"><span class='ocrx_word' id='word_1_105' title='bbox 88 1674 194 1735; x_wconf 80' lang='lat' dir='ltr'><strong>tuturo.</strong></span> <span class='ocrx_word' id='word_1_106' title='bbox 237 1672 332 1750; x_wconf 81' lang='lat' dir='ltr'><strong>Quam</strong></span> <span class='ocrx_word' id='word_1_107' title='bbox 354 1671 470 1734; x_wconf 85' lang='lat' dir='ltr'><strong>crudele¹</strong></span> <span class='ocrx_word' id='word_1_108' title='bbox 496 1681 648 1750; x_wconf 87' lang='lat' dir='ltr'><strong>peccatum</strong></span> <span class='ocrx_word' id='word_1_109' title='bbox 676 1677 714 1733; x_wconf 92' lang='lat' dir='ltr'><strong>sit</strong></span> <span class='ocrx_word' id='word_1_110' title='bbox 741 1678 921 1751; x_wconf 37' lang='lat' dir='ltr'><strong>sanguinem*</strong></span> <span class='ocrx_word' id='word_1_111' title='bbox 935 1672 1071 1748; x_wconf 79' lang='lat' dir='ltr'><strong>indua,</strong></span> <span class='ocrx_word' id='word_1_112' title='bbox 1097 1678 1127 1734; x_wconf 91' lang='lat' dir='ltr'><strong>et</strong></span> 
     </span>
     <span class='ocr_line' id='line_1_16' title="bbox 90 1759 822 1852; baseline -0.005 -30"><span class='ocrx_word' id='word_1_113' title='bbox 90 1761 282 1852; x_wconf 75' lang='lat' dir='ltr'><strong>dissensiones</strong></span> <span class='ocrx_word' id='word_1_114' title='bbox 301 1759 407 1838; x_wconf 72' lang='lat' dir='ltr'><strong>lovere</strong></span> <span class='ocrx_word' id='word_1_115' title='bbox 428 1778 566 1838; x_wconf 79' lang='lat' dir='ltr'><strong>praesens</strong></span> <span class='ocrx_word' id='word_1_116' title='bbox 586 1767 630 1824; x_wconf 81' lang='lat' dir='ltr'><strong>cst</strong></span> <span class='ocrx_word' id='word_1_117' title='bbox 644 1761 822 1838; x_wconf 53' lang='lat' dir='ltr'><strong>exemplum..</strong></span> 
     </span>
    </p>
   </div>
   <div class='ocr_carea' id='block_1_4' title="bbox 126 1948 1090 2150">
    <p class='ocr_par' dir='ltr' id='par_1_4' title="bbox 126 1948 1090 2150">
     <span class='ocr_line' id='line_1_17' title="bbox 440 1948 775 2012; baseline -0.006 -2"><span class='ocrx_word' id='word_1_118' title='bbox 440 1948 675 2012; x_wconf 74' lang='lat' dir='ltr'><strong>onPITULUM</strong></span> <span class='ocrx_word' id='word_1_119' title='bbox 694 1950 775 2010; x_wconf 86' lang='lat' dir='ltr'><strong>LVI.</strong></span> 
     </span>
     <span class='ocr_line' id='line_1_18' title="bbox 126 2070 1090 2150; baseline -0.003 -19"><span class='ocrx_word' id='word_1_120' title='bbox 126 2074 175 2131; x_wconf 88' lang='lat' dir='ltr'><strong>De</strong></span> <span class='ocrx_word' id='word_1_121' title='bbox 195 2073 312 2136; x_wconf 67' lang='lat' dir='ltr'><strong>abacis</strong></span> <span class='ocrx_word' id='word_1_122' title='bbox 334 2075 386 2148; x_wconf 81' lang='lat' dir='ltr'><strong>ont</strong></span> <span class='ocrx_word' id='word_1_123' title='bbox 405 2079 473 2148; x_wconf 89' lang='lat' dir='ltr'><strong>post</strong></span> <span class='ocrx_word' id='word_1_124' title='bbox 494 2078 619 2130; x_wconf 82' lang='lat' dir='ltr'><strong>mortem</strong></span> <span class='ocrx_word' id='word_1_125' title='bbox 640 2074 673 2130; x_wconf 79' lang='lat' dir='ltr'><strong>in</strong></span> <span class='ocrx_word' id='word_1_126' title='bbox 694 2072 847 2150; x_wconf 77' lang='lat' dir='ltr'><strong>sepulchro</strong></span> <span class='ocrx_word' id='word_1_127' title='bbox 869 2070 1090 2130; x_wconf 77' lang='lat' dir='ltr'><strong>contendebant.</strong></span> 
     </span>
    </p>
   </div>
   <div class='ocr_carea' id='block_1_5' title="bbox 88 2187 1145 3831">
    <p class='ocr_par' dir='ltr' id='par_1_5' title="bbox 88 2187 1145 3831">
     <span class='ocr_line' id='line_1_19' title="bbox 155 2187 1128 2270; baseline -0.003 -17"><span class='ocrx_word' id='word_1_128' title='bbox 155 2190 188 2253; x_wconf 91' lang='lat' dir='ltr'><strong>ln</strong></span> <span class='ocrx_word' id='word_1_129' title='bbox 217 2187 394 2268; x_wconf 86' lang='lat' dir='ltr'><strong>Episcopatu</strong></span> <span class='ocrx_word' id='word_1_130' title='bbox 424 2191 587 2253; x_wconf 81' lang='lat' dir='ltr'><strong>Coloniensi</strong></span> <span class='ocrx_word' id='word_1_131' title='bbox 616 2191 690 2252; x_wconf 89' lang='lat' dir='ltr'><strong>duae</strong></span> <span class='ocrx_word' id='word_1_132' title='bbox 725 2194 924 2270; x_wconf 84' lang='lat' dir='ltr'><strong>generationes</strong></span> <span class='ocrx_word' id='word_1_133' title='bbox 959 2194 1128 2252; x_wconf 89' lang='lat' dir='ltr'><strong>rusticorum</strong></span> 
     </span>
     <span class='ocr_line' id='line_1_20' title="bbox 89 2279 1129 2356; baseline -0.001 -18"><span class='ocrx_word' id='word_1_134' title='bbox 89 2279 252 2338; x_wconf 87' lang='lat' dir='ltr'><strong>inimicitias</strong></span> <span class='ocrx_word' id='word_1_135' title='bbox 273 2280 409 2339; x_wconf 85' lang='lat' dir='ltr'><strong>mortales</strong></span> <span class='ocrx_word' id='word_1_136' title='bbox 427 2280 607 2339; x_wconf 85' lang='lat' dir='ltr'><strong>exercebant.</strong></span> <span class='ocrx_word' id='word_1_137' title='bbox 649 2279 807 2340; x_wconf 80' lang='lat' dir='ltr'><strong>Habebunt</strong></span> <span class='ocrx_word' id='word_1_138' title='bbox 828 2286 925 2340; x_wconf 90' lang='lat' dir='ltr'><strong>autem</strong></span> <span class='ocrx_word' id='word_1_139' title='bbox 947 2279 1004 2339; x_wconf 91' lang='lat' dir='ltr'><strong>duo</strong></span> <span class='ocrx_word' id='word_1_140' title='bbox 1027 2280 1129 2356; x_wconf 89' lang='lat' dir='ltr'><strong>capita,</strong></span> 
     </span>
     <span class='ocr_line' id='line_1_21' title="bbox 90 2364 1130 2444; baseline -0.005 -14"><span class='ocrx_word' id='word_1_141' title='bbox 90 2366 165 2430; x_wconf 88' lang='lat' dir='ltr'><strong>duos</strong></span> <span class='ocrx_word' id='word_1_142' title='bbox 187 2364 320 2427; x_wconf 88' lang='lat' dir='ltr'><strong>videlieet</strong></span> <span class='ocrx_word' id='word_1_143' title='bbox 339 2370 462 2426; x_wconf 89' lang='lat' dir='ltr'><strong>rusticos</strong></span> <span class='ocrx_word' id='word_1_144' title='bbox 483 2368 680 2443; x_wconf 84' lang='lat' dir='ltr'><strong>magnanimes</strong></span> <span class='ocrx_word' id='word_1_145' title='bbox 701 2383 736 2427; x_wconf 91' lang='lat' dir='ltr'><strong>ac</strong></span> <span class='ocrx_word' id='word_1_146' title='bbox 758 2367 913 2444; x_wconf 91' lang='lat' dir='ltr'><strong>superbos,</strong></span> <span class='ocrx_word' id='word_1_147' title='bbox 941 2369 992 2442; x_wconf 85' lang='lat' dir='ltr'><strong>qut</strong></span> <span class='ocrx_word' id='word_1_148' title='bbox 1005 2377 1130 2441; x_wconf 72' lang='lat' dir='ltr'><strong>[semper</strong></span> 
     </span>
     <span class='ocr_line' id='line_1_22' title="bbox 89 2451 1130 2542; baseline -0.002 -26"><span class='ocrx_word' id='word_1_149' title='bbox 89 2470 169 2516; x_wconf 86' lang='lat' dir='ltr'><strong>nova</strong></span> <span class='ocrx_word' id='word_1_150' title='bbox 191 2451 273 2516; x_wconf 84' lang='lat' dir='ltr'><strong>beda.</strong></span> <span class='ocrx_word' id='word_1_151' title='bbox 290 2456 476 2529; x_wconf 77' lang='lat' dir='ltr'><strong>suscitabant,</strong></span> <span class='ocrx_word' id='word_1_152' title='bbox 497 2456 635 2542; x_wconf 74' lang='lat' dir='ltr'><strong>suscitata</strong></span> <span class='ocrx_word' id='word_1_153' title='bbox 649 2454 797 2530; x_wconf 81' lang='lat' dir='ltr'><strong>fovebant,</strong></span> <span class='ocrx_word' id='word_1_154' title='bbox 815 2454 927 2514; x_wconf 88' lang='lat' dir='ltr'><strong>nullam</strong></span> <span class='ocrx_word' id='word_1_155' title='bbox 945 2453 1008 2514; x_wconf 85' lang='lat' dir='ltr'><strong>fieri</strong></span> <span class='ocrx_word' id='word_1_156' title='bbox 1027 2469 1130 2530; x_wconf 86' lang='lat' dir='ltr'><strong>pacem</strong></span> 
     </span>
     <span class='ocr_line' id='line_1_23' title="bbox 88 2541 1128 2618; baseline -0.001 -18"><span class='ocrx_word' id='word_1_157' title='bbox 88 2541 295 2617; x_wconf 87' lang='lat' dir='ltr'><strong>permittentes.</strong></span> <span class='ocrx_word' id='word_1_158' title='bbox 338 2541 443 2602; x_wconf 86' lang='lat' dir='ltr'><strong>Divino</strong></span> <span class='ocrx_word' id='word_1_159' title='bbox 466 2543 551 2618; x_wconf 84' lang='lat' dir='ltr'><strong>igitur</strong></span> <span class='ocrx_word' id='word_1_160' title='bbox 572 2543 644 2600; x_wconf 88' lang='lat' dir='ltr'><strong>nutu</strong></span> <span class='ocrx_word' id='word_1_161' title='bbox 672 2541 780 2602; x_wconf 86' lang='lat' dir='ltr'><strong>factum</strong></span> <span class='ocrx_word' id='word_1_162' title='bbox 809 2547 867 2616; x_wconf 90' lang='lat' dir='ltr'><strong>est,</strong></span> <span class='ocrx_word' id='word_1_163' title='bbox 894 2547 927 2600; x_wconf 90' lang='lat' dir='ltr'><strong>ut</strong></span> <span class='ocrx_word' id='word_1_164' title='bbox 954 2541 1041 2600; x_wconf 80' lang='lat' dir='ltr'><strong>ambo</strong></span> <span class='ocrx_word' id='word_1_165' title='bbox 1070 2557 1128 2600; x_wconf 89' lang='lat' dir='ltr'><strong>uno</strong></span> 
     </span>
     <span class='ocr_line' id='line_1_24' title="bbox 90 2627 1129 2706; baseline 0 -18"><span class='ocrx_word' id='word_1_166' title='bbox 90 2628 145 2688; x_wconf 85' lang='lat' dir='ltr'><strong>die.</strong></span> <span class='ocrx_word' id='word_1_167' title='bbox 160 2634 346 2688; x_wconf 86' lang='lat' dir='ltr'><strong>morerentur.</strong></span> <span class='ocrx_word' id='word_1_168' title='bbox 388 2629 427 2688; x_wconf 89' lang='lat' dir='ltr'><strong>Et</strong></span> <span class='ocrx_word' id='word_1_169' title='bbox 448 2631 517 2706; x_wconf 89' lang='lat' dir='ltr'><strong>quia</strong></span> <span class='ocrx_word' id='word_1_170' title='bbox 538 2627 574 2688; x_wconf 92' lang='lat' dir='ltr'><strong>de</strong></span> <span class='ocrx_word' id='word_1_171' title='bbox 596 2645 653 2688; x_wconf 88' lang='lat' dir='ltr'><strong>una</strong></span> <span class='ocrx_word' id='word_1_172' title='bbox 675 2634 757 2688; x_wconf 90' lang='lat' dir='ltr'><strong>erant</strong></span> <span class='ocrx_word' id='word_1_173' title='bbox 775 2628 913 2705; x_wconf 90' lang='lat' dir='ltr'><strong>parochia</strong></span> <span class='ocrx_word' id='word_1_174' title='bbox 926 2631 1044 2688; x_wconf 84' lang='lat' dir='ltr'><strong>nomine</strong></span> <span class='ocrx_word' id='word_1_175' title='bbox 1065 2627 1129 2688; x_wconf 71' lang='lat' dir='ltr'><strong>Nub</strong></span> 
     </span>
     <span class='ocr_line' id='line_1_25' title="bbox 89 2712 1145 2792; baseline 0 -16"><span class='ocrx_word' id='word_1_176' title='bbox 89 2715 244 2790; x_wconf 85' lang='lat' dir='ltr'><strong>enkirgen,</strong></span> <span class='ocrx_word' id='word_1_177' title='bbox 260 2716 330 2790; x_wconf 90' lang='lat' dir='ltr'><strong>quia</strong></span> <span class='ocrx_word' id='word_1_178' title='bbox 348 2717 390 2776; x_wconf 89' lang='lat' dir='ltr'><strong>sic</strong></span> <span class='ocrx_word' id='word_1_179' title='bbox 412 2716 537 2774; x_wconf 92' lang='lat' dir='ltr'><strong>Domino</strong></span> <span class='ocrx_word' id='word_1_180' title='bbox 559 2714 681 2791; x_wconf 88' lang='lat' dir='ltr'><strong>placuit,</strong></span> <span class='ocrx_word' id='word_1_181' title='bbox 709 2717 758 2791; x_wconf 90' lang='lat' dir='ltr'><strong>qni</strong></span> <span class='ocrx_word' id='word_1_182' title='bbox 773 2733 830 2792; x_wconf 89' lang='lat' dir='ltr'><strong>par</strong></span> <span class='ocrx_word' id='word_1_183' title='bbox 857 2715 920 2776; x_wconf 92' lang='lat' dir='ltr'><strong>illos</strong></span> <span class='ocrx_word' id='word_1_184' title='bbox 950 2712 1145 2776; x_wconf 77' lang='lat' dir='ltr'><strong>dissensionis</strong></span> 
     </span>
     <span class='ocr_line' id='line_1_26' title="bbox 89 2793 1131 2878; baseline -0.003 -16"><span class='ocrx_word' id='word_1_185' title='bbox 89 2800 202 2862; x_wconf 88' lang='lat' dir='ltr'><strong>malum</strong></span> <span class='ocrx_word' id='word_1_186' title='bbox 223 2800 374 2862; x_wconf 88' lang='lat' dir='ltr'><strong>ostendere</strong></span> <span class='ocrx_word' id='word_1_187' title='bbox 403 2802 508 2876; x_wconf 89' lang='lat' dir='ltr'><strong>voluit,</strong></span> <span class='ocrx_word' id='word_1_188' title='bbox 537 2804 577 2864; x_wconf 83' lang='lat' dir='ltr'><strong>in.</strong></span> <span class='ocrx_word' id='word_1_189' title='bbox 594 2793 653 2862; x_wconf 83' lang='lat' dir='ltr'><strong>una</strong></span> <span class='ocrx_word' id='word_1_190' title='bbox 679 2802 758 2863; x_wconf 80' lang='lat' dir='ltr'><strong>fossa</strong></span> <span class='ocrx_word' id='word_1_191' title='bbox 787 2819 909 2878; x_wconf 86' lang='lat' dir='ltr'><strong>corpora</strong></span> <span class='ocrx_word' id='word_1_192' title='bbox 935 2818 1037 2862; x_wconf 88' lang='lat' dir='ltr'><strong>eorum</strong></span> <span class='ocrx_word' id='word_1_193' title='bbox 1063 2807 1131 2862; x_wconf 88' lang='lat' dir='ltr'><strong>sunt</strong></span> 
     </span>
     <span class='ocr_line' id='line_1_27' title="bbox 88 2887 1130 2964; baseline 0 -17"><span class='ocrx_word' id='word_1_194' title='bbox 88 2889 196 2964; x_wconf 91' lang='lat' dir='ltr'><strong>posita.</strong></span> <span class='ocrx_word' id='word_1_195' title='bbox 227 2887 303 2951; x_wconf 88' lang='lat' dir='ltr'><strong>Mira</strong></span> <span class='ocrx_word' id='word_1_196' title='bbox 323 2905 370 2948; x_wconf 90' lang='lat' dir='ltr'><strong>res</strong></span> <span class='ocrx_word' id='word_1_197' title='bbox 392 2895 421 2948; x_wconf 92' lang='lat' dir='ltr'><strong>et</strong></span> <span class='ocrx_word' id='word_1_198' title='bbox 440 2889 576 2949; x_wconf 87' lang='lat' dir='ltr'><strong>inaudita</strong></span> <span class='ocrx_word' id='word_1_199' title='bbox 610 2888 727 2948; x_wconf 83' lang='lat' dir='ltr'><strong>Cunctis</strong></span> <span class='ocrx_word' id='word_1_200' title='bbox 748 2892 798 2964; x_wconf 91' lang='lat' dir='ltr'><strong>qui</strong></span> <span class='ocrx_word' id='word_1_201' title='bbox 818 2889 938 2950; x_wconf 81' lang='lat' dir='ltr'><strong>aderam</strong></span> <span class='ocrx_word' id='word_1_202' title='bbox 958 2887 1130 2964; x_wconf 87' lang='lat' dir='ltr'><strong>videntibus,</strong></span> 
     </span>
     <span class='ocr_line' id='line_1_28' title="bbox 90 2974 1130 3052; baseline 0.001 -18"><span class='ocrx_word' id='word_1_203' title='bbox 90 2991 214 3050; x_wconf 87' lang='lat' dir='ltr'><strong>corpora</strong></span> <span class='ocrx_word' id='word_1_204' title='bbox 236 2974 338 3034; x_wconf 89' lang='lat' dir='ltr'><strong>eadem</strong></span> <span class='ocrx_word' id='word_1_205' title='bbox 352 2974 437 3035; x_wconf 91' lang='lat' dir='ltr'><strong>dorsa</strong></span> <span class='ocrx_word' id='word_1_206' title='bbox 454 2981 601 3034; x_wconf 86' lang='lat' dir='ltr'><strong>verterunt</strong></span> <span class='ocrx_word' id='word_1_207' title='bbox 614 2975 651 3034; x_wconf 93' lang='lat' dir='ltr'><strong>ad</strong></span> <span class='ocrx_word' id='word_1_208' title='bbox 671 2978 803 3050; x_wconf 89' lang='lat' dir='ltr'><strong>invicem,</strong></span> <span class='ocrx_word' id='word_1_209' title='bbox 825 2976 974 3052; x_wconf 87' lang='lat' dir='ltr'><strong>capitibus,</strong></span> <span class='ocrx_word' id='word_1_210' title='bbox 996 2975 1130 3048; x_wconf 88' lang='lat' dir='ltr'><strong>calcibus,</strong></span> 
     </span>
     <span class='ocr_line' id='line_1_29' title="bbox 89 3059 1130 3139; baseline 0 -21"><span class='ocrx_word' id='word_1_211' title='bbox 89 3062 220 3136; x_wconf 90' lang='lat' dir='ltr'><strong>ipsisque</strong></span> <span class='ocrx_word' id='word_1_212' title='bbox 242 3059 333 3120; x_wconf 90' lang='lat' dir='ltr'><strong>dorsis</strong></span> <span class='ocrx_word' id='word_1_213' title='bbox 354 3067 414 3121; x_wconf 88' lang='lat' dir='ltr'><strong>tam</strong></span> <span class='ocrx_word' id='word_1_214' title='bbox 443 3062 604 3138; x_wconf 90' lang='lat' dir='ltr'><strong>impetuose</strong></span> <span class='ocrx_word' id='word_1_215' title='bbox 626 3061 839 3139; x_wconf 89' lang='lat' dir='ltr'><strong>collidentibus,</strong></span> <span class='ocrx_word' id='word_1_216' title='bbox 867 3068 900 3121; x_wconf 92' lang='lat' dir='ltr'><strong>ut</strong></span> <span class='ocrx_word' id='word_1_217' title='bbox 928 3060 1056 3121; x_wconf 92' lang='lat' dir='ltr'><strong>caballos</strong></span> <span class='ocrx_word' id='word_1_218' title='bbox 1083 3064 1130 3118; x_wconf 90' lang='lat' dir='ltr'><strong>in-</strong></span> 
     </span>
     <span class='ocr_line' id='line_1_30' title="bbox 90 3146 1130 3225; baseline 0.001 -19"><span class='ocrx_word' id='word_1_219' title='bbox 90 3146 217 3206; x_wconf 90' lang='lat' dir='ltr'><strong>domitos</strong></span> <span class='ocrx_word' id='word_1_220' title='bbox 238 3153 364 3223; x_wconf 87' lang='lat' dir='ltr'><strong>putares.</strong></span> <span class='ocrx_word' id='word_1_221' title='bbox 411 3147 483 3207; x_wconf 90' lang='lat' dir='ltr'><strong>Mox</strong></span> <span class='ocrx_word' id='word_1_222' title='bbox 511 3165 600 3208; x_wconf 89' lang='lat' dir='ltr'><strong>unum</strong></span> <span class='ocrx_word' id='word_1_223' title='bbox 628 3149 825 3225; x_wconf 87' lang='lat' dir='ltr'><strong>extrahentes,</strong></span> <span class='ocrx_word' id='word_1_224' title='bbox 852 3151 989 3208; x_wconf 89' lang='lat' dir='ltr'><strong>remotius</strong></span> <span class='ocrx_word' id='word_1_225' title='bbox 1016 3149 1045 3206; x_wconf 90' lang='lat' dir='ltr'><strong>in</strong></span> <span class='ocrx_word' id='word_1_226' title='bbox 1073 3147 1130 3207; x_wconf 82' lang='lat' dir='ltr'><strong>abo</strong></span> 
     </span>
     <span class='ocr_line' id='line_1_31' title="bbox 90 3231 1130 3310; baseline 0.001 -18"><span class='ocrx_word' id='word_1_227' title='bbox 90 3233 245 3310; x_wconf 86' lang='lat' dir='ltr'><strong>sepulchro</strong></span> <span class='ocrx_word' id='word_1_228' title='bbox 267 3231 489 3294; x_wconf 83' lang='lat' dir='ltr'><strong>tumulaverunt.</strong></span> <span class='ocrx_word' id='word_1_229' title='bbox 531 3234 575 3292; x_wconf 83' lang='lat' dir='ltr'><strong>ut</strong></span> <span class='ocrx_word' id='word_1_230' title='bbox 589 3234 667 3295; x_wconf 87' lang='lat' dir='ltr'><strong>sacta</strong></span> <span class='ocrx_word' id='word_1_231' title='bbox 688 3243 732 3295; x_wconf 91' lang='lat' dir='ltr'><strong>est</strong></span> <span class='ocrx_word' id='word_1_232' title='bbox 752 3238 814 3296; x_wconf 91' lang='lat' dir='ltr'><strong>rixa</strong></span> <span class='ocrx_word' id='word_1_233' title='bbox 836 3235 990 3296; x_wconf 90' lang='lat' dir='ltr'><strong>eorundem</strong></span> <span class='ocrx_word' id='word_1_234' title='bbox 1019 3240 1130 3294; x_wconf 91' lang='lat' dir='ltr'><strong>mortu-</strong></span> 
     </span>
     <span class='ocr_line' id='line_1_32' title="bbox 90 3319 1130 3397; baseline 0 -17"><span class='ocrx_word' id='word_1_235' title='bbox 90 3337 186 3395; x_wconf 91' lang='lat' dir='ltr'><strong>orum,</strong></span> <span class='ocrx_word' id='word_1_236' title='bbox 205 3337 294 3380; x_wconf 90' lang='lat' dir='ltr'><strong>causa</strong></span> <span class='ocrx_word' id='word_1_237' title='bbox 315 3323 395 3397; x_wconf 88' lang='lat' dir='ltr'><strong>pacis</strong></span> <span class='ocrx_word' id='word_1_238' title='bbox 417 3328 446 3380; x_wconf 89' lang='lat' dir='ltr'><strong>et</strong></span> <span class='ocrx_word' id='word_1_239' title='bbox 468 3320 637 3382; x_wconf 86' lang='lat' dir='ltr'><strong>concordiae</strong></span> <span class='ocrx_word' id='word_1_240' title='bbox 659 3324 799 3383; x_wconf 84' lang='lat' dir='ltr'><strong>vivorum.</strong></span> <span class='ocrx_word' id='word_1_241' title='bbox 841 3319 1046 3382; x_wconf 84' lang='lat' dir='ltr'>NOVIOIUS:</span> <span class='ocrx_word' id='word_1_242' title='bbox 1067 3321 1130 3381; x_wconf 91' lang='lat' dir='ltr'><strong>Pu·</strong></span> 
     </span>
     <span class='ocr_line' id='line_1_33' title="bbox 89 3406 1130 3494; baseline 0 -28"><span class='ocrx_word' id='word_1_243' title='bbox 89 3415 123 3466; x_wconf 90' lang='lat' dir='ltr'><strong>to</strong></span> <span class='ocrx_word' id='word_1_244' title='bbox 146 3409 258 3466; x_wconf 89' lang='lat' dir='ltr'><strong>animas</strong></span> <span class='ocrx_word' id='word_1_245' title='bbox 280 3425 378 3468; x_wconf 86' lang='lat' dir='ltr'><strong>eorum</strong></span> <span class='ocrx_word' id='word_1_246' title='bbox 400 3425 535 3484; x_wconf 84' lang='lat' dir='ltr'><strong>magnam</strong></span> <span class='ocrx_word' id='word_1_247' title='bbox 557 3407 743 3486; x_wconf 84' lang='lat' dir='ltr'><strong>habuissein</strong></span> <span class='ocrx_word' id='word_1_248' title='bbox 765 3409 875 3494; x_wconf 79' lang='lat' dir='ltr'><strong>irrserpo</strong></span> <span class='ocrx_word' id='word_1_249' title='bbox 904 3412 1004 3469; x_wconf 90' lang='lat' dir='ltr'><strong>rixam.</strong></span> <span class='ocrx_word' id='word_1_250' title='bbox 1053 3406 1130 3467; x_wconf 91' lang='lat' dir='ltr'><strong>MO-</strong></span> 
     </span>
     <span class='ocr_line' id='line_1_34' title="bbox 89 3492 1131 3570; baseline -0.002 -16"><span class='ocrx_word' id='word_1_251' title='bbox 89 3492 270 3554; x_wconf 84' lang='lat' dir='ltr'><strong>NAOHUS:</strong></span> <span class='ocrx_word' id='word_1_252' title='bbox 292 3495 339 3554; x_wconf 89' lang='lat' dir='ltr'><strong>De</strong></span> <span class='ocrx_word' id='word_1_253' title='bbox 353 3494 409 3556; x_wconf 91' lang='lat' dir='ltr'><strong>hoc</strong></span> <span class='ocrx_word' id='word_1_254' title='bbox 431 3497 560 3570; x_wconf 88' lang='lat' dir='ltr'><strong>quaestio</strong></span> <span class='ocrx_word' id='word_1_255' title='bbox 578 3495 657 3556; x_wconf 91' lang='lat' dir='ltr'><strong>nulla</strong></span> <span class='ocrx_word' id='word_1_256' title='bbox 679 3504 730 3558; x_wconf 90' lang='lat' dir='ltr'><strong>est</strong></span> <span class='ocrx_word' id='word_1_257' title='bbox 773 3495 979 3556; x_wconf 77' lang='lat' dir='ltr'>NOVICIUS:</span> <span class='ocrx_word' id='word_1_258' title='bbox 997 3494 1029 3554; x_wconf 84' lang='lat' dir='ltr'><strong>Si</strong></span> <span class='ocrx_word' id='word_1_259' title='bbox 1050 3494 1131 3554; x_wconf 90' lang='lat' dir='ltr'><strong>Deus</strong></span> 
     </span>
     <span class='ocr_line' id='line_1_35' title="bbox 89 3579 1132 3657; baseline -0.001 -16"><span class='ocrx_word' id='word_1_260' title='bbox 89 3584 139 3642; x_wconf 70' lang='lat' dir='ltr'><strong>sic,</strong></span> <span class='ocrx_word' id='word_1_261' title='bbox 158 3579 326 3656; x_wconf 84' lang='lat' dir='ltr'><strong>discordias,</strong></span> <span class='ocrx_word' id='word_1_262' title='bbox 344 3583 428 3656; x_wconf 87' lang='lat' dir='ltr'><strong>rixas,</strong></span> <span class='ocrx_word' id='word_1_263' title='bbox 450 3587 479 3640; x_wconf 88' lang='lat' dir='ltr'><strong>ct</strong></span> <span class='ocrx_word' id='word_1_264' title='bbox 499 3585 556 3641; x_wconf 87' lang='lat' dir='ltr'><strong>iras</strong></span> <span class='ocrx_word' id='word_1_265' title='bbox 577 3584 658 3657; x_wconf 92' lang='lat' dir='ltr'><strong>punit</strong></span> <span class='ocrx_word' id='word_1_266' title='bbox 679 3586 707 3642; x_wconf 92' lang='lat' dir='ltr'><strong>in</strong></span> <span class='ocrx_word' id='word_1_267' title='bbox 729 3583 941 3657; x_wconf 88' lang='lat' dir='ltr'><strong>saecularibus,</strong></span> <span class='ocrx_word' id='word_1_268' title='bbox 961 3587 1032 3657; x_wconf 93' lang='lat' dir='ltr'><strong>puto</strong></span> <span class='ocrx_word' id='word_1_269' title='bbox 1054 3579 1132 3654; x_wconf 87' lang='lat' dir='ltr'><strong>quod</strong></span> 
     </span>
     <span class='ocr_line' id='line_1_36' title="bbox 89 3665 1131 3746; baseline -0.002 -18"><span class='ocrx_word' id='word_1_270' title='bbox 89 3665 196 3728; x_wconf 89' lang='lat' dir='ltr'><strong>eadem</strong></span> <span class='ocrx_word' id='word_1_271' title='bbox 226 3669 298 3726; x_wconf 89' lang='lat' dir='ltr'><strong>vitia</strong></span> <span class='ocrx_word' id='word_1_272' title='bbox 323 3667 477 3744; x_wconf 89' lang='lat' dir='ltr'><strong>plurimum</strong></span> <span class='ocrx_word' id='word_1_273' title='bbox 509 3669 664 3729; x_wconf 90' lang='lat' dir='ltr'><strong>abhorreat</strong></span> <span class='ocrx_word' id='word_1_274' title='bbox 696 3672 726 3728; x_wconf 91' lang='lat' dir='ltr'><strong>in</strong></span> <span class='ocrx_word' id='word_1_275' title='bbox 759 3673 889 3746; x_wconf 88' lang='lat' dir='ltr'><strong>personis</strong></span> <span class='ocrx_word' id='word_1_276' title='bbox 923 3665 1131 3730; x_wconf 82' lang='lat' dir='ltr'><strong>claustralibus.</strong></span> 
     </span>
     <span class='ocr_line' id='line_1_37' title="bbox 88 3752 902 3831; baseline 0.002 -19"><span class='ocrx_word' id='word_1_277' title='bbox 88 3752 330 3814; x_wconf 84' lang='lat' dir='ltr'><strong>MONAOHUS:</strong></span> <span class='ocrx_word' id='word_1_278' title='bbox 351 3753 418 3814; x_wconf 93' lang='lat' dir='ltr'><strong>Hoc</strong></span> <span class='ocrx_word' id='word_1_279' title='bbox 439 3771 496 3813; x_wconf 91' lang='lat' dir='ltr'><strong>uno</strong></span> <span class='ocrx_word' id='word_1_280' title='bbox 519 3756 570 3814; x_wconf 90' lang='lat' dir='ltr'><strong>tibi</strong></span> <span class='ocrx_word' id='word_1_281' title='bbox 592 3756 741 3815; x_wconf 88' lang='lat' dir='ltr'><strong>ostendam</strong></span> <span class='ocrx_word' id='word_1_282' title='bbox 763 3755 902 3831; x_wconf 90' lang='lat' dir='ltr'><strong>exemplo.</strong></span> 
     </span>
    </p>
   </div>
   <div class='ocr_carea' id='block_1_6' title="bbox 111 3869 792 3942">
    <p class='ocr_par' dir='ltr' id='par_1_6' title="bbox 111 3869 792 3942">
     <span class='ocr_line' id='line_1_38' title="bbox 111 3869 792 3942; baseline 0 -18"><span class='ocrx_word' id='word_1_283' title='bbox 111 3871 145 3940; x_wconf 88' lang='lat'><strong>1)</strong></span> <span class='ocrx_word' id='word_1_284' title='bbox 162 3869 252 3924; x_wconf 85' lang='lat' dir='ltr'>ABEP</span> <span class='ocrx_word' id='word_1_285' title='bbox 270 3872 544 3938; x_wconf 85' lang='lat' dir='ltr'><strong>exspectantium.</strong></span> <span class='ocrx_word' id='word_1_286' title='bbox 564 3901 594 3912; x_wconf 84' lang='lat'><em>-</em></span> <span class='ocrx_word' id='word_1_287' title='bbox 613 3873 646 3942; x_wconf 84' lang='lat'><strong>2]</strong></span> <span class='ocrx_word' id='word_1_288' title='bbox 666 3874 684 3926; x_wconf 88' lang='lat' dir='ltr'>B</span> <span class='ocrx_word' id='word_1_289' title='bbox 703 3889 792 3926; x_wconf 87' lang='lat' dir='ltr'><strong>voce.</strong></span> 
     </span>
    </p>
   </div>
   <div class='ocr_carea' id='block_1_7' title="bbox 0 0 1321 4310">
    <p class='ocr_par' dir='ltr' id='par_1_7' title="bbox 0 0 1321 4310">
     <span class='ocr_line' id='line_1_39' title="bbox 0 0 1321 4310; baseline 0 0"><span class='ocrx_word' id='word_1_290' title='bbox 0 0 1321 4310; x_wconf 95' lang='lat' dir='ltr'><strong> </strong></span> 
     </span>
    </p>
   </div>
   <div class='ocr_carea' id='block_1_8' title="bbox 1312 1381 1315 3432">
    <p class='ocr_par' dir='ltr' id='par_1_8' title="bbox 1312 1381 1315 3432">
     <span class='ocr_line' id='line_1_40' title="bbox 1312 1381 1315 3432; baseline 0 0"><span class='ocrx_word' id='word_1_291' title='bbox 1312 1381 1315 3432; x_wconf 95' lang='lat' dir='ltr'><strong> </strong></span> 
     </span>
    </p>
   </div>
  </div>
 </body>
</html>
