<?xml version="1.0" encoding="UTF-8"?>
<!DOCTYPE html PUBLIC "-//W3C//DTD XHTML 1.0 Transitional//EN"
    "http://www.w3.org/TR/xhtml1/DTD/xhtml1-transitional.dtd">
<html xmlns="http://www.w3.org/1999/xhtml" xml:lang="en" lang="en">
 <head>
  <title>
</title>
<meta http-equiv="Content-Type" content="text/html;charset=utf-8" />
  <meta name='ocr-system' content='tesseract 3.04.00' />
  <meta name='ocr-capabilities' content='ocr_page ocr_carea ocr_par ocr_line ocrx_word'/>
</head>
<body>
  <div class='ocr_page' id='page_1' title='image "./caesariiheister05stragoog/caesariiheister05stragoog_0759.png"; bbox 0 0 2628 4310; ppageno 0'>
   <div class='ocr_carea' id='block_1_1' title="bbox 197 229 958 294">
    <p class='ocr_par' dir='ltr' id='par_1_1' title="bbox 197 229 958 294">
     <span class='ocr_line' id='line_1_1' title="bbox 197 229 958 294; baseline 0.003 -4"><span class='ocrx_word' id='word_1_1' title='bbox 197 232 260 292; x_wconf 77' lang='lat' dir='ltr'>aet</span> <span class='ocrx_word' id='word_1_2' title='bbox 466 229 691 292; x_wconf 72' lang='lat' dir='ltr'>Disbmcuio</span> <span class='ocrx_word' id='word_1_3' title='bbox 715 231 958 294; x_wconf 78' lang='lat' dir='ltr'>DUODEOIMA</span> 
     </span>
    </p>
   </div>
   <div class='ocr_carea' id='block_1_2' title="bbox 126 351 1292 3120">
    <p class='ocr_par' dir='ltr' id='par_1_2' title="bbox 126 351 1292 3120">
     <span class='ocr_line' id='line_1_2' title="bbox 197 351 1224 431; baseline 0.003 -20"><span class='ocrx_word' id='word_1_4' title='bbox 197 351 297 412; x_wconf 89' lang='lat' dir='ltr'>diebus</span> <span class='ocrx_word' id='word_1_5' title='bbox 319 351 357 411; x_wconf 77' lang='lat' dir='ltr'>a&#39;d</span> <span class='ocrx_word' id='word_1_6' title='bbox 378 351 504 413; x_wconf 87' lang='lat' dir='ltr'>divorsas</span> <span class='ocrx_word' id='word_1_7' title='bbox 526 354 663 413; x_wconf 86' lang='lat' dir='ltr'>stationes</span> <span class='ocrx_word' id='word_1_8' title='bbox 684 360 798 414; x_wconf 89' lang='lat' dir='ltr'>secutus</span> <span class='ocrx_word' id='word_1_9' title='bbox 809 361 864 413; x_wconf 48' lang='lat' dir='ltr'>vest</span> <span class='ocrx_word' id='word_1_10' title='bbox 884 357 1060 431; x_wconf 83' lang='lat' dir='ltr'>magistrum,</span> <span class='ocrx_word' id='word_1_11' title='bbox 1083 353 1167 431; x_wconf 79' lang='lat' dir='ltr'>longo</span> <span class='ocrx_word' id='word_1_12' title='bbox 1189 354 1224 414; x_wconf 92' lang='lat' dir='ltr'>ad</span> 
     </span>
     <span class='ocr_line' id='line_1_3' title="bbox 194 437 1225 517; baseline 0.003 -19"><span class='ocrx_word' id='word_1_13' title='bbox 194 438 251 498; x_wconf 91' lang='lat' dir='ltr'>hoe</span> <span class='ocrx_word' id='word_1_14' title='bbox 273 437 387 498; x_wconf 89' lang='lat' dir='ltr'>cultello</span> <span class='ocrx_word' id='word_1_15' title='bbox 408 447 591 515; x_wconf 84' lang='lat' dir='ltr'>praeparato,</span> <span class='ocrx_word' id='word_1_16' title='bbox 620 439 795 500; x_wconf 81' lang='lat' dir='ltr'><strong>transfodere</strong></span> <span class='ocrx_word' id='word_1_17' title='bbox 814 440 895 499; x_wconf 89' lang='lat' dir='ltr'>illum</span> <span class='ocrx_word' id='word_1_18' title='bbox 915 459 1092 517; x_wconf 88' lang='lat' dir='ltr'>proponens,</span> <span class='ocrx_word' id='word_1_19' title='bbox 1113 443 1137 500; x_wconf 90' lang='lat' dir='ltr'>si</span> <span class='ocrx_word' id='word_1_20' title='bbox 1157 441 1225 501; x_wconf 86' lang='lat' dir='ltr'>torte</span> 
     </span>
     <span class='ocr_line' id='line_1_4' title="bbox 196 525 1226 588; baseline 0.004 -4"><span class='ocrx_word' id='word_1_21' title='bbox 196 528 257 584; x_wconf 91' lang='lat' dir='ltr'>sine</span> <span class='ocrx_word' id='word_1_22' title='bbox 278 527 369 586; x_wconf 87' lang='lat' dir='ltr'>turbis</span> <span class='ocrx_word' id='word_1_23' title='bbox 389 527 570 586; x_wconf 88' lang='lat' dir='ltr'>inveniretur.</span> <span class='ocrx_word' id='word_1_24' title='bbox 612 525 651 584; x_wconf 87' lang='lat' dir='ltr'>Et</span> <span class='ocrx_word' id='word_1_25' title='bbox 679 543 746 586; x_wconf 89' lang='lat' dir='ltr'>eece</span> <span class='ocrx_word' id='word_1_26' title='bbox 773 529 856 586; x_wconf 88' lang='lat' dir='ltr'>tertia</span> <span class='ocrx_word' id='word_1_27' title='bbox 885 526 930 586; x_wconf 91' lang='lat' dir='ltr'>die</span> <span class='ocrx_word' id='word_1_28' title='bbox 952 529 1049 587; x_wconf 89' lang='lat' dir='ltr'>subita</span> <span class='ocrx_word' id='word_1_29' title='bbox 1068 527 1226 588; x_wconf 86' lang='lat' dir='ltr'>infirmitate</span> 
     </span>
     <span class='ocr_line' id='line_1_5' title="bbox 195 613 1227 690; baseline 0.003 -19"><span class='ocrx_word' id='word_1_30' title='bbox 195 618 439 688; x_wconf 87' lang='lat' dir='ltr'>praeoccupatus,</span> <span class='ocrx_word' id='word_1_31' title='bbox 468 619 534 690; x_wconf 91' lang='lat' dir='ltr'>post</span> <span class='ocrx_word' id='word_1_32' title='bbox 563 629 671 688; x_wconf 90' lang='lat' dir='ltr'>pancos</span> <span class='ocrx_word' id='word_1_33' title='bbox 701 613 761 672; x_wconf 90' lang='lat' dir='ltr'>dies</span> <span class='ocrx_word' id='word_1_34' title='bbox 790 616 978 689; x_wconf 87' lang='lat' dir='ltr'>impoenitens</span> <span class='ocrx_word' id='word_1_35' title='bbox 1000 615 1151 674; x_wconf 64' lang='lat' dir='ltr'>ddunetns</span> <span class='ocrx_word' id='word_1_36' title='bbox 1172 621 1227 689; x_wconf 88' lang='lat' dir='ltr'>est,</span> 
     </span>
     <span class='ocr_line' id='line_1_6' title="bbox 198 699 1228 776; baseline 0.002 -18"><span class='ocrx_word' id='word_1_37' title='bbox 198 705 227 758; x_wconf 89' lang='lat' dir='ltr'>et</span> <span class='ocrx_word' id='word_1_38' title='bbox 246 699 285 758; x_wconf 91' lang='lat' dir='ltr'>ab</span> <span class='ocrx_word' id='word_1_39' title='bbox 307 715 341 758; x_wconf 90' lang='lat' dir='ltr'>eo</span> <span class='ocrx_word' id='word_1_40' title='bbox 364 700 410 758; x_wconf 91' lang='lat' dir='ltr'>eui</span> <span class='ocrx_word' id='word_1_41' title='bbox 431 717 462 759; x_wconf 90' lang='lat' dir='ltr'>se</span> <span class='ocrx_word' id='word_1_42' title='bbox 484 699 660 772; x_wconf 80' lang='lat' dir='ltr'>reddiderat,</span> <span class='ocrx_word' id='word_1_43' title='bbox 688 700 726 759; x_wconf 87' lang='lat' dir='ltr'>ad</span> <span class='ocrx_word' id='word_1_44' title='bbox 753 700 819 760; x_wconf 94' lang='lat' dir='ltr'>loea</span> <span class='ocrx_word' id='word_1_45' title='bbox 840 717 997 776; x_wconf 87' lang='lat' dir='ltr'>poenarum</span> <span class='ocrx_word' id='word_1_46' title='bbox 1016 701 1159 762; x_wconf 85' lang='lat' dir='ltr'>deductus</span> <span class='ocrx_word' id='word_1_47' title='bbox 1180 709 1228 761; x_wconf 86' lang='lat' dir='ltr'>est</span> 
     </span>
     <span class='ocr_line' id='line_1_7' title="bbox 196 784 1228 862; baseline 0.003 -17"><span class='ocrx_word' id='word_1_48' title='bbox 196 785 293 845; x_wconf 89' lang='lat' dir='ltr'>Primo</span> <span class='ocrx_word' id='word_1_49' title='bbox 314 784 387 860; x_wconf 92' lang='lat' dir='ltr'>loco,</span> <span class='ocrx_word' id='word_1_50' title='bbox 409 788 565 862; x_wconf 87' lang='lat' dir='ltr'>sicutipse</span> <span class='ocrx_word' id='word_1_51' title='bbox 586 803 737 862; x_wconf 76' lang='lat' dir='ltr'>resurgens</span> <span class='ocrx_word' id='word_1_52' title='bbox 758 804 776 846; x_wconf 89' lang='lat' dir='ltr'>a</span> <span class='ocrx_word' id='word_1_53' title='bbox 798 789 916 846; x_wconf 81' lang='lat' dir='ltr'>mortuis</span> <span class='ocrx_word' id='word_1_54' title='bbox 938 787 1085 848; x_wconf 82' lang='lat' dir='ltr'>confessus</span> <span class='ocrx_word' id='word_1_55' title='bbox 1110 795 1154 847; x_wconf 87' lang='lat' dir='ltr'>est</span> <span class='ocrx_word' id='word_1_56' title='bbox 1173 788 1228 848; x_wconf 88' lang='lat' dir='ltr'>Jo-</span> 
     </span>
     <span class='ocr_line' id='line_1_8' title="bbox 196 871 1229 950; baseline 0.004 -20"><span class='ocrx_word' id='word_1_57' title='bbox 196 871 283 930; x_wconf 87' lang='lat' dir='ltr'>hanni</span> <span class='ocrx_word' id='word_1_58' title='bbox 312 871 489 932; x_wconf 84' lang='lat' dir='ltr'>Scholastieo</span> <span class='ocrx_word' id='word_1_59' title='bbox 518 873 676 948; x_wconf 76' lang='lat' dir='ltr'>xantensi,</span> <span class='ocrx_word' id='word_1_60' title='bbox 709 890 728 933; x_wconf 93' lang='lat' dir='ltr'>a</span> <span class='ocrx_word' id='word_1_61' title='bbox 756 891 814 948; x_wconf 85' lang='lat' dir='ltr'>quo</span> <span class='ocrx_word' id='word_1_62' title='bbox 844 891 898 950; x_wconf 86' lang='lat' dir='ltr'>ego</span> <span class='ocrx_word' id='word_1_63' title='bbox 920 891 995 949; x_wconf 85' lang='lat' dir='ltr'>quae</span> <span class='ocrx_word' id='word_1_64' title='bbox 1017 874 1146 934; x_wconf 89' lang='lat' dir='ltr'>dicturus</span> <span class='ocrx_word' id='word_1_65' title='bbox 1167 893 1229 934; x_wconf 93' lang='lat' dir='ltr'>sum</span> 
     </span>
     <span class='ocr_line' id='line_1_9' title="bbox 196 958 1229 1036; baseline 0.004 -18"><span class='ocrx_word' id='word_1_66' title='bbox 196 958 302 1033; x_wconf 88' lang='lat' dir='ltr'>audivi,</span> <span class='ocrx_word' id='word_1_67' title='bbox 323 961 426 1018; x_wconf 79' lang='lat' dir='ltr'>misem</span> <span class='ocrx_word' id='word_1_68' title='bbox 448 966 492 1018; x_wconf 90' lang='lat' dir='ltr'>est</span> <span class='ocrx_word' id='word_1_69' title='bbox 512 962 541 1018; x_wconf 91' lang='lat' dir='ltr'>in</span> <span class='ocrx_word' id='word_1_70' title='bbox 562 961 657 1035; x_wconf 79' lang='lat' dir='ltr'>iguem</span> <span class='ocrx_word' id='word_1_71' title='bbox 678 966 738 1018; x_wconf 90' lang='lat' dir='ltr'>tam</span> <span class='ocrx_word' id='word_1_72' title='bbox 753 959 937 1020; x_wconf 89' lang='lat' dir='ltr'>intolerabilis</span> <span class='ocrx_word' id='word_1_73' title='bbox 958 959 1076 1036; x_wconf 80' lang='lat' dir='ltr'>ardoris,</span> <span class='ocrx_word' id='word_1_74' title='bbox 1097 968 1131 1020; x_wconf 90' lang='lat' dir='ltr'>nt</span> <span class='ocrx_word' id='word_1_75' title='bbox 1151 961 1229 1023; x_wconf 88' lang='lat' dir='ltr'>dico·</span> 
     </span>
     <span class='ocr_line' id='line_1_10' title="bbox 196 1046 1230 1123; baseline 0.003 -20"><span class='ocrx_word' id='word_1_76' title='bbox 196 1051 255 1119; x_wconf 89' lang='lat' dir='ltr'>ret,</span> <span class='ocrx_word' id='word_1_77' title='bbox 282 1048 308 1104; x_wconf 88' lang='lat' dir='ltr'>si</span> <span class='ocrx_word' id='word_1_78' title='bbox 336 1062 372 1105; x_wconf 85' lang='lat' dir='ltr'>ex</span> <span class='ocrx_word' id='word_1_79' title='bbox 400 1047 532 1106; x_wconf 91' lang='lat' dir='ltr'>omnibns</span> <span class='ocrx_word' id='word_1_80' title='bbox 560 1047 659 1105; x_wconf 92' lang='lat' dir='ltr'>mundi</span> <span class='ocrx_word' id='word_1_81' title='bbox 680 1046 763 1122; x_wconf 82' lang='lat' dir='ltr'>lignis</span> <span class='ocrx_word' id='word_1_82' title='bbox 785 1064 858 1106; x_wconf 88' lang='lat' dir='ltr'>unus</span> <span class='ocrx_word' id='word_1_83' title='bbox 879 1049 952 1122; x_wconf 87' lang='lat' dir='ltr'>ignis</span> <span class='ocrx_word' id='word_1_84' title='bbox 974 1054 1050 1107; x_wconf 89' lang='lat' dir='ltr'>esset</span> <span class='ocrx_word' id='word_1_85' title='bbox 1071 1049 1230 1123; x_wconf 82' lang='lat' dir='ltr'>conteebrs,</span> 
     </span>
     <span class='ocr_line' id='line_1_11' title="bbox 196 1131 1230 1211; baseline 0.003 -20"><span class='ocrx_word' id='word_1_86' title='bbox 196 1131 311 1192; x_wconf 88' lang='lat' dir='ltr'>mallem</span> <span class='ocrx_word' id='word_1_87' title='bbox 332 1134 361 1191; x_wconf 89' lang='lat' dir='ltr'>in</span> <span class='ocrx_word' id='word_1_88' title='bbox 383 1149 417 1192; x_wconf 88' lang='lat' dir='ltr'>eo</span> <span class='ocrx_word' id='word_1_89' title='bbox 432 1149 523 1208; x_wconf 89' lang='lat' dir='ltr'>usquc</span> <span class='ocrx_word' id='word_1_90' title='bbox 540 1132 578 1192; x_wconf 94' lang='lat' dir='ltr'>ad</span> <span class='ocrx_word' id='word_1_91' title='bbox 601 1133 676 1192; x_wconf 90' lang='lat' dir='ltr'>diem</span> <span class='ocrx_word' id='word_1_92' title='bbox 689 1133 784 1192; x_wconf 87' lang='lat' dir='ltr'>iudicii</span> <span class='ocrx_word' id='word_1_93' title='bbox 805 1133 912 1208; x_wconf 88' lang='lat' dir='ltr'>ardere,</span> <span class='ocrx_word' id='word_1_94' title='bbox 934 1151 1021 1208; x_wconf 83' lang='lat' dir='ltr'>quam</span> <span class='ocrx_word' id='word_1_95' title='bbox 1043 1151 1095 1210; x_wconf 88' lang='lat' dir='ltr'>per</span> <span class='ocrx_word' id='word_1_96' title='bbox 1108 1137 1230 1211; x_wconf 88' lang='lat' dir='ltr'>spatium</span> 
     </span>
     <span class='ocr_line' id='line_1_12' title="bbox 196 1218 1231 1294; baseline 0.002 -16"><span class='ocrx_word' id='word_1_97' title='bbox 196 1220 280 1278; x_wconf 89' lang='lat' dir='ltr'>unius</span> <span class='ocrx_word' id='word_1_98' title='bbox 300 1218 388 1278; x_wconf 89' lang='lat' dir='ltr'>borae</span> <span class='ocrx_word' id='word_1_99' title='bbox 409 1219 490 1278; x_wconf 88' lang='lat' dir='ltr'>illum</span> <span class='ocrx_word' id='word_1_100' title='bbox 503 1221 651 1278; x_wconf 91' lang='lat' dir='ltr'>sustinere.</span> <span class='ocrx_word' id='word_1_101' title='bbox 687 1219 731 1277; x_wconf 88' lang='lat' dir='ltr'>Ex</span> <span class='ocrx_word' id='word_1_102' title='bbox 753 1235 810 1294; x_wconf 88' lang='lat' dir='ltr'>quo</span> <span class='ocrx_word' id='word_1_103' title='bbox 826 1227 977 1294; x_wconf 85' lang='lat' dir='ltr'>extractus,</span> <span class='ocrx_word' id='word_1_104' title='bbox 993 1223 1117 1280; x_wconf 86' lang='lat' dir='ltr'>iactatus</span> <span class='ocrx_word' id='word_1_105' title='bbox 1140 1229 1184 1281; x_wconf 87' lang='lat' dir='ltr'>est</span> <span class='ocrx_word' id='word_1_106' title='bbox 1203 1225 1231 1280; x_wconf 93' lang='lat' dir='ltr'>in</span> 
     </span>
     <span class='ocr_line' id='line_1_13' title="bbox 196 1303 1231 1383; baseline 0.004 -19"><span class='ocrx_word' id='word_1_107' title='bbox 196 1303 292 1364; x_wconf 91' lang='lat' dir='ltr'>locum</span> <span class='ocrx_word' id='word_1_108' title='bbox 305 1311 365 1364; x_wconf 86' lang='lat' dir='ltr'>tam</span> <span class='ocrx_word' id='word_1_109' title='bbox 381 1305 601 1382; x_wconf 84' lang='lat' dir='ltr'>frigidissimum,</span> <span class='ocrx_word' id='word_1_110' title='bbox 623 1312 655 1364; x_wconf 92' lang='lat' dir='ltr'>nt</span> <span class='ocrx_word' id='word_1_111' title='bbox 676 1312 788 1380; x_wconf 89' lang='lat' dir='ltr'>optaret</span> <span class='ocrx_word' id='word_1_112' title='bbox 808 1305 900 1365; x_wconf 88' lang='lat' dir='ltr'>redire</span> <span class='ocrx_word' id='word_1_113' title='bbox 920 1309 1077 1383; x_wconf 83' lang='lat' dir='ltr'>inignem.</span> <span class='ocrx_word' id='word_1_114' title='bbox 1119 1309 1231 1368; x_wconf 85' lang='lat' dir='ltr'>Deinde</span> 
     </span>
     <span class='ocr_line' id='line_1_14' title="bbox 197 1391 1232 1472; baseline 0.003 -21"><span class='ocrx_word' id='word_1_115' title='bbox 197 1391 337 1452; x_wconf 90' lang='lat' dir='ltr'>deductus</span> <span class='ocrx_word' id='word_1_116' title='bbox 358 1395 442 1452; x_wconf 89' lang='lat' dir='ltr'>estin</span> <span class='ocrx_word' id='word_1_117' title='bbox 458 1393 590 1472; x_wconf 84' lang='lat' dir='ltr'>tenebras</span> <span class='ocrx_word' id='word_1_118' title='bbox 611 1392 777 1469; x_wconf 81' lang='lat' dir='ltr'>palpabiles,</span> <span class='ocrx_word' id='word_1_119' title='bbox 798 1395 927 1468; x_wconf 71' lang='lat' dir='ltr'>mndqne</span> <span class='ocrx_word' id='word_1_120' title='bbox 946 1393 1079 1470; x_wconf 89' lang='lat' dir='ltr'>horroris,</span> <span class='ocrx_word' id='word_1_121' title='bbox 1099 1402 1133 1454; x_wconf 90' lang='lat' dir='ltr'>nt</span> <span class='ocrx_word' id='word_1_122' title='bbox 1154 1394 1232 1456; x_wconf 90' lang='lat' dir='ltr'>diee-</span> 
     </span>
     <span class='ocr_line' id='line_1_15' title="bbox 197 1479 1231 1554; baseline 0.003 -17"><span class='ocrx_word' id='word_1_123' title='bbox 197 1486 240 1538; x_wconf 92' lang='lat' dir='ltr'>ret</span> <span class='ocrx_word' id='word_1_124' title='bbox 260 1481 334 1538; x_wconf 88' lang='lat' dir='ltr'>intra</span> <span class='ocrx_word' id='word_1_125' title='bbox 354 1494 400 1539; x_wconf 88' lang='lat' dir='ltr'>se:</span> <span class='ocrx_word' id='word_1_126' title='bbox 424 1479 455 1538; x_wconf 83' lang='lat' dir='ltr'>Si</span> <span class='ocrx_word' id='word_1_127' title='bbox 469 1481 637 1540; x_wconf 85' lang='lat' dir='ltr'>servivisses</span> <span class='ocrx_word' id='word_1_128' title='bbox 659 1485 774 1538; x_wconf 89' lang='lat' dir='ltr'>centum</span> <span class='ocrx_word' id='word_1_129' title='bbox 795 1482 877 1538; x_wconf 77' lang='lat' dir='ltr'>antris</span> <span class='ocrx_word' id='word_1_130' title='bbox 892 1480 966 1554; x_wconf 88' lang='lat' dir='ltr'>Deo,</span> <span class='ocrx_word' id='word_1_131' title='bbox 989 1481 1063 1540; x_wconf 90' lang='lat' dir='ltr'>bene</span> <span class='ocrx_word' id='word_1_132' title='bbox 1086 1489 1114 1540; x_wconf 89' lang='lat' dir='ltr'>te</span> <span class='ocrx_word' id='word_1_133' title='bbox 1136 1499 1231 1541; x_wconf 89' lang='lat' dir='ltr'>remu·</span> 
     </span>
     <span class='ocr_line' id='line_1_16' title="bbox 196 1565 1231 1642; baseline 0.004 -18"><span class='ocrx_word' id='word_1_134' title='bbox 196 1565 509 1640; x_wconf 68' lang='lat' dir='ltr'>natasset-dummodo</span> <span class='ocrx_word' id='word_1_135' title='bbox 530 1565 628 1626; x_wconf 90' lang='lat' dir='ltr'>liceret</span> <span class='ocrx_word' id='word_1_136' title='bbox 648 1567 700 1624; x_wconf 93' lang='lat' dir='ltr'>tibi</span> <span class='ocrx_word' id='word_1_137' title='bbox 720 1565 811 1625; x_wconf 86' lang='lat' dir='ltr'>redire</span> <span class='ocrx_word' id='word_1_138' title='bbox 834 1566 872 1625; x_wconf 93' lang='lat' dir='ltr'>ad</span> <span class='ocrx_word' id='word_1_139' title='bbox 884 1567 981 1642; x_wconf 81' lang='lat' dir='ltr'>frigus.</span> <span class='ocrx_word' id='word_1_140' title='bbox 1019 1567 1055 1626; x_wconf 90' lang='lat' dir='ltr'>In</span> <span class='ocrx_word' id='word_1_141' title='bbox 1068 1567 1148 1628; x_wconf 90' lang='lat' dir='ltr'>hunc</span> <span class='ocrx_word' id='word_1_142' title='bbox 1169 1586 1231 1628; x_wconf 90' lang='lat' dir='ltr'>mo-</span> 
     </span>
     <span class='ocr_line' id='line_1_17' title="bbox 198 1650 1292 1730; baseline 0.005 -21"><span class='ocrx_word' id='word_1_143' title='bbox 198 1651 267 1711; x_wconf 93' lang='lat' dir='ltr'>dum</span> <span class='ocrx_word' id='word_1_144' title='bbox 294 1669 344 1712; x_wconf 88' lang='lat' dir='ltr'>sex</span> <span class='ocrx_word' id='word_1_145' title='bbox 372 1650 495 1728; x_wconf 85' lang='lat' dir='ltr'>reliquas</span> <span class='ocrx_word' id='word_1_146' title='bbox 523 1668 632 1728; x_wconf 81' lang='lat' dir='ltr'>poenes</span> <span class='ocrx_word' id='word_1_147' title='bbox 653 1669 726 1728; x_wconf 90' lang='lat' dir='ltr'>quas</span> <span class='ocrx_word' id='word_1_148' title='bbox 747 1655 887 1728; x_wconf 89' lang='lat' dir='ltr'>scriptura</span> <span class='ocrx_word' id='word_1_149' title='bbox 908 1660 1056 1712; x_wconf 88' lang='lat' dir='ltr'>enumerat</span> <span class='ocrx_word' id='word_1_150' title='bbox 1077 1659 1231 1730; x_wconf 82' lang='lat' dir='ltr'>pertransi-</span> <span class='ocrx_word' id='word_1_151' title='bbox 1291 1693 1292 1704; x_wconf 45' lang='grc' dir='ltr'>ι</span> 
     </span>
     <span class='ocr_line' id='line_1_18' title="bbox 142 1737 1232 1818; baseline 0.004 -22"><span class='ocrx_word' id='word_1_152' title='bbox 142 1752 147 1760; x_wconf 83' lang='lat'>·</span> <span class='ocrx_word' id='word_1_153' title='bbox 197 1740 247 1797; x_wconf 82' lang='lat' dir='ltr'>vit.</span> <span class='ocrx_word' id='word_1_154' title='bbox 283 1737 348 1816; x_wconf 90' lang='lat' dir='ltr'>Quo</span> <span class='ocrx_word' id='word_1_155' title='bbox 369 1741 399 1797; x_wconf 91' lang='lat' dir='ltr'>in</span> <span class='ocrx_word' id='word_1_156' title='bbox 420 1745 547 1798; x_wconf 86' lang='lat' dir='ltr'>extrema</span> <span class='ocrx_word' id='word_1_157' title='bbox 564 1756 659 1813; x_wconf 91' lang='lat' dir='ltr'>poena</span> <span class='ocrx_word' id='word_1_158' title='bbox 672 1741 775 1814; x_wconf 83' lang='lat' dir='ltr'>posite,</span> <span class='ocrx_word' id='word_1_159' title='bbox 797 1739 939 1798; x_wconf 84' lang='lat' dir='ltr'>Dominus</span> <span class='ocrx_word' id='word_1_160' title='bbox 961 1757 1049 1816; x_wconf 91' lang='lat' dir='ltr'>opera</span> <span class='ocrx_word' id='word_1_161' title='bbox 1063 1744 1126 1801; x_wconf 90' lang='lat' dir='ltr'>eins</span> <span class='ocrx_word' id='word_1_162' title='bbox 1140 1745 1232 1818; x_wconf 86' lang='lat' dir='ltr'>priore</span> 
     </span>
     <span class='ocr_line' id='line_1_19' title="bbox 199 1823 1232 1902; baseline 0 -16"><span class='ocrx_word' id='word_1_163' title='bbox 199 1824 396 1900; x_wconf 80' lang='lat' dir='ltr'>considerans,</span> <span class='ocrx_word' id='word_1_164' title='bbox 419 1832 448 1884; x_wconf 88' lang='lat' dir='ltr'>ct</span> <span class='ocrx_word' id='word_1_165' title='bbox 468 1831 502 1882; x_wconf 90' lang='lat' dir='ltr'>ut</span> <span class='ocrx_word' id='word_1_166' title='bbox 521 1842 608 1901; x_wconf 89' lang='lat' dir='ltr'>passa</span> <span class='ocrx_word' id='word_1_167' title='bbox 628 1823 676 1884; x_wconf 90' lang='lat' dir='ltr'>vel</span> <span class='ocrx_word' id='word_1_168' title='bbox 697 1828 760 1887; x_wconf 85' lang='lat' dir='ltr'>vise</span> <span class='ocrx_word' id='word_1_169' title='bbox 780 1827 943 1886; x_wconf 87' lang='lat' dir='ltr'>viventibus</span> <span class='ocrx_word' id='word_1_170' title='bbox 964 1829 1111 1902; x_wconf 78' lang='lat' dir='ltr'>recitaret,</span> <span class='ocrx_word' id='word_1_171' title='bbox 1134 1831 1232 1888; x_wconf 87' lang='lat' dir='ltr'>miser-</span> 
     </span>
     <span class='ocr_line' id='line_1_20' title="bbox 200 1911 1256 1993; baseline 0.003 -21"><span class='ocrx_word' id='word_1_172' title='bbox 200 1919 247 1972; x_wconf 92' lang='lat' dir='ltr'>tus</span> <span class='ocrx_word' id='word_1_173' title='bbox 267 1911 356 1986; x_wconf 90' lang='lat' dir='ltr'>illins,</span> <span class='ocrx_word' id='word_1_174' title='bbox 384 1911 519 1988; x_wconf 84' lang='lat' dir='ltr'>angelum</span> <span class='ocrx_word' id='word_1_175' title='bbox 546 1929 630 1970; x_wconf 90' lang='lat' dir='ltr'>suum</span> <span class='ocrx_word' id='word_1_176' title='bbox 658 1914 734 1970; x_wconf 90' lang='lat' dir='ltr'>misit</span> <span class='ocrx_word' id='word_1_177' title='bbox 761 1911 799 1972; x_wconf 93' lang='lat' dir='ltr'>ad</span> <span class='ocrx_word' id='word_1_178' title='bbox 827 1930 908 1987; x_wconf 87' lang='lat' dir='ltr'>eum,</span> <span class='ocrx_word' id='word_1_179' title='bbox 937 1917 985 1988; x_wconf 85' lang='lat' dir='ltr'>qui</span> <span class='ocrx_word' id='word_1_180' title='bbox 1007 1913 1132 1974; x_wconf 88' lang='lat' dir='ltr'>diceret:</span> <span class='ocrx_word' id='word_1_181' title='bbox 1159 1917 1256 1993; x_wconf 50' lang='lat' dir='ltr'>Ecce¹</span> 
     </span>
     <span class='ocr_line' id='line_1_21' title="bbox 199 1995 1233 2077; baseline 0.003 -19"><span class='ocrx_word' id='word_1_182' title='bbox 199 1998 287 2058; x_wconf 88' lang='lat' dir='ltr'>talem</span> <span class='ocrx_word' id='word_1_183' title='bbox 307 1998 469 2058; x_wconf 88' lang='lat' dir='ltr'>mercedem</span> <span class='ocrx_word' id='word_1_184' title='bbox 491 2001 631 2074; x_wconf 86' lang='lat' dir='ltr'>recipiunt</span> <span class='ocrx_word' id='word_1_185' title='bbox 641 1995 674 2077; x_wconf 86' lang='lat'>¹),</span> <span class='ocrx_word' id='word_1_186' title='bbox 704 2001 753 2074; x_wconf 88' lang='lat' dir='ltr'>qui</span> <span class='ocrx_word' id='word_1_187' title='bbox 775 2001 903 2058; x_wconf 86' lang='lat' dir='ltr'>serviunt</span> <span class='ocrx_word' id='word_1_188' title='bbox 932 2000 1056 2060; x_wconf 90' lang='lat' dir='ltr'>diabolo.</span> <span class='ocrx_word' id='word_1_189' title='bbox 1107 2001 1233 2061; x_wconf 86' lang='lat' dir='ltr'>Subiun-</span> 
     </span>
     <span class='ocr_line' id='line_1_22' title="bbox 199 2084 1234 2164; baseline 0.003 -20"><span class='ocrx_word' id='word_1_190' title='bbox 199 2087 313 2160; x_wconf 85' lang='lat' dir='ltr'>xitque:</span> <span class='ocrx_word' id='word_1_191' title='bbox 341 2085 373 2145; x_wconf 84' lang='lat' dir='ltr'>Si</span> <span class='ocrx_word' id='word_1_192' title='bbox 400 2086 451 2144; x_wconf 90' lang='lat' dir='ltr'>tibi</span> <span class='ocrx_word' id='word_1_193' title='bbox 479 2084 576 2145; x_wconf 88' lang='lat' dir='ltr'>liceret</span> <span class='ocrx_word' id='word_1_194' title='bbox 603 2085 694 2145; x_wconf 90' lang='lat' dir='ltr'>redire</span> <span class='ocrx_word' id='word_1_195' title='bbox 715 2087 752 2145; x_wconf 88' lang='lat' dir='ltr'>ad</span> <span class='ocrx_word' id='word_1_196' title='bbox 774 2088 878 2161; x_wconf 88' lang='lat' dir='ltr'>vitam,</span> <span class='ocrx_word' id='word_1_197' title='bbox 911 2086 1000 2146; x_wconf 87' lang='lat' dir='ltr'>velles</span> <span class='ocrx_word' id='word_1_198' title='bbox 1026 2105 1080 2162; x_wconf 89' lang='lat' dir='ltr'>pro</span> <span class='ocrx_word' id='word_1_199' title='bbox 1108 2091 1234 2164; x_wconf 89' lang='lat' dir='ltr'>peccatis</span> 
     </span>
     <span class='ocr_line' id='line_1_23' title="bbox 199 2170 1234 2252; baseline 0.005 -22"><span class='ocrx_word' id='word_1_200' title='bbox 199 2173 255 2230; x_wconf 90' lang='lat' dir='ltr'>tuis</span> <span class='ocrx_word' id='word_1_201' title='bbox 276 2172 439 2232; x_wconf 77' lang='lat' dir='ltr'>satisfacere</span> <span class='ocrx_word' id='word_1_202' title='bbox 460 2170 547 2232; x_wconf 79' lang='lat' dir='ltr'>Deo?</span> <span class='ocrx_word' id='word_1_203' title='bbox 579 2171 628 2230; x_wconf 89' lang='lat' dir='ltr'>Ad</span> <span class='ocrx_word' id='word_1_204' title='bbox 650 2172 727 2246; x_wconf 87' lang='lat' dir='ltr'>qnod</span> <span class='ocrx_word' id='word_1_205' title='bbox 741 2173 860 2232; x_wconf 86' lang='lat' dir='ltr'>verbum</span> <span class='ocrx_word' id='word_1_206' title='bbox 880 2172 928 2232; x_wconf 88' lang='lat' dir='ltr'>ille</span> <span class='ocrx_word' id='word_1_207' title='bbox 950 2176 1097 2250; x_wconf 87' lang='lat' dir='ltr'>suspirans</span> <span class='ocrx_word' id='word_1_208' title='bbox 1114 2193 1234 2252; x_wconf 88' lang='lat' dir='ltr'>respon·</span> 
     </span>
     <span class='ocr_line' id='line_1_24' title="bbox 126 2252 1234 2338; baseline 0.005 -22"><span class='ocrx_word' id='word_1_209' title='bbox 126 2252 130 2262; x_wconf 53' lang='lat'><strong><em>¹</em></strong></span> <span class='ocrx_word' id='word_1_210' title='bbox 194 2255 286 2338; x_wconf 85' lang='lat' dir='ltr'>&#39;dit²):</span> <span class='ocrx_word' id='word_1_211' title='bbox 308 2259 441 2331; x_wconf 91' lang='lat' dir='ltr'>Domine,</span> <span class='ocrx_word' id='word_1_212' title='bbox 462 2261 487 2317; x_wconf 91' lang='lat' dir='ltr'>sl</span> <span class='ocrx_word' id='word_1_213' title='bbox 507 2258 564 2318; x_wconf 94' lang='lat' dir='ltr'>boc</span> <span class='ocrx_word' id='word_1_214' title='bbox 586 2266 661 2318; x_wconf 85' lang='lat' dir='ltr'>esset</span> <span class='ocrx_word' id='word_1_215' title='bbox 677 2259 821 2334; x_wconf 89' lang='lat' dir='ltr'>possibile,</span> <span class='ocrx_word' id='word_1_216' title='bbox 841 2259 950 2318; x_wconf 88' lang='lat' dir='ltr'>nullam</span> <span class='ocrx_word' id='word_1_217' title='bbox 970 2261 1129 2321; x_wconf 82' lang='lat' dir='ltr'>abnuerem</span> <span class='ocrx_word' id='word_1_218' title='bbox 1150 2265 1234 2322; x_wconf 90' lang='lat' dir='ltr'>satis·</span> 
     </span>
     <span class='ocr_line' id='line_1_25' title="bbox 198 2345 1234 2425; baseline 0.004 -21"><span class='ocrx_word' id='word_1_219' title='bbox 198 2345 360 2406; x_wconf 86' lang='lat' dir='ltr'>factionem.</span> <span class='ocrx_word' id='word_1_220' title='bbox 422 2345 503 2404; x_wconf 83' lang='lat' dir='ltr'>Tune</span> <span class='ocrx_word' id='word_1_221' title='bbox 541 2346 673 2421; x_wconf 85' lang='lat' dir='ltr'>angelus:</span> <span class='ocrx_word' id='word_1_222' title='bbox 708 2345 832 2405; x_wconf 91' lang='lat' dir='ltr'>Domino</span> <span class='ocrx_word' id='word_1_223' title='bbox 869 2347 965 2422; x_wconf 87' lang='lat' dir='ltr'>placet</span> <span class='ocrx_word' id='word_1_224' title='bbox 996 2354 1030 2406; x_wconf 87' lang='lat' dir='ltr'>ut</span> <span class='ocrx_word' id='word_1_225' title='bbox 1060 2348 1099 2406; x_wconf 91' lang='lat' dir='ltr'>ad</span> <span class='ocrx_word' id='word_1_226' title='bbox 1133 2366 1234 2425; x_wconf 89' lang='lat' dir='ltr'>eorpus</span> 
     </span>
     <span class='ocr_line' id='line_1_26' title="bbox 199 2429 1235 2515; baseline 0.003 -25"><span class='ocrx_word' id='word_1_227' title='bbox 199 2431 314 2508; x_wconf 83' lang='lat' dir='ltr'>redeas3</span> <span class='ocrx_word' id='word_1_228' title='bbox 338 2438 367 2492; x_wconf 90' lang='lat' dir='ltr'>et</span> <span class='ocrx_word' id='word_1_229' title='bbox 388 2434 456 2507; x_wconf 88' lang='lat' dir='ltr'>quia</span> <span class='ocrx_word' id='word_1_230' title='bbox 477 2434 505 2488; x_wconf 91' lang='lat' dir='ltr'>in</span> <span class='ocrx_word' id='word_1_231' title='bbox 528 2429 641 2512; x_wconf 77' lang='lat' dir='ltr'>croce³)</span> <span class='ocrx_word' id='word_1_232' title='bbox 663 2435 803 2509; x_wconf 83' lang='lat' dir='ltr'>peccasti,</span> <span class='ocrx_word' id='word_1_233' title='bbox 825 2449 877 2508; x_wconf 89' lang='lat' dir='ltr'>per</span> <span class='ocrx_word' id='word_1_234' title='bbox 898 2451 1011 2493; x_wconf 88' lang='lat' dir='ltr'>erucem</span> <span class='ocrx_word' id='word_1_235' title='bbox 1032 2434 1197 2495; x_wconf 80' lang='lat' dir='ltr'>satisfacias</span> <span class='ocrx_word' id='word_1_236' title='bbox 1207 2433 1235 2515; x_wconf 74' lang='lat'>⁸).</span> 
     </span>
     <span class='ocr_line' id='line_1_27' title="bbox 198 2517 1236 2596; baseline 0.006 -19"><span class='ocrx_word' id='word_1_237' title='bbox 198 2517 269 2578; x_wconf 85' lang='lat' dir='ltr'>Mox</span> <span class='ocrx_word' id='word_1_238' title='bbox 299 2535 330 2578; x_wconf 93' lang='lat' dir='ltr'>se</span> <span class='ocrx_word' id='word_1_239' title='bbox 350 2520 379 2576; x_wconf 91' lang='lat' dir='ltr'>in</span> <span class='ocrx_word' id='word_1_240' title='bbox 400 2519 503 2577; x_wconf 77' lang='lat' dir='ltr'>feretro</span> <span class='ocrx_word' id='word_1_241' title='bbox 525 2521 651 2594; x_wconf 85' lang='lat' dir='ltr'>erigens,</span> <span class='ocrx_word' id='word_1_242' title='bbox 680 2536 779 2578; x_wconf 91' lang='lat' dir='ltr'>omnes</span> <span class='ocrx_word' id='word_1_243' title='bbox 802 2523 928 2596; x_wconf 87' lang='lat' dir='ltr'>exeeptis</span> <span class='ocrx_word' id='word_1_244' title='bbox 950 2520 1063 2580; x_wconf 91' lang='lat' dir='ltr'>duobus</span> <span class='ocrx_word' id='word_1_245' title='bbox 1084 2524 1236 2583; x_wconf 86' lang='lat' dir='ltr'>iuvenibus</span> 
     </span>
     <span class='ocr_line' id='line_1_28' title="bbox 200 2606 1235 2684; baseline 0.002 -20"><span class='ocrx_word' id='word_1_246' title='bbox 200 2607 249 2680; x_wconf 89' lang='lat' dir='ltr'>qui</span> <span class='ocrx_word' id='word_1_247' title='bbox 271 2607 475 2665; x_wconf 84' lang='lat' dir='ltr'>constantiores</span> <span class='ocrx_word' id='word_1_248' title='bbox 505 2611 586 2664; x_wconf 89' lang='lat' dir='ltr'>erant</span> <span class='ocrx_word' id='word_1_249' title='bbox 613 2607 643 2664; x_wconf 91' lang='lat' dir='ltr'>in</span> <span class='ocrx_word' id='word_1_250' title='bbox 670 2606 769 2681; x_wconf 83' lang='lat' dir='ltr'>iugem</span> <span class='ocrx_word' id='word_1_251' title='bbox 798 2609 947 2666; x_wconf 87' lang='lat' dir='ltr'>convertit.</span> <span class='ocrx_word' id='word_1_252' title='bbox 990 2606 1103 2684; x_wconf 85' lang='lat' dir='ltr'>Quibus</span> <span class='ocrx_word' id='word_1_253' title='bbox 1132 2616 1164 2669; x_wconf 90' lang='lat' dir='ltr'>et</span> <span class='ocrx_word' id='word_1_254' title='bbox 1183 2612 1235 2668; x_wconf 89' lang='lat' dir='ltr'>ait:</span> 
     </span>
     <span class='ocr_line' id='line_1_29' title="bbox 197 2692 1235 2778; baseline 0.004 -26"><span class='ocrx_word' id='word_1_255' title='bbox 197 2692 242 2752; x_wconf 82' lang='lat' dir='ltr'>Ne</span> <span class='ocrx_word' id='word_1_256' title='bbox 264 2693 395 2778; x_wconf 77' lang='lat' dir='ltr'>timeatis,</span> <span class='ocrx_word' id='word_1_257' title='bbox 417 2694 485 2766; x_wconf 86' lang='lat' dir='ltr'>qnia</span> <span class='ocrx_word' id='word_1_258' title='bbox 506 2707 560 2768; x_wconf 86' lang='lat' dir='ltr'>ego</span> <span class='ocrx_word' id='word_1_259' title='bbox 583 2709 657 2750; x_wconf 91' lang='lat' dir='ltr'>snm.</span> <span class='ocrx_word' id='word_1_260' title='bbox 699 2692 859 2767; x_wconf 83' lang='lat' dir='ltr'>Statimque</span> <span class='ocrx_word' id='word_1_261' title='bbox 875 2694 1052 2754; x_wconf 89' lang='lat' dir='ltr'>sacerdotem</span> <span class='ocrx_word' id='word_1_262' title='bbox 1068 2699 1235 2770; x_wconf 86' lang='lat' dir='ltr'>accersiens,</span> 
     </span>
     <span class='ocr_line' id='line_1_30' title="bbox 197 2778 1235 2856; baseline 0.003 -18"><span class='ocrx_word' id='word_1_263' title='bbox 197 2786 319 2855; x_wconf 88' lang='lat' dir='ltr'>peccata</span> <span class='ocrx_word' id='word_1_264' title='bbox 340 2795 394 2838; x_wconf 88' lang='lat' dir='ltr'>aua</span> <span class='ocrx_word' id='word_1_265' title='bbox 416 2778 562 2838; x_wconf 79' lang='lat' dir='ltr'>confessus</span> <span class='ocrx_word' id='word_1_266' title='bbox 584 2785 643 2856; x_wconf 86' lang='lat' dir='ltr'>est;</span> <span class='ocrx_word' id='word_1_267' title='bbox 674 2796 787 2838; x_wconf 89' lang='lat' dir='ltr'>crucem</span> <span class='ocrx_word' id='word_1_268' title='bbox 809 2783 947 2856; x_wconf 89' lang='lat' dir='ltr'>suscepit,</span> <span class='ocrx_word' id='word_1_269' title='bbox 975 2787 1004 2840; x_wconf 90' lang='lat' dir='ltr'>et</span> <span class='ocrx_word' id='word_1_270' title='bbox 1032 2799 1099 2840; x_wconf 89' lang='lat' dir='ltr'>eum</span> <span class='ocrx_word' id='word_1_271' title='bbox 1122 2782 1235 2843; x_wconf 91' lang='lat' dir='ltr'>domino</span> 
     </span>
     <span class='ocr_line' id='line_1_31' title="bbox 200 2863 1236 2941; baseline 0.005 -17"><span class='ocrx_word' id='word_1_272' title='bbox 200 2864 306 2925; x_wconf 90' lang='lat' dir='ltr'>Ottone</span> <span class='ocrx_word' id='word_1_273' title='bbox 330 2865 474 2941; x_wconf 82' lang='lat' dir='ltr'>Episcopo</span> <span class='ocrx_word' id='word_1_274' title='bbox 495 2863 633 2940; x_wconf 88' lang='lat' dir='ltr'>praedicti</span> <span class='ocrx_word' id='word_1_275' title='bbox 657 2866 1013 2926; x_wconf 78' lang='lat' dir='ltr'>Theoderici-suceessore</span> <span class='ocrx_word' id='word_1_276' title='bbox 1034 2870 1236 2929; x_wconf 80' lang='lat' dir='ltr'>transfretavit</span> 
     </span>
     <span class='ocr_line' id='line_1_32' title="bbox 198 2951 1236 3032; baseline 0.004 -20"><span class='ocrx_word' id='word_1_277' title='bbox 198 2952 234 3012; x_wconf 90' lang='lat' dir='ltr'>In</span> <span class='ocrx_word' id='word_1_278' title='bbox 254 2953 304 3011; x_wconf 88' lang='lat' dir='ltr'>via</span> <span class='ocrx_word' id='word_1_279' title='bbox 317 2952 435 3028; x_wconf 84' lang='lat' dir='ltr'>singulis</span> <span class='ocrx_word' id='word_1_280' title='bbox 449 2951 550 3010; x_wconf 88' lang='lat' dir='ltr'>diebus</span> <span class='ocrx_word' id='word_1_281' title='bbox 571 2954 600 3010; x_wconf 93' lang='lat' dir='ltr'>in</span> <span class='ocrx_word' id='word_1_282' title='bbox 621 2970 696 3028; x_wconf 87' lang='lat' dir='ltr'>pene</span> <span class='ocrx_word' id='word_1_283' title='bbox 719 2959 748 3012; x_wconf 90' lang='lat' dir='ltr'>et</span> <span class='ocrx_word' id='word_1_284' title='bbox 768 2970 845 3028; x_wconf 86' lang='lat' dir='ltr'>aqua</span> <span class='ocrx_word' id='word_1_285' title='bbox 857 2956 1008 3030; x_wconf 80' lang='lat' dir='ltr'>ieiunavit3</span> <span class='ocrx_word' id='word_1_286' title='bbox 1030 2956 1112 3016; x_wconf 86' lang='lat' dir='ltr'>iuxta</span> <span class='ocrx_word' id='word_1_287' title='bbox 1131 2973 1236 3032; x_wconf 89' lang='lat' dir='ltr'>equum</span> 
     </span>
     <span class='ocr_line' id='line_1_33' title="bbox 199 3033 1236 3120; baseline 0.004 -23"><span class='ocrx_word' id='word_1_288' title='bbox 199 3033 334 3115; x_wconf 87' lang='lat' dir='ltr'>suumin</span> <span class='ocrx_word' id='word_1_289' title='bbox 357 3055 414 3114; x_wconf 90' lang='lat' dir='ltr'>quo</span> <span class='ocrx_word' id='word_1_290' title='bbox 437 3045 532 3098; x_wconf 88' lang='lat' dir='ltr'>vestes</span> <span class='ocrx_word' id='word_1_291' title='bbox 554 3041 615 3098; x_wconf 90' lang='lat' dir='ltr'>eius</span> <span class='ocrx_word' id='word_1_292' title='bbox 637 3045 666 3099; x_wconf 89' lang='lat' dir='ltr'>et</span> <span class='ocrx_word' id='word_1_293' title='bbox 687 3057 768 3099; x_wconf 85' lang='lat' dir='ltr'>arma</span> <span class='ocrx_word' id='word_1_294' title='bbox 788 3040 983 3116; x_wconf 86' lang='lat' dir='ltr'>portabantur,</span> <span class='ocrx_word' id='word_1_295' title='bbox 1008 3041 1093 3100; x_wconf 91' lang='lat' dir='ltr'>nudis</span> <span class='ocrx_word' id='word_1_296' title='bbox 1114 3043 1236 3120; x_wconf 89' lang='lat' dir='ltr'>pedibus</span> 
     </span>
    </p>
   </div>
   <div class='ocr_carea' id='block_1_3' title="bbox 159 3125 1239 3549">
    <p class='ocr_par' dir='ltr' id='par_1_3' title="bbox 159 3125 1239 3549">
     <span class='ocr_line' id='line_1_34' title="bbox 199 3125 1237 3210; baseline 0.004 -24"><span class='ocrx_word' id='word_1_297' title='bbox 199 3127 343 3186; x_wconf 87' lang='lat' dir='ltr'>cucurrit.</span> <span class='ocrx_word' id='word_1_298' title='bbox 372 3125 411 3184; x_wconf 87' lang='lat' dir='ltr'>Et</span> <span class='ocrx_word' id='word_1_299' title='bbox 438 3141 503 3184; x_wconf 89' lang='lat' dir='ltr'>cum</span> <span class='ocrx_word' id='word_1_300' title='bbox 531 3128 618 3200; x_wconf 90' lang='lat' dir='ltr'>petris</span> <span class='ocrx_word' id='word_1_301' title='bbox 640 3128 804 3186; x_wconf 89' lang='lat' dir='ltr'>secantibus</span> <span class='ocrx_word' id='word_1_302' title='bbox 826 3130 942 3203; x_wconf 83' lang='lat' dir='ltr'>sangnis</span> <span class='ocrx_word' id='word_1_303' title='bbox 964 3129 1109 3204; x_wconf 89' lang='lat' dir='ltr'>profluens</span> <span class='ocrx_word' id='word_1_304' title='bbox 1118 3127 1139 3210; x_wconf 80' lang='lat'>⁸)</span> <span class='ocrx_word' id='word_1_305' title='bbox 1161 3133 1237 3189; x_wconf 85' lang='lat' dir='ltr'>viam</span> 
     </span>
     <span class='ocr_line' id='line_1_35' title="bbox 159 3212 1237 3293; baseline 0.002 -19"><span class='ocrx_word' id='word_1_306' title='bbox 159 3277 170 3289; x_wconf 60' lang='lat'>,</span> <span class='ocrx_word' id='word_1_307' title='bbox 198 3217 373 3285; x_wconf 87' lang='lat' dir='ltr'>cruentaret,</span> <span class='ocrx_word' id='word_1_308' title='bbox 402 3213 472 3270; x_wconf 90' lang='lat' dir='ltr'>satis</span> <span class='ocrx_word' id='word_1_309' title='bbox 501 3212 729 3272; x_wconf 85' lang='lat' dir='ltr'>econfratribus</span> <span class='ocrx_word' id='word_1_310' title='bbox 757 3215 938 3289; x_wconf 87' lang='lat' dir='ltr'>arguebatur.</span> <span class='ocrx_word' id='word_1_311' title='bbox 981 3214 1095 3290; x_wconf 81' lang='lat' dir='ltr'>Quibus</span> <span class='ocrx_word' id='word_1_312' title='bbox 1117 3232 1237 3293; x_wconf 87' lang='lat' dir='ltr'>respon-</span> 
     </span>
     <span class='ocr_line' id='line_1_36' title="bbox 199 3297 1238 3384; baseline 0.004 -26"><span class='ocrx_word' id='word_1_313' title='bbox 199 3299 255 3358; x_wconf 87' lang='lat' dir='ltr'>dit:</span> <span class='ocrx_word' id='word_1_314' title='bbox 283 3298 397 3358; x_wconf 89' lang='lat' dir='ltr'>Maiora</span> <span class='ocrx_word' id='word_1_315' title='bbox 425 3297 528 3358; x_wconf 89' lang='lat' dir='ltr'>horum</span> <span class='ocrx_word' id='word_1_316' title='bbox 558 3302 687 3358; x_wconf 88' lang='lat' dir='ltr'>sustinui.</span> <span class='ocrx_word' id='word_1_317' title='bbox 706 3367 714 3384; x_wconf 37' lang='grc' dir='ltr'><em>Ι</em></span> <span class='ocrx_word' id='word_1_318' title='bbox 731 3299 787 3376; x_wconf 86' lang='lat' dir='ltr'>Qui</span> <span class='ocrx_word' id='word_1_319' title='bbox 817 3318 882 3359; x_wconf 91' lang='lat' dir='ltr'>eum</span> <span class='ocrx_word' id='word_1_320' title='bbox 911 3317 985 3377; x_wconf 90' lang='lat' dir='ltr'>pene</span> <span class='ocrx_word' id='word_1_321' title='bbox 1015 3305 1113 3362; x_wconf 91' lang='lat' dir='ltr'>omnia</span> <span class='ocrx_word' id='word_1_322' title='bbox 1135 3321 1191 3364; x_wconf 86' lang='lat' dir='ltr'>sua</span> <span class='ocrx_word' id='word_1_323' title='bbox 1210 3306 1238 3362; x_wconf 90' lang='lat' dir='ltr'>in</span> 
     </span>
     <span class='ocr_line' id='line_1_37' title="bbox 199 3385 1238 3468; baseline 0.005 -23"><span class='ocrx_word' id='word_1_324' title='bbox 199 3385 304 3446; x_wconf 82' lang='lat' dir='ltr'>Christi</span> <span class='ocrx_word' id='word_1_325' title='bbox 325 3387 446 3444; x_wconf 82' lang='lat' dir='ltr'>servitio</span> <span class='ocrx_word' id='word_1_326' title='bbox 463 3385 652 3461; x_wconf 84' lang='lat' dir='ltr'>expendisset,</span> <span class='ocrx_word' id='word_1_327' title='bbox 670 3403 736 3445; x_wconf 90' lang='lat' dir='ltr'>eum</span> <span class='ocrx_word' id='word_1_328' title='bbox 757 3387 904 3461; x_wconf 87' lang='lat' dir='ltr'>praedicto</span> <span class='ocrx_word' id='word_1_329' title='bbox 925 3387 1070 3464; x_wconf 87' lang='lat' dir='ltr'>Episcopo</span> <span class='ocrx_word' id='word_1_330' title='bbox 1093 3397 1123 3449; x_wconf 90' lang='lat' dir='ltr'>et</span> <span class='ocrx_word' id='word_1_331' title='bbox 1143 3392 1238 3468; x_wconf 87' lang='lat' dir='ltr'>magi·</span> 
     </span>
     <span class='ocr_line' id='line_1_38' title="bbox 198 3471 1239 3549; baseline 0.001 -15"><span class='ocrx_word' id='word_1_332' title='bbox 198 3479 258 3534; x_wconf 90' lang='lat' dir='ltr'>stro</span> <span class='ocrx_word' id='word_1_333' title='bbox 278 3471 413 3542; x_wconf 88' lang='lat' dir='ltr'>Jobanne</span> <span class='ocrx_word' id='word_1_334' title='bbox 433 3472 546 3532; x_wconf 87' lang='lat' dir='ltr'>rediens</span> <span class='ocrx_word' id='word_1_335' title='bbox 560 3490 638 3534; x_wconf 87' lang='lat' dir='ltr'>mare</span> <span class='ocrx_word' id='word_1_336' title='bbox 659 3475 797 3532; x_wconf 87' lang='lat' dir='ltr'>transivit.</span> <span class='ocrx_word' id='word_1_337' title='bbox 832 3474 878 3534; x_wconf 91' lang='lat' dir='ltr'>De</span> <span class='ocrx_word' id='word_1_338' title='bbox 900 3491 1039 3549; x_wconf 89' lang='lat' dir='ltr'>quocum</span> <span class='ocrx_word' id='word_1_339' title='bbox 1051 3483 1144 3538; x_wconf 88' lang='lat' dir='ltr'>nauta</span> <span class='ocrx_word' id='word_1_340' title='bbox 1164 3495 1239 3537; x_wconf 90' lang='lat' dir='ltr'>nau·</span> 
     </span>
    </p>
   </div>
   <div class='ocr_carea' id='block_1_4' title="bbox 218 3640 1240 3845">
    <p class='ocr_par' dir='ltr' id='par_1_4' title="bbox 218 3640 1240 3845">
     <span class='ocr_line' id='line_1_39' title="bbox 218 3640 1239 3725; baseline 0.005 -33"><span class='ocrx_word' id='word_1_341' title='bbox 218 3641 248 3708; x_wconf 83' lang='grc'>1)</span> <span class='ocrx_word' id='word_1_342' title='bbox 266 3640 286 3693; x_wconf 85' lang='grc' dir='ltr'><strong>Β</strong></span> <span class='ocrx_word' id='word_1_343' title='bbox 303 3640 473 3722; x_wconf 74' lang='lat' dir='ltr'>recipient,</span> <span class='ocrx_word' id='word_1_344' title='bbox 493 3668 524 3678; x_wconf 91' lang='lat'><em>-</em></span> <span class='ocrx_word' id='word_1_345' title='bbox 549 3640 581 3706; x_wconf 82' lang='lat'>2)</span> <span class='ocrx_word' id='word_1_346' title='bbox 604 3640 646 3692; x_wconf 86' lang='lat' dir='ltr'>BD</span> <span class='ocrx_word' id='word_1_347' title='bbox 670 3643 840 3712; x_wconf 85' lang='lat' dir='ltr'>suspirans</span> <span class='ocrx_word' id='word_1_348' title='bbox 863 3643 922 3707; x_wconf 83' lang='lat' dir='ltr'>ait,</span> <span class='ocrx_word' id='word_1_349' title='bbox 942 3640 1177 3725; x_wconf 31' lang='lat' dir='ltr'>CFurcspirans</span> <span class='ocrx_word' id='word_1_350' title='bbox 1194 3661 1239 3699; x_wconf 87' lang='lat' dir='ltr'>re-</span> 
     </span>
     <span class='ocr_line' id='line_1_40' title="bbox 267 3707 1240 3845; baseline 0.009 -85"><span class='ocrx_word' id='word_1_351' title='bbox 267 3708 511 3845; x_wconf 43' lang='lat' dir='ltr'>aupledxlueni)</span> <span class='ocrx_word' id='word_1_352' title='bbox 529 3707 572 3762; x_wconf 78' lang='lat' dir='ltr'>oF</span> <span class='ocrx_word' id='word_1_353' title='bbox 597 3727 730 3763; x_wconf 87' lang='lat' dir='ltr'>crucem.</span> <span class='ocrx_word' id='word_1_354' title='bbox 755 3742 786 3752; x_wconf 94' lang='lat'><em>-</em></span> <span class='ocrx_word' id='word_1_355' title='bbox 814 3712 846 3781; x_wconf 82' lang='grc'>4)</span> <span class='ocrx_word' id='word_1_356' title='bbox 865 3711 907 3766; x_wconf 82' lang='lat' dir='ltr'>DF</span> <span class='ocrx_word' id='word_1_357' title='bbox 930 3713 1137 3768; x_wconf 81' lang='lat' dir='ltr'>satisfacies.</span> <span class='ocrx_word' id='word_1_358' title='bbox 1157 3746 1190 3757; x_wconf 96' lang='lat'>—</span> <span class='ocrx_word' id='word_1_359' title='bbox 1210 3717 1240 3784; x_wconf 85' lang='lat'>5)</span> 
     </span>
    </p>
   </div>
   <div class='ocr_carea' id='block_1_5' title="bbox 0 0 1329 4310">
    <p class='ocr_par' dir='ltr' id='par_1_5' title="bbox 0 0 1329 4310">
     <span class='ocr_line' id='line_1_41' title="bbox 0 0 1329 4310; baseline 0 0"><span class='ocrx_word' id='word_1_360' title='bbox 0 0 1329 4310; x_wconf 95' lang='lat' dir='ltr'> </span> 
     </span>
    </p>
   </div>
  </div>
 </body>
</html>
