2654 4308
103 367 105 374 Α
175 279 236 340 11s
490 279 716 346 parmomo
739 281 902 346 comm

499 506 731 571 CAPITULUM
750 508 861 572 XLVI.

210 647 258 706 Dc
278 645 443 707 boninibus
469 650 522 724 qui
540 629 680 710 ciderunt
699 648 841 724 reliquias
860 650 969 708 montis
990 646 1177 725 Gudiosbcrp

459 733 673 812 ucaaniprare
693 737 726 794 ira
746 733 926 811 Strornberp.
1018 757 1023 764 ·

209 919 213 924 .
236 871 281 932 Eo
307 879 435 952 tempore
457 889 514 950 quo
537 873 668 940 dominus
689 873 884 936 Theodericus
906 873 1083 934 coloniensis
1103 871 1215 934 Archi·

174 960 326 1038 episcopus
347 961 397 1038 qui
417 960 512 1021 adhue
533 966 679 1037 superest,
704 967 829 1022 castrum
850 963 880 1020 in
903 959 1088 1038 Gudinsberg
1107 958 1214 1022 aedifi-

173 1047 258 1124 cavit,
278 1047 412 1108 sacerdos
426 1046 542 1125 quidam
555 1041 704 1125 religiosus
717 1066 737 1108 a
751 1047 870 1109 Colonia
890 1045 1012 1124 rediens,
1034 1065 1101 1108 oum
1121 1047 1217 1108 monti

172 1133 231 1193 iem
252 1132 320 1194 dieti
340 1136 463 1194 nominis
483 1136 711 1211 propinquasset,
731 1141 863 1196 sanctum
876 1133 1060 1211 Mychaelem
1075 1132 1215 1194 Archan-

172 1218 270 1296 gelum
298 1221 328 1280 in
357 1222 453 1298 specie
481 1221 557 1282 bene
583 1227 668 1296 nota,
690 1219 737 1280 ,de
759 1238 794 1282 eo
816 1223 846 1280 in
867 1222 992 1281 vicinum
1012 1226 1140 1280 montem
1162 1222 1215 1296 qui

173 1305 340 1384 Sitomberg
361 1307 470 1383 dicitur,
490 1309 521 1366 in
543 1324 600 1384 quo
622 1309 760 1367 memoria
781 1313 825 1369 est
840 1308 919 1367 Petri
933 1305 948 1387 ¹)
970 1309 1104 1384 principis
1125 1305 1214 1384 Apo-

173 1392 320 1468 stolorum,
341 1393 395 1454 alis
412 1397 536 1455 extensis
552 1394 651 1455 volare
673 1398 829 1470 conspexit.
870 1394 982 1454 Eodem
1004 1400 1133 1470 tempore
1154 1393 1214 1454 ho-

172 1496 221 1548 mo
243 1479 359 1557 quidam
378 1481 572 1542 Theodericus
593 1482 716 1557 nomine,
730 1481 774 1548 de
795 1481 864 1542 villa
883 1483 1013 1557 proxima
1034 1497 1100 1541 oum
1121 1498 1215 1541 uxore

166 1565 212 1626 ad
238 1567 389 1628 ecclesiam
414 1585 585 1645 properans,
614 1568 650 1628 de
679 1568 824 1645 praedicto
848 1573 947 1628 monto
968 1567 1123 1644 capsellam
1144 1585 1214 1628 cum

173 1652 298 1730 reliquiis
320 1670 407 1731 quam
428 1671 515 1731 saepo
536 1655 658 1731 viderat,
688 1651 800 1736 super²)
822 1654 989 1732 Shomberg
1011 1671 1064 1730 per
1083 1649 1213 1734 aerem²)

174 1738 242 1800 duci
261 1739 340 1801 vidit
372 1740 469 1802 Ambo
482 1741 561 1802 illam
574 1742 715 1816 viderunt,
738 1747 767 1801 et
780 1758 871 1817 usque
885 1739 971 1802 hodie
984 1740 1071 1801 ambo
1078 1736 1101 1820 ⁴)
1122 1746 1215 1802 testes

173 1833 241 1888 sunt
268 1833 366 1889 tantae
394 1829 521 1890 visionis.
570 1827 602 1889 Si
629 1829 699 1888 mihi
726 1831 821 1889 minus
849 1827 956 1904 credis,
982 1830 1126 1904 interroga
1155 1827 1213 1888 do·
1313 1815 1314 1852 ³

173 1914 282 1974 minum
304 1914 491 1976 Wilhclmum
511 1915 690 1976 sacerdotem
711 1913 747 1974 de
768 1914 950 1992 Shomberg,
977 1915 1026 1992 qni
1047 1931 1079 1974 se
1100 1913 1137 1974 ab
1161 1931 1214 1976 ore

172 1997 285 2061 illorum
314 2004 364 2078 qui
390 2001 463 2062 haec
491 2001 624 2062 viderunt
651 2000 796 2062 audivisse
825 2007 961 2078 testatur,
990 2008 1019 2062 et
1047 1999 1123 2062 dicet
1150 2002 1213 2062 tibi
1308 2023 1314 2074 γ

126 2135 136 2145 f.
172 2085 310 2150 Habebat
327 2089 403 2149 enim
417 2094 446 2148 et
463 2087 558 2149 adhuc
575 2088 664 2150 habet
680 2095 796 2148 sanctus
809 2087 1008 2165 Archangelus
1028 2089 1059 2146 in
1080 2086 1214 2148 cudim-
1313 2109 1314 2120 ¹

172 2173 252 2251 berg,
273 2174 321 2234 vel
341 2180 374 2233 ut
395 2173 443 2236 alii
465 2175 563 2249 dicunt
582 2178 613 2234 in
629 2175 833 2252 Wudinsberg‚
856 2173 1008 2236 ecclesiam
1028 2176 1135 2234 nomini
1157 2191 1213 2236 suo

171 2266 369 2322 consecratam
377 2258 407 2343 ι).
456 2261 494 2321 Et
522 2279 588 2323 eum
611 2268 687 2323 esset
706 2279 789 2321 mons
809 2261 886 2321 idem
906 2262 985 2322 tortis
1006 2263 1089 2337 satis,
1121 2261 1214 2322 etad

173 2350 317 2408 munimen
344 2349 508 2425 provinciae
530 2349 604 2410 bene
625 2351 711 2424 situs,
744 2347 839 2410 nullus
859 2355 957 2410 tamen
975 2350 1007 2407 in
1028 2364 1063 2411 co
1085 2354 1213 2428 castrum

172 2433 324 2495 aedificare
335 2436 535 2512 praesumpsit,
557 2435 694 2516 quiahoc
710 2453 768 2495 non
785 2452 870 2512 posse
891 2434 953 2496 fieri
973 2436 1011 2495 ob
1032 2434 1213 2512 praedictam

172 2523 340 2582 memoriam
361 2522 399 2582 ab
420 2522 520 2582 incolis
541 2522 725 2583 referebatur.
767 2522 936 2582 Praedictus
957 2538 1028 2582 vero
1049 2519 1213 2583 Theoderi-

157 2623 225 2672 cus
245 2608 408 2669 huiusmodi
428 2609 519 2671 verba
539 2625 597 2669 non
619 2609 781 2684 attendens,
803 2614 832 2669 et
853 2614 979 2670 castrum
999 2611 1029 2668 in
1051 2625 1085 2668 oo
1107 2607 1212 2670 aedifi-

173 2710 258 2770 cans,
285 2701 440 2772 antequam
468 2712 566 2756 muros
594 2698 655 2756 eius
678 2695 858 2771 perfecisset,
886 2695 1032 2778 depositus
1054 2701 1105 2756 est.
1147 2696 1212 2757 Nec

171 2777 287 2863 mirorr)
315 2784 340 2842 si
373 2783 411 2844 ab
448 2781 550 2843 eodem
579 2789 671 2842 castro
701 2782 831 2860 angelica
858 2788 1037 2842 recessenmt
1062 2782 1211 2860 subsidia,

172 2869 254 2929 cuius
282 2870 378 2930 omnia
405 2886 479 2946 pene
500 2867 631 2929 aedificia
653 2887 689 2929 ex
709 2871 802 2928 usuris
825 2869 974 2930 cuiusdam
994 2867 1102 2930 Judaei
1122 2886 1212 2946 quem

171 2955 316 3031 praelatus
345 2963 459 3032 ceperat
479 2955 639 3032 Episcopus
661 2962 727 3016 sunt
748 2961 920 3016 constructa.
962 2955 1058 3032 Quam
1077 2961 1212 3032 potenter

171 3047 288 3102 sanatus
301 3041 438 3119 Mychael
451 3042 607 3103 electorum
626 3045 736 3103 animas
756 3044 786 3102 in
808 3045 885 3103 exitu
906 3043 944 3102 ab
965 3044 1085 3104 inimicis
1107 3042 1210 3103 deien-

172 3126 236 3204 dat,
264 3127 364 3189 audies
391 3129 421 3189 in
453 3128 632 3190 distinetione
653 3129 823 3190 duodecima
845 3129 969 3206 capitulo
991 3132 1100 3206 quinto.
1141 3128 1210 3190 Non

171 3214 264 3275 solum
277 3275 280 3284 ,
292 3215 395 3277 beatus
416 3215 552 3293 Mychael
574 3234 640 3277 cum
663 3219 762 3276 ceteris
785 3215 915 3278 coelestis
936 3215 1054 3278 militiae
1075 3217 1209 3278 exerciti·

172 3302 227 3362 bus
252 3291 352 3362 fideles
379 3304 503 3381 protegit
530 3320 597 3364 eum
624 3305 797 3379 moriuntur,
828 3302 881 3364 scd
907 3305 995 3365 etiam
1014 3299 1045 3364 in
1065 3305 1210 3380 praesenti
1313 3361 1314 3376 ,

171 3388 209 3478 ab
230 3388 361 3450 hostibus
381 3388 548 3451 visibilibus.

468 3575 904 3630 ψ

191 3779 221 3847 l)
239 3777 282 3833 ab
299 3779 390 3834 beati
407 3781 500 3835 Petri.
519 3813 551 3824 -
570 3783 602 3854 2)
620 3782 640 3837 B
658 3801 754 3853 super
771 3795 917 3840 montem.
932 3817 963 3832 -·
982 3789 1015 3858 3)
1033 3786 1053 3842 Β
1070 3805 1153 3842 acra.
1172 3820 1206 3830 -

240 3849 273 3917 4)
290 3850 381 3903 ambo
399 3867 441 3905 om
458 3851 508 3906 BD.
525 3883 556 3896 -
577 3854 609 3921 5)
627 3853 646 3907 B
664 3853 857 3910 dedicatam.
876 3887 910 3898 -
928 3859 960 3928 6]
978 3858 998 3913 (l
1014 3860 1134 3912 mirum.
