2628 4310
360 238 415 298 DE
437 237 618 300 PRAEMIO
640 237 905 300 MORTUORUM.
1085 240 1145 298 319

114 363 236 437 primum
257 376 381 436 poenam
399 361 528 420 debitam
548 361 674 437 recipiet.
705 361 871 437 Requisitus
900 361 935 421 de
957 362 1053 421 anima
1063 359 1147 420 Hen-

113 449 164 506 rici
186 447 304 506 Comitis
325 447 494 524 Seynensis,
521 448 681 523 respondit,
717 447 799 507 Certe
828 466 880 508 nos
900 448 979 506 illam
999 447 1148 507 babemus.

113 533 160 593 De
180 551 276 610 poena
297 541 393 594 tamen
414 535 488 593 illius
509 534 579 592 nihil
600 538 747 609 expressit.
782 533 899 594 Adiecit
919 537 1005 594 etiem
1026 537 1147 594 interro-

113 638 183 698 gare
210 621 290 679 illum
320 621 355 679 de
384 629 467 697 patre
495 638 557 680 suo.
599 620 648 680 Ad
677 620 755 696 quod
781 621 829 680 ille
850 621 1021 700 respondite
1040 607 1152 698 Vign'nti‘

113 709 196 766 annis
225 713 254 765 et
280 723 338 766 uno
360 707 441 767 illum
462 708 630 784 babuimus3
660 707 712 766 scd
732 707 885 767 monocula
905 708 969 781 illa,
999 708 1148 768 etealvus

112 793 159 853 ille
181 799 268 870 alque
289 794 471 871 pediculosus
493 797 542 870 qui
562 796 592 852 in
606 794 710 854 solario
731 795 814 870 iacet,
824 795 917 854 *nobis
940 811 1006 853 eum
1019 794 1148 854 abstule-

113 887 189 940 runt
232 881 418 941 Monoculam
438 883 555 940 vocavit
574 897 694 940 uxorem
715 883 785 955 eius,
806 898 881 955 quae
902 898 954 957 pro
970 883 1067 940 anima
1086 884 1148 940 eius

113 969 216 1044 iugiter
243 967 433 1043 lacrimando,
462 968 577 1028 oculum
604 984 695 1027 unum
721 967 893 1043 perdiderat.
936 967 1057 1027 Calvum
1079 967 1149 1028 dixit

113 1053 203 1114 filium
224 1057 285 1114 eius
307 1054 515 1114 Theodericum
542 1055 716 1114 monachum
738 1061 881 1128 nostrum,
911 1057 959 1130 qui
980 1053 1018 1113 ad
1046 1053 1147 1114 viden-

114 1140 183 1200 dum
195 1136 212 1219 ¹)
245 1133 413 1218 germanum
446 1141 547 1202 eodem
579 1147 708 1217 tempore
740 1141 904 1201 advenerat.
952 1141 1148 1216 Interrogatus

113 1244 183 1287 vero
195 1228 231 1287 de
244 1229 392 1304 praedicta
412 1235 550 1303 matrona,
571 1228 732 1304 respondit:
754 1229 831 1288 Vere
852 1245 998 1302 nunquam
1015 1230 1149 1304 potestati

112 1320 228 1374 nostrae
249 1315 364 1375 addicta
384 1321 444 1390 est,
473 1332 507 1374 eo
531 1315 609 1390 quod
636 1315 738 1374 mulier
758 1317 835 1375 bona
856 1312 960 1394 esset2)
983 1331 1017 1373 ec
1040 1321 1148 1374 sancta.

112 1401 243 1461 Fratrem
265 1408 362 1461 autem
383 1409 464 1461 tuum
485 1401 684 1476 Lambertum,
705 1404 747 1461 sic
767 1402 945 1474 sedavimus,
966 1408 998 1460 ut
1018 1407 1148 1460 nostrum

113 1489 157 1547 ius
186 1487 308 1549 evadere
334 1505 393 1548 non
414 1485 541 1568 possim).
585 1487 643 1564 Qui
668 1495 735 1548 ante
755 1495 864 1564 paucos
879 1504 975 1548 annos
998 1486 1148 1546 defunctus

113 1580 172 1648 cet,
200 1576 245 1634 vir
271 1592 377 1634 avarus
405 1581 435 1634 et
461 1577 643 1651 pecuniosus.
685 1574 808 1634 Dicente
835 1578 939 1634 iterum
967 1574 1070 1648 milite,
1102 1573 1147 1632 dio

113 1661 183 1720 mihi
219 1660 255 1720 de
284 1678 342 1736 quo
370 1659 435 1720 loco
463 1663 567 1721 venisti
594 1679 671 1721 nunc
700 1661 738 1720 ad
760 1679 819 1738 me3
842 1661 989 1737 respondit
1009 1661 1147 1721 daemon:

112 1747 176 1824 Ego
208 1754 237 1807 et
264 1750 334 1807 socii
362 1749 419 1806 mei
440 1764 554 1806 eramus
575 1749 604 1806 in
626 1745 782 1827 exequiisi)
804 1749 952 1808 cuiusdam
972 1747 1148 1818 Abbatissae

101 1835 186 1910 nigri
206 1834 324 1909 ordinis,
347 1851 493 1910 egressum
514 1835 627 1893 animae
649 1837 710 1894 eius
731 1835 945 1908 praestolantes.
989 1835 1071 1894 Tunc
1092 1836 1148 1893 mi·
1225 1844 1229 1851 ·

113 1921 172 1980 les:
202 1919 281 1996 Quot
309 1922 395 1980 eratis
423 1919 484 1980 ibi?
526 1918 687 1996 Respondit
716 1921 851 1980 daemon:
879 1921 962 1980 Nosti
988 1938 1090 1980 nemus
1118 1923 1146 1978 in

114 2006 302 2066 Gottiniorsti
364 2003 494 2082 Optime,
532 2009 638 2083 inquit,
675 2009 752 2067 novi.
808 2008 847 2066 Et
880 2007 942 2066 ille:
981 2008 1046 2066 Non
1081 2015 1148 2067 sunt

113 2099 158 2152 tot
177 2093 245 2154 folia
264 2095 294 2151 in
316 2093 483 2168 arboribus,
505 2099 575 2168 quot
594 2093 651 2153 illio
672 2095 777 2153 fuimus
798 2097 973 2170 congregati.
1011 2094 1078 2154 Non
1105 2101 1149 2154 ost
1246 2109 1248 2120 ·

113 2185 175 2238 tam
209 2179 325 2256 grandis
359 2177 432 2239 silve
467 2182 496 2238 in
528 2182 676 2255 provincia
710 2177 850 2261 nostta⁵).
906 2181 945 2239 Et
972 2181 1056 2256 quid,
1093 2183 1147 2255 ait,

114 2265 276 2325 obtinuistis
296 2264 363 2324 ibit
401 2266 575 2342 Respondit:
603 2266 671 2327 Heu
692 2267 776 2341 nihil,
803 2268 907 2326 femina
927 2267 980 2327 fuit
999 2268 1147 2344 religiosa3

112 2351 166 2412 sed
188 2357 217 2411 et
232 2351 374 2430 -Myobael
400 2351 601 2430 Archangelus
628 2356 831 2429 superveniens
864 2372 929 2414 cum
956 2355 1031 2414 iusta
1057 2355 1147 2415 ferreo

113 2441 156 2498 sic
178 2455 231 2498 nos
253 2439 363 2514 cecidit,
385 2445 414 2499 et
435 2440 581 2500 caedendo
602 2441 720 2518 fugavit,
742 2446 774 2500 ut
795 2441 1022 2517 dispergeremur
1045 2459 1148 2517 quem-

111 2525 267 2587 admodum
296 2526 390 2603 pulvis
420 2529 467 2602 qui
497 2545 515 2586 a
543 2528 656 2588 tmbine
682 2527 843 2603 impellitur.
885 2525 1088 2589 novicius:
1116 2528 1147 2588 Si

112 2619 157 2672 tot
193 2612 348 2674 daemones
384 2616 550 2691 congregati
584 2619 660 2674 suntl
684 2617 714 2672 in
748 2631 865 2691 egressu
900 2617 984 2674 unius
1019 2619 1147 2690 animae,

112 2706 225 2760 constat
245 2703 409 2761 innumeros
431 2717 509 2776 esse,
539 2703 607 2775 quia
635 2719 687 2777 per
714 2701 892 2761 latitudinem
922 2699 1051 2783 mundi⁶)
1073 2718 1147 2778 quo-

111 2786 180 2846 tidie
217 2787 297 2846 multi
333 2790 498 2846 moriuntur.
545 2787 781 2848 MONACHUS:
816 2789 915 2861 Licet·
934 2789 1051 2866 maligni
1087 2791 1147 2865 spi-

113 2876 184 2933 ritus
213 2875 254 2933 ita
283 2876 392 2932 sintin
421 2890 479 2932 uno
507 2874 588 2950 loco,
623 2874 700 2950 quod
728 2892 788 2934 non
816 2878 874 2934 sint
901 2877 930 2932 in
959 2876 1031 2951 alio,
1069 2883 1147 2936 atta·

110 2977 178 3020 men
205 2965 266 3019 tam
294 2960 376 3036 agilis
403 2965 469 3018 sunt
497 2966 631 3035 naturae,
659 2966 692 3018 ut
720 2963 749 3018 in
777 2979 835 3020 uno
865 2969 1010 3022 momento
1035 2963 1147 3022 diversa

107 3052 261 3106 transeant
289 3048 383 3122 spatia
411 3053 563 3106 terrarum..
601 3046 658 3107 Vel
687 3046 742 3107 dici
770 3055 865 3124 potest
888 3049 972 3122 quod
1001 3067 1067 3109 cum
1087 3048 1147 3109 ior·
1222 3123 1226 3130 ι

109 3134 174 3193 tiori
195 3149 314 3193 nurnero
335 3135 467 3192 insistant
486 3135 567 3192 iustis
588 3135 788 3209 morientibus,
810 3151 897 3209 quam
918 3135 1001 3194 malis
1023 3135 1059 3195 de
1081 3137 1147 3211 qui-

110 3222 166 3280 bus
195 3222 264 3279 certi
292 3227 366 3278 sunt.
414 3218 619 3280 NOVICIUS:
650 3220 751 3280 Placet
778 3221 855 3296 quod
884 3220 962 3280 dicis.
1013 3222 1146 3283 MONA-

110 3305 228 3366 OHUS:
256 3306 423 3381 Requisitus
452 3308 538 3366 etiam
567 3309 591 3365 si
614 3305 718 3388 assati)
740 3310 769 3366 in
791 3308 871 3367 obitu
893 3307 999 3369 domini
1021 3309 1147 3371 Gerardi

109 3392 236 3453 Abbatis
267 3395 372 3468 nostri,
403 3398 471 3452 tunc
503 3399 631 3454 recenter
662 3396 781 3470 mortui;
813 3395 975 3470 respondit:
1007 3397 1073 3458 Non
1103 3404 1147 3458 est

109 3486 222 3540 tantum
244 3497 348 3540 arenae
368 3482 398 3537 in
418 3478 512 3538 littore
534 3481 635 3555 maris,
664 3486 734 3554 quot
754 3483 795 3540 ibi
815 3481 929 3542 fuimus.
972 3483 1030 3543 Sed
1051 3483 1147 3543 modi·

109 3585 177 3630 cum
205 3567 249 3627 ibi
274 3567 462 3641 obtinuimus,
491 3568 558 3642 quia
586 3566 744 3642 pediculosi
769 3568 808 3628 illi
836 3585 915 3628 more
943 3587 1096 3646 porcorum
1116 3573 1145 3628 in

129 3736 161 3804 1)
179 3733 199 3787 B
216 3734 393 3788 visendum.
413 3764 443 3775 -
462 3735 496 3802 2)
514 3736 533 3789 B
553 3743 661 3788 estw-
680 3737 712 3804 3)
729 3736 751 3790 E
774 3746 895 3859 posset.
915 3767 945 3776 -
965 3736 1035 3802 4)Β
1054 3736 1145 3787 obse-

180 3805 277 3873 quiis.
297 3835 327 3844 —
347 3805 378 3873 5)
396 3804 417 3858 B
435 3813 556 3858 vestra.
575 3827 608 3844 -’
626 3805 658 3875 6)
675 3806 696 3860 Β
714 3807 768 3859 orb
790 3824 802 3859 s
826 3837 859 3848 -
878 3807 910 3874 7)
928 3805 950 3858 Β
968 3805 1098 3858 luisset.
