2622 4322
448 253 501 314 nn
521 253 783 318 uuuuunoun
976 215 980 222 ’
1059 257 1121 318 roa

103 377 220 436 comersis
255 377 385 453 nostris,
421 374 457 436 ds
484 376 527 437 his
555 379 604 453 qui
632 378 794 454 frequenter
820 377 851 436 iu
880 375 967 438 choro
995 383 1093 438 nostro
1105 374 1122 460 ¹)

105 459 228 539 lomiunt,
247 465 313 540 ipse
337 463 413 542 mihi
429 464 583 540 respondit:
606 463 709 525 Sciatis
730 481 783 540 pro
798 469 884 539 certo,
906 462 984 541 quod
1005 481 1123 526 somno·

102 545 168 607 lentis
192 550 239 609 illa
266 569 309 612 ex
338 549 456 610 diabolo
486 557 536 610 est.
596 550 654 611 Die
686 551 813 627 quadam
839 556 966 626 tempore
998 554 1123 628 aestivo,

102 650 152 693 cun
178 635 276 698 nudes
315 637 550 713 decantarentur,
577 637 637 698 vidi
668 640 698 696 in
726 638 812 697 dorso
840 637 932 697 fratris
960 635 1122 714 Wilhelmi,
1196 655 1200 664 ’

101 724 138 796 qui
148 721 260 784 libenter
281 725 326 783 ibi
350 724 462 799 dormit,
484 724 560 784 clara
582 724 628 783 die
650 730 811 800 serpentem
833 741 955 800 serpere,
976 729 1005 782 et
1026 726 1123 784 statim

99 808 203 868 intellexi
216 815 289 887 quia
303 807 438 870 diabolus
453 818 536 886 esset,
558 812 649 887 quiin
663 813 723 870 eius
741 810 930 870 somnolentia
943 813 1123 886 pascebatur.

100 893 252 958 Huiusmodi
284 900 447 973 visionem,
475 903 548 957 teste
576 898 663 957 fratre
689 896 848 973 Richardo,
883 897 998 957 dicebat
1025 915 1057 958 se
1086 899 1123 959 de

101 981 184 1042 eodem
211 1003 357 1046 converso
379 987 493 1061 saepius
514 984 628 1044 vidisse.
673 983 850 1060 Conversus,
872 987 922 1060 qui
942 983 1015 1044 haec
1036 984 1122 1061 vidit,

101 1071 237 1131 rombatur
276 1071 446 1147 Comedus,
481 1072 525 1130 vir
558 1071 653 1130 bonus
689 1078 718 1131 et
744 1074 851 1146 iustus,
880 1071 917 1130 dc
949 1087 1006 1146 quo
1032 1071 1123 1132 multa

101 1157 282 1219 excellentiora
315 1160 371 1218 tibi
396 1160 426 1216 in
455 1157 634 1217 distinctione
666 1154 797 1238 octava²l
829 1158 965 1217 recitabo.
1015 1156 1130 1236 Multos¹

99 1259 140 1386 per
157 1247 378 1308 somnolentiam
391 1251 483 1305 tentat
505 1244 637 1304 diabolus
659 1250 688 1304 et
707 1250 803 1320 uexat,
826 1250 855 1304 et
875 1245 931 1305 hoo
952 1247 982 1303 iu
1003 1245 1123 1304 diversis

107 1334 186 1392 ornis.
531 1357 535 1364 ¹

404 1537 637 1600 CAPITULUM
657 1538 808 1599 XXXIII.

114 1659 154 1719 Dc
173 1678 323 1735 moereo,
345 1664 395 1721 cui
408 1644 512 1720 'cottus
532 1665 613 1720 cous
635 1653 677 1720 est
698 1662 797 1721 caelos
813 1661 958 1734 madore,
980 1679 1048 1722 cam
1068 1665 1101 1721 in

456 1748 546 1807 elcoro
569 1748 753 1828 dormitmet

150 1885 183 1946 Iu
201 1885 420 1956 Hemmenrode
452 1894 607 1947 conversus
634 1885 751 1962 quidam
776 1884 862 1946 valde
890 1871 1050 1946 accidiosus
1071 1886 1123 1946 iirit

98 1972 122 2030 in
140 1973 236 2051 choro,
264 1990 343 2050 pene
372 1991 492 2050 semper·
505 1975 547 2033 ibi
570 1973 734 2034 dormitans.
776 1973 812 2032 Iu
833 1975 914 2033 cuius
936 1977 1029 2049 capite
1051 1972 1130 2033 alter·

28 2107 29 2122 ,
99 2060 200 2133 quidam
228 2078 388 2122 conversus
409 2061 571 2136 frequenter
593 2067 700 2120 cattum
722 2058 821 2120 sedere
842 2060 928 2135 vidit,
956 2063 1005 2136 qui
1026 2045 1121 2140 mox³)

99 2152 125 2204 ut
141 2148 225 2222 pedes
249 2165 319 2207 suos
340 2147 431 2230 oculis
454 2149 585 2208 conversi
605 2149 794 2224 superposuit,
814 2149 910 2206 statim
930 2147 978 2207 ille
1000 2148 1122 2207 oscitare
1152 2167 1158 2182 ¹

99 2237 188 2308 coepit
240 2235 327 2311 Quod
358 2253 423 2294 cum
450 2235 635 2295 intellexisset
662 2252 697 2294 ex
723 2234 859 2294 relatione
884 2237 959 2310 eius,
989 2236 1038 2310 qui
1065 2234 1122 2294 hoc

99 2319 183 2380 ridere
207 2325 324 2398 meruit,
351 2339 389 2381 ne
419 2321 523 2381 diutius
544 2320 708 2382 illuderetur
729 2321 899 2397 a-diabolo,
912 2321 1026 2391 ,sedem
1047 2321 1123 2380 stalli

99 2408 135 2463 sui
155 2410 324 2485 sicparavit,
344 2415 378 2468 ut
392 2408 459 2468 dum
473 2409 648 2484 dormitaret,
668 2409 717 2468 illa
738 2411 768 2466 in
780 2415 892 2484 partem
914 2407 1082 2468 declinando
1089 2403 1121 2489 ⁴),

101 2492 233 2554 sedentem
270 2498 480 2572 praecipitaret.
533 2495 639 2569 Sicque
675 2495 880 2554 somnolentiae
913 2496 1036 2555 daemon
1070 2514 1122 2572 per

100 2585 178 2640 artem
210 2599 348 2642 excussus
382 2589 438 2657 est,
468 2587 497 2641 et
528 2581 614 2640 frater
641 2581 802 2642 accidiosus
829 2583 983 2641 ferventior
1009 2585 1040 2641 in
1064 2582 1122 2642 Dei

101 2671 201 2729 servitio
226 2670 319 2730 factus
347 2677 400 2728 est.
441 2669 524 2728 Haeo
545 2668 615 2726 mihi
636 2685 655 2727 a
677 2668 802 2744 quodam
825 2685 962 2729 converso
993 2669 1121 2728 eiusdem

102 2756 217 2814 coenobii
250 2755 341 2816 relata
369 2761 443 2814 sunt
492 2756 639 2831 Quantum
668 2754 822 2816 daemones
851 2755 908 2816 illic
936 2755 1121 2816 dormitantes

102 2839 227 2919 irrideant,
248 2861 285 2904 ex
306 2843 436 2903 subiecto
459 2859 617 2919 cognosces
639 2842 779 2918 exemplo.
808 2882 811 2884 -

398 3047 632 3109 GAPITULUM
658 3049 809 3110 XXXIV.

122 3165 161 3228 De
178 3169 330 3232 Fredcttco
351 3172 513 3246 monacho,
536 3173 585 3230 coi
604 3174 636 3232 ia
658 3172 747 3231 choro
769 3171 944 3231 dormitanti
965 3169 1101 3232 diodolus

301 3259 416 3318 nodum
437 3261 633 3318 stramineum
653 3263 686 3318 ia
707 3259 807 3318 oculos
827 3260 902 3317 iecit.
936 3273 941 3290 ·

158 3393 272 3470 Quidam
286 3415 323 3457 ex
337 3399 496 3457 senioribus
510 3399 622 3472 nostris,
642 3396 812 3457 Frederious
824 3398 949 3472 nomine,
969 3395 1121 3456 licet'alias

107 3473 173 3538 luerit
201 3486 243 3544 vir
268 3485 376 3560 bonus,
406 3482 444 3544 do
465 3485 536 3544 vitio
570 3490 667 3543 mmen
700 3484 906 3544 somnolentiae
933 3485 1001 3542 satis
1029 3483 1122 3544 fuerat

107 3569 210 3628 notata
240 3570 296 3632 Hic
313 3578 398 3632 nocte
416 3571 552 3648 quadam,
573 3577 728 3648 antequam
742 3573 862 3630 emissus
875 3577 951 3632 esset
964 3577 1122 3630 conventus

122 3745 147 3818 1)
161 3762 262 3878 tlosltro
285 3773 326 3880 οἳ
347 3757 397 3812 Bc.
416 3787 450 3798 -
468 3755 501 3826 2]
520 3771 576 3824 cap.
593 3755 636 3810 20.
655 3787 688 3799 -
712 3757 745 3827 3)
769 3771 838 3809 mou
859 3753 911 3807 odd
931 3755 981 3810 BG.
1001 3783 1032 3794 -
1051 3752 1122 3822 00

163 3839 209 3877 mc
225 3843 298 3880 ruau
327 3843 351 3881 o.
919 3835 922 3846 ·

1223 171 1230 206 l
