2538 4314
158 205 200 263 86
463 205 689 268 DISTINCTIO
708 205 892 268 SECUNDA

157 328 279 388 multmn
300 328 354 388 luit
375 345 440 389 sera
462 335 490 389 et
511 347 585 406 pene
606 332 691 389 morti
713 332 862 407 contigua,
894 346 964 390 vera
984 335 1092 403 tamen,
1119 335 1190 390 teste

158 422 257 475 sancto
287 414 419 490 Abbate,
446 434 498 493 per
527 419 606 476 cuius
634 420 765 476 meritum
792 416 871 476 illam
900 416 1024 475 creditur
1048 417 1190 476 habuisse.

158 499 361 563 NOVICIUS:
390 503 504 562 Revera
524 505 661 564 iustorum
682 506 845 580 praesentia
865 505 1049 562 molientibus
1070 503 1190 563 multum

159 596 203 648 est
224 591 393 648 necessaris.
435 589 671 650 MONACHUS:
697 591 764 650 Hoc
785 598 900 650 sanctus
923 589 1077 667 Gregorius
1098 587 1190 650 mani-

158 676 244 736 festat
265 675 306 736 in
324 676 450 752 quadam
477 676 611 736 Homelia
627 675 660 758 ¹),
687 678 808 754 loquens
838 677 874 737 de
902 678 1027 754 quodam
1056 694 1189 753 perverso

157 764 269 838 iuvene,
292 766 393 838 quise
416 764 612 824 devorandum
635 764 750 824 draconi
771 764 870 824 datum
881 761 903 844 ²)
933 764 1083 838 clamabat,
1105 781 1190 841 quem

155 850 273 908 fratrum
296 853 539 910 circumstantium
562 854 651 910 oratio
674 851 799 928 fugavit,
823 858 851 911 et
873 853 1047 911 contritionis
1069 855 1189 928 gratim

156 936 266 996 infirmo
283 938 412 997 obtinuit.
449 938 528 997 Audi
548 939 643 997 adhuc
659 938 835 1013 de'quodam
855 941 917 997 viro
940 939 1088 1014 saeculari,
1110 941 1188 999 cuius

157 1027 286 1084 'contritio
308 1024 400 1084 finalis
430 1031 489 1085 tam
518 1042 603 1100 vera,
638 1027 695 1084 imo
718 1032 779 1084 tam
799 1027 948 1085 verissima
969 1025 1036 1101 init,
1070 1031 1104 1084 ut
1139 1041 1189 1102 per

156 1128 220 1171 eam
241 1129 298 1171 non
320 1111 412 1171 solum
433 1118 588 1172 mereretur
609 1113 803 1172 remissionem
815 1119 1007 1188 peccatorum,
1022 1103 1087 1172 ¹imo
1103 1115 1187 1173 etiarn

154 1198 274 1275 gloriam
295 1199 505 1260 miraculorum.

493 1389 725 1452 CAPITULUM
745 1391 846 1452 XVH.

285 1514 333 1572 De
354 1515 528 1572 contritione
548 1514 680 1588 Philippi
702 1512 822 1586 Comitis
843 1515 1062 1574 Numeremus.

217 1651 294 1710 Ante
316 1651 372 1710 hoc
394 1652 544 1711 triennium
573 1651 722 1711 defunctus
756 1658 799 1712 est
827 1652 1104 1728 Philippuscomes
1126 1653 1186 1713 Ns-

152 1741 318 1812 murcensis,
340 1741 384 1797 vir
404 1745 506 1814 potens
523 1745 551 1798 et
569 1739 681 1813 nobilis,
702 1739 777 1798 filius
795 1739 952 1798 Baldewini
969 1740 1087 1800 Comitis
1098 1741 1186 1800 Flan-

154 1825 240 1886 driae.
283 1825 448 1900 Antequam
470 1832 638 1901 moreretur,
667 1832 775 1885 tantam
806 1829 832 1886 ei
856 1828 975 1887 contulit
994 1828 1137 1887 Dominus
1158 1830 1185 1885 in

151 1912 314 1972 infirmitate
336 1915 546 1988 contritionem,
579 1920 611 1971 ut
638 1913 703 1972 talis
732 1916 862 1974 contritio
891 1931 949 1974 non
977 1921 1054 1974 esset
1075 1918 1137 1975 visa
1157 1917 1185 1971 in

152 1999 248 2076 aliquo
270 2000 385 2058 homine
407 2001 510 2058 nostris
528 2002 711 2075 temporibus.
744 2000 874 2076 Quatuor
894 2000 1060 2061 Abbatibus
1083 2002 1185 2062 ordinis

154 2089 243 2147 nostri
264 2086 348 2146 simul
370 2093 398 2145 et
419 2103 506 2163 saepe
528 2087 733 2146 confessionem
755 2105 838 2146 suam
858 2089 952 2148 facere
975 2093 1136 2164 consuevit,
1157 2091 1184 2146 in

153 2181 266 2234 tanturn
289 2191 319 2232 se
341 2190 495 2250 accusans,
509 2176 539 2232 in
560 2180 671 2232 tantum
691 2173 845 2252 plangens,
868 2182 900 2234 ut
921 2193 1020 2235 omnes
1043 2176 1082 2236 ad
1102 2177 1185 2236 lacri-

151 2279 214 2322 mas
236 2267 415 2337 provocaret.
457 2261 518 2320 Nec
541 2263 567 2320 ei
588 2263 643 2319 ista
665 2261 852 2338 sufficiebant,
874 2264 941 2339 quin
962 2262 1100 2338 laqueum
1115 2261 1184 2322 collo

153 2366 206 2408 suo
228 2350 369 2422 inliceret,
390 2353 560 2424 rogaretque
583 2348 759 2408 confessores
781 2365 864 2424 suos,
886 2356 918 2408 ut
939 2367 971 2409 se
992 2350 1137 2409 traherent
1157 2352 1183 2407 in

151 2435 285 2519 plateam,
308 2435 417 2493 dicens:
439 2434 520 2494 Sicut
542 2437 619 2493 canis
641 2437 707 2509 vixi,
729 2435 847 2512 dignum
870 2442 920 2512 est,
942 2444 974 2495 ut
994 2439 1100 2496 moriar
1113 2439 1185 2495 sicut

153 2525 240 2582 carris.
284 2521 372 2580 Filias
393 2522 485 2580 fratris
506 2523 550 2580 sui
571 2521 729 2581 Boldewini
752 2522 884 2598 Comitis,
913 2526 961 2599 qui
981 2523 1074 2583 factus
1095 2524 1184 2582 brerat

151 2609 215 2668 Rex
238 2608 385 2682 Graeciae,
407 2607 562 2667 tradiderat
582 2608 656 2685 Regi
676 2608 831 2684 Franciae,
854 2612 933 2668 ouius
955 2609 1184 2670 filiam-duxerat

150 2713 277 2755 uxorem.
321 2694 445 2771 Quidam
467 2696 614 2769 dixerunt,
648 2696 715 2770 quia
736 2695 903 2756 vendiderat
913 2694 934 2777 ³)
958 2713 1015 2756 aas.
1058 2697 1105 2757 De
1128 2714 1183 2772 quo

149 2782 226 2844 lacto
247 2782 400 2858 plurimum
423 2783 546 2842 dolebat.
589 2781 741 2857 Deporteri
762 2801 793 2842 se
814 2779 952 2864 lecerst⁴)
974 2786 1004 2842 in
1035 2785 1182 2860 pauperri-

149 2889 227 2930 mam
249 2867 365 2929 domurn
388 2871 510 2929 civitatis
533 2886 615 2945 suae,
649 2871 677 2928 in
707 2887 765 2946 qua
792 2887 902 2946 pauper
930 2872 1030 2946 spiritu
1052 2873 1182 2949 migravit

149 2957 188 3016 ad
208 2957 373 3016 Dominum.
416 2956 528 3016 Volens
550 2963 646 3016 autem
667 2958 731 3032 pius
753 2957 895 3016 Dominus
916 2963 1026 3016 tantam
1049 2975 1181 3018 remune-

149 3061 211 3104 rare
234 3045 440 3118 contritionem,
461 3043 603 3103 miraculis
625 3062 691 3102 eum
712 3043 870 3120 glorificare
893 3043 1024 3120 dignatus
1045 3053 1096 3121 est,
1116 3052 1181 3105 tsn-

149 3148 238 3208 quam
261 3129 395 3189 dilectum
418 3130 616 3190 confessorem.
660 3130 794 3206 Sepultus
815 3135 845 3189 in
874 3131 994 3191 ecclesia
1016 3135 1106 3192 sancti
1127 3131 1181 3190 Α]-

149 3217 369 3296 ὶιαιιίΜιιιῒ)ιίε,
391 3219 419 3276 irr
442 3235 499 3293 qua
519 3220 580 3293 ipse
602 3219 761 3276 instituerat
783 3225 954 3278 conventum
974 3223 1180 3293 canonicorum,

149 3306 185 3366 de
207 3307 266 3363 suis
286 3307 367 3366 iustis
389 3304 545 3363 redditibus
568 3307 608 3363 eis
630 3305 771 3381 stipendia
792 3305 886 3364 adhuc
919 3323 1005 3365 sanus
1034 3307 1179 3380 ordinans,

148 3395 235 3454 tantis
257 3409 348 3466 usque
370 3390 455 3451 hodio
477 3393 564 3468 signis
588 3399 732 3467 coruscat,
760 3399 793 3451 ut
822 3392 857 3452 de
883 3395 998 3453 remotis
1019 3395 1179 3471 regionibus

147 3481 250 3542 infirmi
273 3477 456 3538 advenientes
478 3478 587 3538 adeius
601 3481 730 3539 tumbam
743 3482 849 3540 sanitat
837 3487 895 3540 tem
907 3483 1051 3557 recipiant,
1072 3484 1178 3558 ipsam-

166 3652 197 3720 t)
215 3649 318 3767 Gregor.
337 3645 425 3700 llomil.
446 3645 512 3697 te·
505 3662 530 3696 ιιι
547 3645 645 3718 Evang.
664 3650 727 3702 Vide
745 3656 771 3700 et
789 3647 900 3700 eiusdem
918 3649 1014 3719 lliolog.
1032 3649 1074 3718 ill,
1091 3653 1174 3706 38.-

216 3718 248 3787 2)
290 3714 497 3779 neumarum
514 3715 759 3773 Raraunum-
771 3719 1125 3794 3)DPvcudiderlt.5-
1145 3721 1176 3788 l)

215 3787 349 3850 Clecit‚
365 3786 430 3851 utl,
448 3787 490 3838 25.
