2538 4314
162 233 222 327 ius
477 263 874 328 ursumeurouunum

160 393 272 466 posset,
301 385 383 447 altari
403 385 517 448 cuidam
539 389 594 448 sibi
613 387 744 448 familiari
765 388 849 465 dixit3
877 389 978 464 sicque
996 403 1048 465 per
1068 401 1137 449 eum
1158 387 1200 450 ed

159 471 288 536 notitiam
309 477 396 534 totius
417 474 572 551 parochiae
592 478 730 552 pervenit
772 475 859 536 Anno
882 476 994 552 expleto
1008 473 1038 556 ¹),
1060 475 1199 536 sacerdos

159 563 217 622 uon
240 567 284 620 est
304 567 449 636 mortuus,
482 568 511 620 et
537 564 670 622 iuventus
699 569 743 622 est
768 563 857 622 falsus
885 563 1026 639 propheta
1055 562 1199 624 diabolus.

160 649 199 708 Et
220 649 287 723 qnia
309 648 405 708 electis
427 650 523 708 omnia
545 656 734 726 cooperantur
753 651 783 708 in
804 646 956 729 bonum²);
977 651 1006 708 in
1028 667 1072 725 eo,
1093 651 1123 708 iu
1137 663 1198 724 qno

160 737 204 795 vir
225 740 342 794 sanctus
355 734 507 794 videbatur
528 735 673 795 adiabclo
696 735 841 812 deeeptus,
863 743 1073 812 estpromotus.
1104 737 1200 795 trimis

159 824 235 883 enim
257 822 366 882 datam
388 821 489 882 dolosa
510 823 749 882 circumventione
771 824 951 898 erubescens,
972 830 1088 900 propter
1099 823 1199 882 lromi-

159 926 226 984 nes,
258 908 297 968 ad
318 925 391 984 quos
411 909 532 968 verbnm
553 916 736 985 pervenerat,
764 927 818 970 nec
838 909 950 969 habens
971 910 1048 970 uude
1069 913 1199 984 viveret,

158 995 306 1056 saeculum
327 1013 394 1056 cum
413 996 551 1072 parochia
573 996 709 1072 deseruit,
731 998 810 1055 etin
831 997 956 1071 quadam
978 996 1065 1057 domo
1086 995 1200 1056 ordinis

158 1085 261 1158 nostri,
284 1085 364 1143 cuin's
386 1099 491 1142 nomen
513 1083 631 1159 excidit,
652 1084 684 1142 se
706 1083 853 1143 convertit.
895 1083 986 1142 Facto
1008 1101 1043 1144 eo
1065 1084 1200 1158 novicio,

157 1173 261 1230 iterum
281 1166 412 1229 diabolus
434 1169 522 1244 affuit,
546 1175 575 1229 et
596 1169 758 1229 huiusmodi
778 1170 874 1228 verbis
895 1170 1072 1245 praedictum
1094 1168 1201 1230 dolum

157 1256 299 1333 palliavit:
340 1257 386 1316 Nc
407 1256 538 1330 tmberis,
559 1258 659 1332 inquit,
679 1256 766 1316 homo
787 1253 881 1336 Dei³)‚
903 1255 1121 1329 quodmortuus
1135 1273 1201 1316 nou

158 1361 199 1419 es,
218 1349 251 1401 ut
271 1343 407 1418 praedixi,
429 1341 588 1417 quiaDeus
609 1360 663 1402 sua
682 1342 862 1418 providentia
882 1346 972 1402 vitam
992 1351 1072 1404 tuam
1085 1342 1202 1402 distulit

158 1429 197 1492 ad
222 1430 377 1490 multorum
405 1427 640 1489 aedificationem.
682 1429 790 1489 Missus
818 1445 888 1506 sum,
914 1430 951 1490 ab
980 1430 1045 1504 illo,
1077 1435 1110 1488 ut
1142 1429 1202 1488 tibi

157 1519 305 1591 assistam,
336 1520 473 1576 instruam
502 1522 531 1575 et
552 1516 720 1575 custodiam.
763 1516 801 1574 Et
823 1515 941 1575 credidit
962 1518 987 1575 ei
1008 1516 1064 1576 ille.
1108 1514 1201 1576 Circa

81 1664 83 1673 Α
159 1621 245 1680 quem
267 1602 399 1662 diabolus
419 1603 581 1678 frequenter
601 1603 778 1677 versabatur,
800 1609 829 1661 ct
850 1619 976 1678 semper,
998 1605 1072 1664 sicut
1092 1609 1203 1678 postea

159 1693 284 1764 notavit,
312 1689 351 1751 ad
377 1706 412 1748 ea
442 1706 516 1765 quae
545 1689 582 1750 ed
612 1689 793 1749 commodum
821 1695 901 1763 sunt,
929 1707 995 1748 eum
1016 1689 1203 1749 hortabatur.

160 1777 233 1838 Cum
256 1794 322 1836 cum
343 1777 438 1836 fervor
459 1776 632 1851 quandoque
653 1775 810 1852 impelleret
831 1775 953 1851 amplius
975 1793 1065 1850 orare,
1089 1776 1203 1854 vigila-

160 1881 200 1939 rc,
221 1866 283 1924 sive
304 1864 437 1924 maribus
458 1862 597 1937 laborare,
618 1866 711 1939 arguit
731 1879 798 1921 eum
818 1859 893 1942 ille⁴)
914 1862 1029 1942 ¹dicensz
1050 1863 1203 1938 Discretio

158 1958 250 2012 meter
270 1953 409 2010 virtutum
431 1956 482 2009 est.
523 1950 583 2009 Diu
605 1949 700 2009 adhuc
720 1951 828 2025 poten's
847 1951 959 2024 vivere,
991 1956 1020 2009 et
1047 1947 1114 2009 idco
1143 1951 1205 2010 tibi

162 2038 251 2098 debes
272 2055 405 2114 parcere,
430 2043 464 2096 ut
490 2038 584 2112 possis
609 2036 675 2095 Deo
698 2035 745 2095 diu
767 2037 881 2095 servire.
925 2035 1047 2112 Quando
1068 2035 1204 2113 lapidem

159 2125 256 2186 levare
277 2125 396 2185 volebat
416 2125 569 2198 maiorem,
597 2125 700 2182 iterum
722 2122 848 2184 dicebat:
878 2123 969 2182 Nimis
990 2138 1113 2200 maguus
1137 2129 1204 2201 est,

159 2212 225 2272 leva
245 2215 341 2272 istum.
385 2209 458 2269 Cum
478 2210 571 2270 factus
593 2216 669 2270 esset
688 2209 854 2284 monachus,
876 2212 916 2268 ait
936 2209 991 2268 illi:
1012 2209 1098 2286 Roga
1108 2209 1204 2293 Prio-

158 2314 227 2373 reru,
248 2305 281 2358 nt
302 2297 442 2358 concedat
462 2297 514 2358 tibi
534 2299 575 2355 ire
596 2296 634 2355 ad
655 2296 812 2373 singulares
821 2295 944 2371 labores,
966 2297 1204 2371 quatenus'libe-

159 2380 245 2463 rins⁸)
267 2388 310 2444 nti
329 2386 423 2461 possis
444 2400 510 2444 meo
533 2381 683 2458 colloquio,
705 2390 735 2444 et
755 2399 809 2459 ego
831 2390 890 2441 tuo.
932 2383 972 2442 Et
991 2382 1152 2443 licentiavit
1172 2387 1205 2446 ei

159 2471 264 2546 Prior,
282 2478 316 2530 ut
344 2488 462 2530 causam
489 2473 632 2547 cognovit
673 2468 766 2529 Nocte
793 2470 919 2544 quadam
939 2469 1039 2530 voleus
1061 2469 1205 2536 diabolus

159 2557 256 2618 dolum
277 2558 326 2617 din
346 2563 571 2633 praetractatum
579 2553 600 2636 ⁶)
621 2556 779 2632 perducere
801 2555 838 2615 ed
860 2557 1001 2632 effeetrm,
1021 2559 1206 2633 intempeste

158 2651 242 2706 nocte
263 2645 301 2703 ad
321 2645 429 2703 lectum
450 2643 584 2704 monachi
605 2645 741 2718 accessit,
770 2645 897 2702 excitans
924 2660 991 2702 eum
1021 2650 1050 2703 et
1078 2643 1204 2709 dicens:

157 2731 258 2809 Surge,
278 2732 421 2791 Dominus
442 2730 505 2789 vult
525 2745 705 2790 remunerare
726 2729 839 2790 labores
861 2736 926 2790 tuos
946 2747 1076 2808 magnos.
1108 2731 1205 2794 Vade

158 2818 197 2878 ad
218 2836 361 2878 cameram
381 2819 538 2893 privatam,
566 2823 595 2876 et
620 2819 650 2874 in
677 2816 728 2875 tali
756 2817 837 2876 trabe
864 2833 940 2876 zona
959 2823 1011 2876 tua
1031 2819 1205 2893 suspendas

156 2913 195 2980 te,
216 2912 249 2966 ut
269 2908 309 2965 sic
330 2911 486 2980 martyrem
506 2905 625 2979 recipiat
645 2909 683 2961 te.
725 2901 834 2962 Audito
856 2903 913 2964 hoe
933 2904 1206 2970 verbomonachus

158 2995 281 3068 expavit,
303 2999 332 3052 et
353 2998 453 3050 contra
475 2988 620 3050 diabolum
643 2990 767 3048 crebrius
788 3007 904 3065 spuens,
926 2989 1073 3050 clamavit:
1095 2991 1205 3054 Rece-

158 3080 202 3154 de,
222 3082 327 3154 inique,
348 3095 368 3138 a
388 3095 444 3152 me,
464 3077 582 3152 reecde3
604 3075 691 3135 modo
712 3076 781 3134 novi
802 3077 865 3151 quis
887 3077 934 3135 sis.
965 3077 1004 3135 Et
1024 3080 1143 3154 signans
1156 3099 1205 3158 se,

155 3167 265 3243 tigerit
285 3165 374 3224 illum.
417 3163 508 3224 Vides
530 3170 638 3238 quanta
659 3165 696 3222 sit
724 3165 799 3221 circa
827 3179 880 3222 nos
907 3162 1058 3224 clementia
1087 3165 1203 3228 divina.

156 3253 236 3314 Bene
257 3253 385 3329 permisit
405 3259 438 3310 ut
459 3268 574 3310 servum
596 3267 681 3309 suum
702 3247 832 3308 diabolus
853 3251 884 3307 in
905 3250 998 3324 bono,
1025 3251 1093 3310 licet
1120 3254 1204 3314 insi-

155 3339 243 3416 diose,
264 3338 403 3398 subtiliori
423 3339 618 3414 propositione
641 3338 822 3411 exercitarct3
844 3335 935 3396 noluit
955 3343 1204 3416 tamenntgros.

172 3493 203 3564 ¹)
221 3487 428 3614 ddldodlnpddt}
452 3518 487 3626 ξ)
506 3487 685 3609 {Judrzndidd
706 3487 750 3596 -2-8.
766 3517 801 3624 ὦ
816 3487 1104 3625 BPPIdredoddnadturn.
1122 3492 1220 3618 Qud.

221 3631 247 3684 Ι.
272 3627 420 3698 Engclbcrt.
439 3627 474 3691 li,
497 3628 521 3679 1.
544 3626 611 3694 apud
635 3626 766 3678 Bochurer.
789 3627 815 3677 iu
837 3626 909 3679 Font.
933 3628 990 3681 lter.
1014 3630 1097 3682 Germ.
1116 3631 1148 3684 ll.
1172 3652 1203 3704 p.

221 3699 287 3754 307:
307 3707 399 3766 „atque
417 3695 476 3748 iude
494 3697 582 3748 coniici
600 3704 694 3763 potest,
711 3695 759 3748 hoc
777 3696 935 3766 sacrilegium
953 3702 1203 3770 nontnmprirnum,

221 3783 278 3820 cum
295 3769 437 3835 Episcopus
453 3768 551 3818 occisus
569 3775 617 3829 est,
635 3766 712 3818 fuisse
729 3775 893 3833 conceptum,
920 3767 964 3819 sed
983 3767 1026 3822 diu
1043 3781 1202 3839 praetra-

210 3840 339 3893 etatum!
376 3837 418 3890 Sic
434 3837 501 3888 enirn
518 3834 651 3905 legendum
669 3851 716 3903 pro
733 3844 984 3903 pertractatum.
