2628 4310
357 200 413 266 DE
431 200 618 291 l'RAElssO
638 198 904 289 MORTUORUll
933 191 939 202 ’
1083 199 1146 262 mu

106 341 176 386 mus
195 329 266 408 erat
292 323 462 400 perdidisset
482 323 658 401 palefredum
671 319 705 404 ¹),
732 340 848 384 servum
868 339 954 382 suum
974 317 1014 382 ed
1035 317 1149 382 diversa

110 411 180 479 lues
196 413 272 474 misit
292 409 331 472 ed
350 411 581 488 investigandum
601 411 690 470 illum.
741 409 795 470 Oui
820 409 907 469 homo
928 425 1017 470 senex
1044 424 1149 468 occur·
1248 424 1253 435 ‘

110 515 184 574 rens,
206 500 260 560 eit:
283 497 348 574 Quo
370 498 461 574 vadis,
482 504 533 557 aut
550 497 619 574 quid
641 496 776 572 quaeris?
818 495 941 556 Dicente
962 495 1020 570 illo,
1041 511 1148 571 equum

110 585 219 648 domini
239 587 296 644 mei
317 601 440 661 quae103
470 586 616 644 subiunxit
637 585 739 644 bomo:
768 583 831 660 Ego
854 585 924 642 novi
943 583 994 642 ubi
1022 583 1067 642 sit
1109 580 1149 640 Et

109 672 162 736 ubi
182 670 247 732 esti
268 673 368 746 inquit.
411 670 585 747 Respondit:
606 671 641 732 In
663 677 759 730 monte
775 669 890 746 Gyber3
911 670 951 728 ibi
972 685 1038 728 eum
1059 667 1149 728 hebet

110 758 243 822 dominus
264 775 347 820 meus
360 758 425 818 Rex
441 757 591 818 Arcturus.
622 756 705 818 Idem
725 773 809 818 mons
822 757 952 816 flammas
967 757 1074 816 evomit
1090 757 1148 816 sic-

109 852 143 906 nt
164 845 323 906 Vulcanus.
365 843 610 920 Stupentescrvo
633 844 672 906 ad
696 845 784 906 verba
805 843 888 918 illius,
910 843 1070 902 subiunxit:
1091 841 1149 904 Die

111 932 226 995 domiuo
248 939 298 992 tuo
311 937 344 992 nt
364 931 401 992 ad
424 931 485 992 dies
507 930 724 1007 quatuordeeim
745 928 839 1010 illuc2)
862 931 960 990 veniat
980 928 1018 988 ad
1041 931 1149 990 curiam

110 1021 172 1082 eires
193 1018 369 1080 sollemnem.
413 1017 498 1095 Quod
519 1021 544 1078 si
565 1021 592 1078 ci
613 1014 736 1097 dicere⁸)
759 1019 896 1092 omiseris,
917 1018 1042 1093 graviter
1062 1017 1149 1092 puni·

110 1108 175 1168 eris.
216 1105 361 1166 Reversus
390 1121 505 1180 servus,
535 1122 610 1182 quae
639 1104 749 1164 audivit
776 1103 891 1165 domino
920 1120 973 1162 suo
1002 1104 1149 1178 exposuit,

110 1209 177 1256 oum
204 1195 306 1253 b'more
334 1197 439 1252 tamen
482 1193 619 1254 Decanm
641 1191 687 1252 ad
711 1194 819 1251 curiam
840 1190 955 1250 Arcturi
982 1205 1014 1250 se
1041 1190 1149 1250 invita·

109 1285 172 1342 tum
191 1279 312 1340 audiens
334 1284 363 1338 et
383 1279 514 1356 irridens,
541 1279 700 1340 infirmatus
722 1277 915 1354 die·praefiro
938 1283 1068 1336 mortuus
1096 1282 1149 1336 est.

86 1408 88 1412 .
109 1366 193 1426 Haec
209 1365 406 1427 Godescalcus
425 1369 579 1446 canonicus
593 1367 754 1425 Bonnensis
775 1367 858 1424 nobis
872 1363 976 1437 retulit,
997 1363 1095 1423 diceus
1116 1379 1149 1424 se

109 1453 213 1514 eodem
242 1459 372 1529 tempore
399 1452 506 1513 ibidem
534 1453 631 1512 luisse.
679 1451 883 1532 leOVIOIUS:
910 1450 1055 1510 Mirabilia
1082 1455 1151 1508 sunt

109 1557 185 1616 quae
213 1542 325 1599 recitas.
377 1537 614 1599 MONAOHUS:
643 1537 749 1616 Aliqua
778 1541 831 1599 tibi
858 1537 953 1599 adhuc
982 1536 1019 1598 de
1047 1535 1149 1597 eodem

109 1633 207 1688 monte
229 1625 355 1688 dicturus
377 1643 451 1686 sum.

461 1764 694 1876 CAPITULUM
714 1815 802 1875 XIII.

185 1940 233 1999 De
252 1955 351 2016 puero
371 1938 527 2013 Beutolplvi
547 1939 641 1998 Ducis
663 1936 817 2012 casaqsae
837 1939 890 2014 qui
910 1937 1015 1996 misam
1037 1943 1080 1996 mc

517 2029 549 2086 ia
576 2025 753 2084 Vulcanum.

175 2145 258 2209 Circa
285 2145 342 2207 hoc
369 2145 520 2206 triennium
549 2145 679 2204 homines
708 2144 825 2220 quidam
854 2143 1035 2204 ambulantes
1067 2146 1147 2224 inrue

111 2233 235 2294 eundern
256 2240 383 2293 montem
397 2231 504 2310 Gyber,
526 2249 629 2292 vocem
649 2231 776 2291 validam
797 2233 826 2290 in
847 2229 920 2292 haec
934 2233 1024 2291 verba
1045 2231 1147 2292 audie-

108 2327 189 2380 runt:
210 2321 356 2396 Praeparat
377 2320 481 2380 iocum.
523 2318 640 2379 Modico
661 2320 737 2379 lacto
759 2317 918 2394 intervallo,
939 2316 1015 2377 idern
1036 2319 1147 2380 clame-

108 2415 170 2468 tum
191 2414 244 2467 est.
288 2407 418 2484 Cumque
434 2409 516 2466 tertio
539 2401 711 2484 clamaret⁴),
732 2423 873 2481 praepara
885 2406 980 2465 locum
994 2422 1147 2482 magnum3

106 2494 254 2572 respondit
265 2497 362 2554 nescio
375 2497 451 2571 quis:
477 2493 529 2552 Cui
541 2492 740 2572 praeparabo?
779 2492 817 2551 Et
838 2492 899 2552 ille:
922 2492 1052 2552 Dilectus
1074 2495 1148 2551 ami-

107 2600 159 2642 cus
187 2588 285 2643 noster
312 2583 359 2642 hic
389 2583 468 2641 venit
493 2581 564 2639 Dux
594 2579 756 2656 Ceringiae‚
793 2581 843 2655 qui
873 2578 1027 2656 plurimum
1062 2580 1146 2640 nobis

106 2671 237 2729 servivit.
276 2668 323 2728 Illi
344 2675 476 2728 notantes
494 2668 568 2727 diem
583 2672 611 2726 et
631 2667 741 2743 horam,
760 2684 814 2743 per
835 2665 943 2726 litteras
965 2664 1064 2726 audita
1084 2665 1146 2726 Re·

105 2758 136 2834 gi
156 2756 308 2815 Frederico
331 2756 548 2829 mandaverunt,
568 2757 777 2831 interrogantes
791 2755 815 2812 si
836 2752 939 2828 aliquis
956 2753 986 2812 in
1008 2755 1069 2814 eius
1089 2755 1146 2812 irn-

105 2843 186 2920 perio
207 2851 337 2902 mortnus
358 2841 539 2902 luissctan
561 2840 717 2918 Ceringiae.
760 2837 800 2898 Et
821 2845 999 2920 compertum
1021 2846 1072 2914 est,
1095 2843 1147 2901 ee·

107 2931 175 2991 dem
197 2926 242 2989 die
265 2937 294 2990 ct
314 2929 386 2988 hora
405 2929 594 3004 Bertolphum
615 2927 728 2990 Ducem
751 2925 900 3004 Oeringiae
928 2928 1015 2986 fuisse
1044 2925 1147 2986 delun-

107 3021 196 3078 ctum.
238 3015 309 3074 Erat
330 3022 427 3075 autern
448 3014 524 3074 idern
546 3014 614 3073 Dux
635 3019 773 3090 tyrannus
793 3016 943 3088 immanis,
972 3019 1033 3072 tam
1061 3014 1147 3072 nobi·

104 3103 176 3162 lium
191 3119 279 3179 quam
292 3102 459 3178 ignobilium
474 3101 691 3176 exherediteton
714 3107 742 3159 et
756 3097 823 3164 fidei
839 3093 997 3159 catholicae
1012 3099 1147 3160 desertor.

107 3190 164 3266 Qui
179 3207 244 3249 cum
255 3206 316 3248 non
329 3189 450 3248 baberet
463 3189 582 3264 prolem,
596 3191 747 3264 instigante
759 3189 828 3246 vitio
843 3187 980 3246 avaritiae
994 3186 1145 3263 plurimam

106 3283 333 3353 congregaverat
347 3279 507 3353 pecuniam.
541 3275 614 3335 Cum
635 3282 732 3335 autern
753 3276 906 3332 moriturus
929 3279 1012 3354 esset,
1034 3277 1147 3350 rogavit

106 3365 163 3424 sibi
182 3363 336 3422 familiares
352 3369 385 3422 ut
407 3379 506 3422 omnes
528 3379 595 3420 suos
617 3361 766 3421 thesauros
782 3359 944 3420 'conderent
960 3362 989 3419 in
1010 3377 1146 3420 messam.

105 3451 272 3526 Requisitus
294 3449 330 3508 de
350 3449 416 3524 hoe,
436 3449 598 3529 respoudit:
619 3449 683 3525 Ego
705 3449 774 3506 novi
796 3445 873 3524 quod
895 3449 1011 3524 cognati
1030 3448 1088 3506 mei
1110 3446 1145 3508 de

105 3541 198 3596 morte
213 3553 278 3597 mee
299 3535 466 3618 gaudentes,
488 3537 544 3596 sibi
565 3535 692 3594 divident
706 3535 855 3594 thesauros
868 3535 958 3594 meos.
996 3533 1026 3593 Si
1048 3539 1145 3593 autem

125 3671 1144 3774 1)coprianum-2)arture-emssruresreeaoorer

176 3773 294 3828 dicere.
314 3805 345 3817 ·-
365 3776 397 3844 t)
415 3772 478 3827 uolt
496 3774 701 3826 clamaretur.
