2654 4308
168 237 253 300 140.
476 233 705 300 Dieumcno
728 234 894 298 OCTAVA

165 361 313 436 episcopo.
354 357 408 420 Oui
428 375 495 420 cum
518 365 586 438 post
611 365 734 419 mortem
758 358 841 420 multi
862 357 1058 435 detraherent,
1076 357 1205 422 dicentes

166 463 234 508 enm
261 443 447 508 ecclesimnm
471 446 558 506 trisse
587 445 844 508 demembratorem
855 443 888 526 ¹),
910 453 940 506 et
960 447 1068 509 uirium
1086 463 1205 506 suorrnn

52 585 56 594 .
166 538 391 608 excaecatorem,
411 533 553 596 Dominus
563 532 645 593 Deus
658 535 689 592 in
702 531 888 594 uensmtione
899 533 985 609 illius,
998 539 1125 609 quanme
1134 549 1204 593 sen·

165 620 271 680 rtitetis
287 625 372 694 esset,
391 621 481 697 signis
500 619 629 696 plurimis
650 620 784 681 ostendit
824 619 1028 682 novionis:
1049 618 1205 681 Probabile

165 711 214 766 est
238 704 317 782 qnod
344 705 430 783 diois;
457 705 511 767 sed
536 706 615 766 uliud
636 713 681 767 est
701 706 779 783 quod
799 712 975 768 memoret
1016 705 1111 784 Scope
1133 723 1205 767 con·

164 794 249 869 tingit
279 798 313 852 ut
330 809 385 876 pro
406 791 531 868 reloquiis
552 799 716 854 sanctourm
736 793 811 854 eliae
832 811 877 854 res
897 793 1073 870 hebetentur,
1101 799 1132 854 et
1150 809 1204 870 pro

164 881 240 940 reris
267 879 341 940 isdse
367 885 546 949 renuentum.
587 879 730 940 Videntur
753 881 806 940 tibi
832 879 997 942 huiusmodi
1021 885 1206 942 veneratores

164 981 285 1044 peccem
306 983 345 1026 en
364 964 488 1027 mereri?
509 964 746 1027 MONAGHUS:
766 966 837 1027 Meo
862 967 967 1027 iudicio
993 961 1155 1044 igrrouentin'
1174 968 1206 1026 in

163 1053 271 1114 talibus
291 1059 411 1114 excusat
429 1051 560 1130 enlpnm3
584 1055 677 1130 pistos
697 1057 822 1114 meretur
842 1055 974 1130 pretium
1015 1051 1082 1114 Hoc
1102 1069 1206 1116 rcrnrn

165 1156 230 1202 cese
258 1146 367 1201 certum
395 1145 454 1215 est,
480 1141 551 1217 queis
578 1140 751 1216 quaudoque
772 1139 915 1200 Dominus
942 1140 1107 1217 perfalsus
1136 1139 1206 1201 reli·

163 1229 248 1303 quies
275 1222 314 1286 cd
340 1225 480 1287 honorem
506 1232 671 1288 sanctorum
699 1227 806 1303 quibus
832 1228 1027 1303 mortbunnu,
1060 1233 1090 1288 et
1116 1223 1205 1309 ὥθ’)

163 1313 370 1376 honorantibus
390 1310 486 1394 tlss‘)
506 1313 647 1375 miraculo
667 1319 811 1390 operetur.
851 1313 943 1375 Verbi
963 1309 1094 1394 grew).

457 1585 459 1592 ,
509 1509 742 1584 GAPl'l'ULUM
760 1519 860 1582 Lxx.

185 1644 235 1704 De
253 1643 342 1722 frcrto
360 1661 416 1720 per
437 1643 519 1720 quod
538 1644 636 1704 multa
654 1642 766 1721 fiebant
786 1644 944 1718 miraculo,
965 1659 1034 1704 cum
1055 1644 1185 1705 eimden

368 1733 510 1809 mamyrie
533 1748 592 1790 eece
610 1737 772 1807 putaretur
793 1735 821 1790 ot
841 1747 904 1791 con
925 1737 1004 1790 esset

228 1867 313 1932 Miles
356 1867 473 1947 quidem
509 1868 687 1948 praedictum
723 1875 878 1948 martyrem
912 1869 1030 1931 beatum
1062 1867 1207 1930 Thomern

165 1953 400 2018 Gantunrleneem
418 1955 614 2018 ardentissime
631 1955 760 2034 diligens,
781 1959 806 2019 si
826 1955 934 2033 aliquid
956 1955 992 2016 de
1012 1953 1087 2015 illins
1106 1963 1208 2032 posset

164 2041 271 2104 hebere
284 2043 410 2120 reliquiis
428 2046 649 2120 circumquaque
670 2045 862 2120 investigavit
903 2042 969 2103 Hoc
991 2060 1057 2103 cum
1077 2041 1208 2103 eudisset

164 2129 283 2206 quddam
305 2129 421 2192 dolosus
442 2129 606 2191 secerdos
597 2147 628 2188 m
650 2132 731 2190 cuim
754 2130 840 2191 domo
860 2128 1067 2207 hospitabatur,
1088 2130 1131 2189 nit
1149 2127 1205 2188 illi·

164 2216 228 2294 Ego
241 2217 420 2293 frenumque
433 2215 483 2277 diu
495 2234 566 2278 usus
587 2225 631 2277 eet
651 2218 755 2278 boetus
776 2217 904 2278 Thomas
924 2231 1014 2294 penes
1033 2232 1082 2276 me
1101 2215 1208 2292 beben,

163 2309 195 2364 et
213 2320 301 2381 seepe
321 2305 442 2364 virtutes
463 2305 524 2364 cius
545 2308 679 2380 expertus
700 2320 774 2364 sum.
817 2302 904 2380 Quod
924 2303 1006 2362 miles
1026 2301 1155 2378 audiens,
1177 2309 1208 2363 et

156 2392 206 2450 ite
226 2407 290 2451 csse
309 2397 423 2467 putens,
443 2389 585 2451 secerdoti
604 2392 758 2468 peormiem
778 2389 953 2468 postulatum
973 2389 1066 2456 lectus
1088 2388 1206 2465 obtulit,

158 2482 195 2537 *et
214 2475 325 2538 flentum
345 2493 411 2536 cum
431 2477 523 2537 multe
545 2477 697 2543 devotione
717 2480 835 2554 recepit.
875 2475 957 2536 Deus
977 2493 1046 2538 vcro
1068 2479 1114 2536 eui
1133 2475 1207 2536 nibil

163 2568 209 2624 est
228 2562 417 2640 inpossibile,
436 2563 528 2624 ‘fidem
549 2564 645 2624 militis
665 2579 845 2630 remunerere
866 2563 981 2637 volens,
1008 2561 1048 2623 cd
1067 2561 1205 2624 bonorem

162 2651 209 2710 eui
237 2652 374 2728 martyris
396 2650 488 2711 multe
514 2667 565 2727 per
585 2649 663 2712 idem
682 2651 793 2711 flentur
813 2651 908 2710 iecere
930 2649 1064 2728 dignetm
1083 2653 1129 2711 est
1147 2651 1205 2710 mi-

162 2735 270 2798 roonis,
312 2736 398 2815 Quod
410 2737 494 2797 miles
510 2737 701 2813 considerans,
721 2739 751 2796 in
771 2737 880 2796 honore
900 2739 1033 2816 martyris
1053 2736 1205 2798 ecclesiam

163 2822 305 2900 condidit,
336 2824 402 2884 loco
434 2823 618 2900 reliquiarum
644 2823 756 2884 lreuum
782 2823 940 2884 seeudotts
966 2825 1084 2901 pessimi
1109 2826 1140 2882 in
1169 2841 1205 2886 ee

162 2909 313 2988 reponens.
356 2909 414 2970 Hic
440 2912 479 2970 sit
504 2910 569 2970 finis
594 2909 632 2973 de
653 2911 813 2970 visionibus
833 2916 1005 2988 martynum,
1032 2912 1100 2988 qudo
1120 2925 1204 2971 oom-

162 2998 279 3076 pondio,
294 2999 337 3060 uti
362 2997 476 3074 voleus,
503 2995 543 3057 ed
570 2996 699 3058 ordinem
717 2997 823 3060 imbuo
844 2997 1045 3059 confessorum.
1085 2995 1203 3060 NOVI·

163 3083 268 3146 CIUS:
292 3083 346 3162 Qui
367 3085 424 3144 sint
445 3083 648 3162 confessores,¹
664 3089 695 3146 et
714 3100 805 3162 querc
825 3085 868 3146 sio
890 3083 974 3162 dicti,
993 3081 1063 3146 milri
1083 3084 1203 3162 edicito3

161 3176 264 3249 postte
282 3172 409 3232 visiones
427 3171 594 3248 subiungas.

458 3389 895 3451 -QffO-ss

180 3737 692 3880 1)ΒΡὸἰῖὅιιὲξ;ἓέοιιιιω-2)
709 3738 755 3795 BG
776 3738 935 3796 tidsn.·-
904 3741 989 3812 ⁸³)
1004 3737 1097 3798 nect
1112 3739 1200 3798 lllot.
