2642 4330
59 295 67 308 „
154 264 215 324 ars
476 257 703 320 ursrmcmo
721 257 872 336 qemun

470 413 702 476 CAPITULUM
725 413 876 474 XXXIV.

195 539 242 599 De
264 537 421 596 licicmcne
441 539 540 610 milita
563 555 630 596 cum
656 555 715 614 quo
738 536 873 596 diabolus
893 542 979 594 nocta
1000 533 1154 594 tesseribos

425 625 537 698 tudens,
568 630 681 684 viscera
702 627 764 684 cius
786 627 918 682 cauom.
985 698 990 714 1

220 763 254 821 In
275 761 410 837 Susacia,
438 779 514 837 quae
536 763 637 822 civitas
659 768 703 821 cst
722 761 871 822 Dioaccsis
893 760 1086 835 Coloniensis,
1109 759 1194 820 milas

156 849 272 926 quidam
293 849 413 908 Thicmo
434 851 549 908 nominc
570 849 735 924 habitabat,
764 852 812 925 qui
830 851 876 908 'sic
896 855 974 908 totus
997 847 1108 908 cadius
1130 853 1193 906 crat

156 935 224 996 ludo
236 943 384 1010 tessaram,
396 942 429 994 ut
442 954 500 995 nou
515 935 643 1011 dia-non
657 944 742 995 nocto
757 939 924 1012 quiesceret
952 935 1072 1010 Semper
1086 951 1192 994 saccu-

155 1024 215 1084 lum
236 1041 303 1083 cum
322 1025 447 1082 nummis
467 1040 565 1082 secum
586 1024 720 1098 portabat
735 1019 768 1102 ¹),
796 1030 829 1081 ut
850 1040 949 1082 sacum
968 1021 1067 1081 ludere
1088 1021 1192 1081 volan·

154 1109 231 1169 tdrus
252 1111 390 1170 obviaret
432 1109 478 1168 Ita
498 1112 527 1167 in
548 1108 623 1168 ludis
645 1109 794 1185 expeditus
822 1115 851 1168 et
871 1109 1032 1168 fortunatus
1053 1115 1128 1183 erat,
1159 1115 1192 1166 ut

155 1199 204 1256 vix
225 1197 327 1272 aliquis
349 1198 386 1256 ab
415 1197 463 1254 illo
485 1198 545 1255 sine
568 1195 673 1256 damno
695 1195 848 1255 recederet
891 1195 931 1256 Ut
952 1201 1048 1255 autem
1069 1196 1191 1271 posteris

155 1283 358 1358 ostenderetur,
380 1290 520 1359 quantum
531 1282 597 1342 Deo
609 1283 682 1342 tales
702 1283 770 1357 ludi,
795 1285 823 1341 ln
837 1284 940 1358 quibus
953 1285 1022 1358 irae,
1045 1279 1198 1366 invidia²),

155 1374 232 1430 rixae
254 1377 283 1430 et
304 1369 410 1429 damna
430 1372 617 1444 suscitantur,
645 1373 814 1446 peccatique
834 1370 925 1429 verba
945 1376 1089 1444 rotantur,
1118 1385 1190 1429 con-

155 1461 232 1517 trarii
252 1458 358 1530 forent,
386 1459 556 1533 permissum
578 1464 623 1516 est
644 1456 775 1531 diabolo,
804 1464 836 1515 ut
857 1475 923 1515 cum
944 1474 979 1516 co
1001 1456 1112 1515 luderet
1140 1458 1190 1532 qui

155 1544 251 1604 multis
279 1543 421 1618 illuserat,
449 1551 537 1620 atquc
559 1545 732 1602 evisceraret
759 1547 808 1619 qui
836 1543 990 1604 multorum
1010 1539 1189 1621 marsubia³l

155 1636 355 1704 cyacuaverat.
396 1631 487 1690 Nocte
505 1631 630 1706 quadam
652 1631 769 1690 domum
792 1633 901 1690 simin
923 1631 1019 1706 specie
1042 1630 1190 1690 crriusdam

153 1717 251 1777 ludere
279 1716 400 1777 volentis
427 1720 550 1786 intrans,
582 1717 793 1793 saccellumque
822 1719 945 1776 nummis
973 1717 1106 1777 refertum
1133 1717 1189 1777 sub

154 1803 260 1864 ascella
275 1811 401 1880 portans,
423 1804 461 1864 ad
481 1804 611 1864 tabulam
629 1805 711 1877 sedit,
733 1805 863 1865 denarios
878 1803 1032 1864 liberaliter
1048 1805 1190 1880 apposuit,

154 1899 275 1951 tesseres
295 1893 421 1964 iactavit,
446 1897 474 1950 et
494 1894 653 1967 acquisivit.
697 1891 750 1950 Cui
772 1909 838 1952 cum
857 1903 994 1967 prospere
1015 1890 1190 1966 succederet,

154 1983 183 2036 et
209 1978 291 2037 militi
317 1981 375 2037 iam
403 1981 525 2053 pecunia
554 1995 640 2054 quam
669 1986 827 2053 apponeret
848 1978 997 2052 defuisset,
1025 1980 1113 2038 iratus
1134 1979 1189 2038 alt:

153 2063 375 2140 Numquidnam
395 2064 525 2124 diabolus
547 2082 578 2124 cs
598 2063 653 2123 tu?
685 2065 724 2123 Et
744 2064 805 2124 ille:
826 2065 911 2124 Nunc
925 2067 994 2124 satis
1008 2071 1060 2139 cst,
1081 2081 1189 2142 appro-

151 2154 270 2226 pinquat
292 2153 366 2211 e11im
387 2159 500 2227 tempus
521 2151 695 2225 matutinale,
715 2158 830 2227 oportet
848 2167 902 2210 nos
923 2154 972 2209 ire.
1015 2151 1189 2227 Tollensque

151 2237 246 2313 illum,
267 2255 320 2313 per
338 2245 446 2298 tectim
468 2241 566 2312 traxit,
589 2240 669 2302 cuius
690 2241 802 2296 viscera
822 2238 925 2314 tegulis
950 2233 1188 2318 ronahennbust)

152 2325 349 2397 miserabiliter
370 2327 502 2384 excussit
544 2325 582 2383 Et
609 2324 677 2401 quid
704 2325 741 2384 de
770 2327 831 2384 cius
860 2341 978 2400 corpore
1006 2325 1114 2384 iactum
1138 2326 1189 2400 sit,

152 2410 199 2471 vel
219 2415 248 2469 in
270 2428 356 2486 quem
377 2412 472 2471 locum
492 2411 563 2470 illud
584 2414 747 2487 proiecerit,
775 2429 867 2488 usque
888 2411 973 2471 hodia
1002 2419 1061 2470 mm
1090 2411 1188 2471 atilio

152 2500 213 2558 cius
226 2494 246 2578 ⁵)
269 2515 355 2573 quam
377 2517 395 2558 a
423 2501 523 2558 ceteris
551 2501 599 2574 qui
619 2499 700 2557 illum
721 2506 875 2572 noverant,
903 2501 1057 2575 ignoratur.
1099 2495 1188 2558 Mane

151 2601 219 2644 vero
242 2587 382 2643 viscerum
405 2587 465 2644 cius
486 2584 622 2660 reliquiae
643 2584 747 2661 tegulis
761 2585 941 2645 inhaerentes
962 2575 1097 2661 repertae*
1113 2592 1189 2660 sunt,

150 2673 233 2731 etin
263 2674 399 2732 cimiterio
428 2671 566 2747 sepultae.
614 2673 695 2732 Bene
725 2671 855 2732 diabolus
883 2690 953 2732 suos
982 2675 1125 2732 ministros
1156 2673 1188 2729 in

149 2758 204 2818 hoc
225 2759 332 2819 mundo
355 2762 421 2818 sinit
441 2760 611 2835 prosperari,
633 2775 706 2834 quos
728 2775 841 2837 semper
861 2761 891 2818 in
912 2760 969 2819 fine
991 2759 1104 2836 decipit

473 2947 707 3010 CAPITULUM
727 2949 862 3010 XXXV.

168 3071 216 3130 Dc
237 3071 361 3144 amaa,
384 3075 436 3146 qut
456 3076 489 3132 in
510 3071 636 3218 Sucgcio
657 3069 740 3152 spei)
763 3071 873 3132 &oboli
894 3073 930 3132 dc
953 3077 1031 3136 tunt
1051 3075 1164 3137 saltatu

579 3161 696 3233 crupta
726 3166 775 3217 cot.

210 3279 245 3340 In
267 3273 387 3340 eandem
410 3281 570 3354 civitatem,
598 3282 672 3338 sicut
693 3279 762 3336 mihi
783 3280 879 3338 retulit
899 3282 1035 3358 magister
1057 3279 1186 3344 Gouma-

146 3384 202 3442 ms,
223 3369 267 3426 vir
288 3366 437 3442 religiosus
459 3373 488 3425 et
509 3368 601 3426 sancti
622 3366 746 3425 Patrocli
768 3370 937 3443 canomcus,
958 3367 1045 3428 homo
1069 3367 1186 3444 quidam

144 3456 259 3530 ignotus
280 3455 374 3528 venit,
403 3452 500 3511 diceus
523 3469 554 3512 se
575 3453 650 3512 velle
672 3453 776 3512 saltare
800 3453 835 3512 dc
857 3457 926 3512 tuni
948 3459 1040 3515 sancti
1060 3453 1187 3532 Juliani,

145 3557 219 3616 quae
240 3539 362 3600 multum
384 3547 427 3600 cst
449 3540 594 3615 sublimis,
619 3542 644 3599 si
664 3546 762 3603 umen
783 3539 891 3616 aliquid
914 3558 950 3600 ex
971 3542 1027 3602 hoc
1049 3547 1186 3621 consequi

161 3671 192 3741 1)
211 3669 251 3724 BC
269 3671 405 3724 larebat.
419 3673 497 3742 -2)
516 3673 535 3726 Ο
553 3671 712 3725 invidiae.
728 3704 758 3713 -
772 3673 804 3742 ³)
823 3673 864 3728 BC
881 3677 1055 3742 marsupia.
1070 3705 1100 3717 -
1120 3676 1184 3744 QG

211 3741 473 3794 extrahentibus.
486 3743 561 3812 -5)
574 3746 645 3794 eius
658 3758 698 3793 om
711 3741 759 3798 ΒΟ.
774 3773 805 3782 -
819 3743 947 3812 6)llomil.
960 3743 979 3796 l.
991 3761 1017 3812 p.
1029 3746 1077 3797 76:
1091 3759 1183 3812 „praa-

211 3818 309 3862 sentem
320 3811 459 3864 llomsliam
469 3811 502 3864 de
512 3815 614 3866 nominc
626 3813 710 3878 Verbi,
727 3829 773 3880 spe
786 3813 863 3866 Verbi
877 3811 1033 3868 tractandam
1049 3817 1171 3886 suscepi.“
