2664 4308
423 301 425 313 ,
467 213 522 310 na
540 251 697 312 snucrn
718 251 862 312 manin.
1143 255 1180 312 cr

140 378 256 448 verunt,
277 369 387 432 nullum
408 378 476 433 tuae
498 373 675 450 diuinaque
696 391 778 434 meae
798 375 946 434 Nativitsti
967 373 1104 434 honorem
1128 375 1182 432 de-

139 461 275 520 serentes.
319 458 404 535 Quod
427 462 501 520 enim
531 459 632 520 eadem
662 460 707 522 die
735 463 861 521 futurum
882 461 1004 534 sciebat,
1044 464 1102 521 iam
1130 477 1182 536 pro

108 608 113 612 ,
141 548 219 609 lacto
242 547 404 622 reputabat.
446 546 530 608 Miles
552 547 588 608 de
609 550 719 608 visione
736 549 927 622 tremefactus,
949 565 1015 606 oum
1036 547 1185 626 Sybodoni

142 651 208 694 eam
229 636 393 709 recitasset,
415 638 444 693 et
464 633 511 693 ille
533 635 743 710 parvipendens
765 638 892 708 recitata,
913 637 1014 710 ipsum,
1029 637 1185 694 somniasse

142 721 265 796 diceret,
296 723 464 780 renitentem
492 726 525 779 ut
554 738 585 780 se
614 727 780 796 sequeretur
809 723 910 797 coegit.
952 721 1094 780 Dominus
1116 737 1185 780 vero

142 808 297 883 virtutum,
325 809 373 883 qui
396 807 432 866 de
455 806 580 867 Caldaea
601 807 720 866 adduxit
741 808 1005 883 Nabugodonozor,
1026 826 1077 884 per
1099 824 1186 890 quem

143 893 326 956 iudaeorum
354 894 518 970 superbiam
547 894 707 954 humiliavit
723 891 755 974 ¹),
783 895 1008 954 Walerammum
1031 897 1186 968 iuniorem,

144 997 306 1059 perquem
326 982 425 1040 matris
446 983 576 1040 iniuriam
585 978 606 1060 ²)
629 981 803 1056 vindicaret,
830 981 991 1040 advocavit.
1041 981 1116 1040 Nam
1140 980 1186 1039 die

146 1067 250 1128 eodem
279 1071 354 1128 circa
380 1083 488 1126 nonam
508 1069 654 1143 inopinate
683 1086 750 1127 cum
771 1069 887 1127 armatis
908 1067 1045 1127 militibus
1068 1066 1186 1127 (iussele

145 1155 271 1214 irrtravr't.
313 1155 348 1213 In
378 1153 493 1214 dimidio
523 1157 599 1214 enim
627 1172 702 1214 armo
731 1154 797 1214 illuc
824 1172 881 1214 non
904 1160 1031 1214 venerat.
1075 1154 1115 1212 Hi
1137 1155 1187 1229 qui

145 1243 226 1302 bona
254 1259 307 1301 sua
335 1240 530 1317 perdiderant,
558 1242 764 1318 querimoniam
793 1241 828 1300 de
850 1241 1008 1318 Sybodone
1034 1241 1187 1314 iacientes,

146 1347 215 1390 cum
236 1327 449 1388 Walerammus
479 1344 536 1404 quo
558 1329 642 1402 isset,
663 1328 711 1388 vel
731 1329 782 1388 ubi
804 1337 880 1388 esset
899 1331 1118 1404 interrogasset,
1138 1343 1187 1386 re-

146 1415 339 1492 sponderunt:
371 1415 495 1474 Domine
525 1415 562 1474 ad
584 1420 708 1490 quatuor
729 1415 908 1492 milliaria-in
930 1414 980 1473 tali
1000 1414 1065 1474 loco
1087 1429 1186 1474 secure

146 1505 269 1579 quiescit
280 1498 310 1581 ³).
353 1501 436 1560 Tunc
458 1501 505 1560 ille
526 1502 649 1561 furorem
671 1519 754 1560 suum
776 1500 972 1577 dissimulans,
1001 1504 1057 1560 ait:
1089 1500 1186 1560 Hodie

144 1591 252 1650 lesbum
281 1595 397 1648 sanctae
419 1587 529 1648 Mariae
558 1595 616 1664 est,
648 1588 756 1648 bellare
785 1590 867 1647 nobis
895 1587 1048 1648 nonlicet.
1091 1587 1186 1648 Jussit

145 1685 244 1736 tamen
277 1675 424 1734 dextrariis
453 1671 545 1753 dani)
579 1675 733 1750 pabulum,
765 1681 798 1732 nt
824 1674 969 1734 modicum
991 1677 1188 1750 quiescentes,

145 1766 277 1823 seriores
299 1762 337 1821 ad
359 1761 521 1822 conflictum
543 1761 739 1822 redderentur.
778 1762 855 1820 Ante
877 1762 944 1821 solis
963 1777 1099 1820 occasum
1120 1777 1186 1820 cum

146 1852 282 1911 omnibus
310 1851 385 1924 suis,
415 1851 495 1924 equis
524 1851 651 1908 ascensis
680 1850 801 1906 insecuti
822 1854 888 1906 suut
916 1848 1029 1922 hostes,
1051 1853 1080 1906 et
1100 1854 1185 1906 nocte

146 1953 235 2012 super
256 1952 372 1996 securos
392 1937 510 2009 irruem,
530 1935 602 1995 alios
625 1937 708 2010 cepit,
730 1933 801 1993 alios
823 1933 934 2008 occidit,
954 1936 1060 2008 vixque
1082 1933 1186 2008 aliquis

147 2026 256 2096 evasit,
290 2027 403 2097 praeter
437 2021 557 2081 militem
600 2024 649 2097 qui
679 2021 855 2097 praedictam
886 2021 999 2080 viderat
1037 2022 1186 2080 visionem

145 2111 204 2170 His
224 2113 265 2168 ita
285 2111 383 2184 gestis,
404 2108 519 2168 dicebat
539 2107 640 2166 mulier
662 2106 1033 2188 quaedamlWalerammo:
1053 2106 1186 2180 Domine,

146 2213 218 2257 ecce
239 2197 334 2271 capita
351 2195 528 2271 praedonum
543 2197 663 2255 istorum
678 2196 868 2270 quieseuntin
889 2194 940 2253 tali
960 2194 1034 2253 loco.
1075 2192 1186 2253 Reces-

146 2290 246 2345 serant
274 2283 350 2342 enim
378 2282 523 2341 modicum
551 2280 667 2340 a'villa
687 2283 717 2338 in
750 2284 851 2340 curtim
873 2279 1019 2356 quandam
1039 2279 1096 2339 illic
1117 2279 1187 2339 dor·
1226 2357 1234 2364 .

146 2373 278 2430 ndentes.
321 2368 392 2428 Mox
413 2366 499 2448 illie⁵)
522 2385 620 2428 omncs
635 2368 817 2442 divertentes,
838 2385 905 2427 curn
921 2384 1009 2444 sepes
1031 2372 1061 2426 et
1073 2373 1186 2442 portam

148 2459 238 2518 curtis
258 2455 429 2530 inciderent,
457 2457 627 2532 signumque
655 2453 776 2514 militare
808 2454 994 2514 Walerammi
1017 2454 1187 2527 clamarent,

148 2551 181 2604 ct
218 2543 274 2603 hoo
313 2545 489 2602 intimaretur
527 2541 691 2618 Sybodoni,
728 2540 777 2600 ille
817 2544 945 2617 territus,
986 2559 1051 2600 cum
1088 2541 1187 2617 lugere

147 2630 252 2705 vellet,
284 2646 400 2708 surgere
428 2646 486 2687 non
513 2631 618 2704 potuit,
649 2645 744 2704 neque
773 2627 876 2703 pedem
904 2645 1023 2692 movere
1050 2627 1187 2688 deloco.

148 2717 206 2777 Cui
235 2735 303 2776 cnm
335 2714 521 2776 Baldemerus
555 2713 675 2774 diceret:
705 2715 796 2792 Surge
824 2715 924 2790 irater,
949 2715 1106 2792 fugiamus;
1138 2730 1187 2772 rc-

148 2803 266 2880 spondit
293 2803 354 2863 ille:
385 2803 431 2861 Tu
452 2803 545 2878 fugias
565 2803 664 2876 irater,
694 2819 747 2878 ego
775 2804 851 2860 enim
872 2819 988 2878 surgere
1001 2818 1067 2860 non
1088 2799 1187 2874 valeo,

148 2893 220 2966 quia
241 2907 327 2966 super
342 2905 438 2966 genua
459 2905 525 2947 mee
542 2891 624 2964 quasi
637 2906 763 2947 massam
776 2887 886 2964 plumbi
906 2891 1007 2947 sentio.
1038 2887 1088 2946 Ad
1110 2887 1187 2962 quod

148 2979 214 3037 ille:
244 2977 306 3036 Nec
335 2993 388 3054 ego
418 2977 540 3052 fugiam,
569 2982 666 3034 tecum
686 2975 786 3034 volens
806 2992 931 3034 manere.
974 2975 1078 3049 Sisque
1100 2974 1186 3033 ambo

150 3066 232 3140 capti
251 3069 319 3122 sunt
340 3070 368 3122 et
389 3065 484 3134 occisi,
506 3062 649 3121 solventes
670 3079 793 3137 poenam
815 3061 955 3138 sacrilegii
975 3064 1004 3119 in
1018 3061 1074 3120 Dei
1096 3059 1187 3119 Geni-

149 3155 251 3211 tricem
281 3151 432 3210 commissi.
475 3147 678 3208 NOVlClUS:
708 3148 783 3208 Satis
810 3149 961 3208 manifesta
988 3148 1041 3206 luit
1061 3145 1188 3207 vindicta

149 3241 240 3311 haec,
270 3236 446 3298 concordans
474 3237 575 3294 visioni
597 3242 627 3294 et
646 3252 758 3311 poenae
779 3235 872 3296 iactae
892 3237 922 3293 in
943 3234 1129 3296 Wilhelmum
1151 3233 1187 3293 de

148 3324 340 3400 Helpinstein,
361 3326 436 3382 sicut
457 3321 564 3382 dictum
585 3329 629 3382 est
642 3323 771 3398 superius
794 3322 918 3398 capitulo
941 3323 1070 3398 septimo.
1109 3318 1209 3380 M0-·

149 3410 326 3474 NAOHUS:
352 3410 419 3470 Non
448 3409 542 3469 solum
570 3411 669 3468 matris
695 3410 827 3467 iniuriam
849 3408 977 3467 Christus
1005 3408 1132 3468 vindicat
1157 3410 1187 3466 in

148 3499 287 3577 operibus
308 3497 399 3572 malis,
420 3495 472 3556 sed
494 3499 579 3556 etiarn
591 3499 629 3554 iu
650 3497 746 3556 verbis
769 3495 988 3555 contumeliosis.

169 3685 202 3753 1)
220 3681 283 3751 Rog.
301 3682 343 3746 lV,
361 3682 402 3733 24.
421 3681 495 3748 -2)
513 3681 534 3732 l)
551 3682 663 3732 matris
682 3695 758 3732 suae
780 3681 934 3743 iniuriam,
951 3679 971 3732 0
988 3681 1095 3731 matris
1113 3693 1187 3730 sure

222 3753 487 3804 irreverentium.
507 3781 537 3790 -
556 3751 588 3816 3]
607 3750 627 3802 B
646 3751 752 3802 issent
771 3779 800 3790 -
821 3758 932 3801 essent
951 3779 981 3790 -
1003 3750 1185 3816 quiescunt.

224 3853 254 3862 -
275 3823 306 3889 3)
325 3821 365 3874 Bc
383 3821 468 3882 darc.
490 3851 518 3860 -
539 3823 571 3889 5)
590 3821 609 3872 B
626 3819 686 3871 illi.
