2594 4302
471 251 526 314 Da
549 251 777 317 MIRACULIS.
802 241 805 246 ¹
1016 299 1018 304 -
1081 255 1142 315 231

101 369 300 434 decoctionem
312 389 452 434 conversa
462 377 544 436 estin
554 375 662 436 fimum.
672 375 873 443 ,emanantes
882 393 951 436 vero
966 392 1065 453 panes,
1079 392 1145 437 cnm

100 461 274 536 reperissent
285 458 303 541 ¹)
324 461 446 521 lormam
460 479 518 521 non
531 465 730 538 substantiam,
752 465 889 538 extimuit,
912 470 941 523 et
954 464 1054 523 fimum
1075 463 1144 524 fimo

100 549 240 622 miscena*
254 553 367 632 tanmm
379 549 549 608 miraculum
572 549 665 610 celare
685 567 744 609 non
764 552 867 626 potuit
908 550 1114 610 Marcmannus
1122 548 1144 631 ²)

100 634 262 694 monachus
295 640 408 710 noster,
438 641 508 696 tnnc
538 639 675 712 temporis
708 636 886 711 cellerarius,
917 645 1028 712 partem
1060 640 1144 697 unius

100 723 184 797 panis
211 721 296 781 nobis
325 722 434 807 attulit,
463 740 549 798 quem
579 726 717 783 curiosius
739 723 968 799 considerantes,
996 724 1036 783 nil
1056 726 1086 783 in
1107 741 1143 785 eu

99 807 224 868 vidimus
245 809 301 867 nisi
313 807 413 868 timum
429 809 665 886 conglutinatum.
696 809 792 870 Valde
814 813 890 869 enim
903 810 1014 871 celebre
1035 811 1143 871 factum

100 900 146 956 cst
166 894 222 955 hoc
243 895 413 955 miraculum
434 902 563 973 tempore
586 897 697 958 endem.
740 897 835 972 Saepe
857 895 962 978 enim³)
984 896 1066 958 Deus
1086 897 1143 958 bo·

99 983 191 1042 mines
211 984 242 1041 in
264 999 300 1044 ea
320 999 352 1042 re
373 999 433 1059 qna
452 989 576 1062 peccant
595 987 686 1060 punit.
728 983 819 1044 Verbi
842 986 943 1061 gratia.

437 1172 671 1258 capuanum
691 1173 808 1236 xvru.

119 1297 169 1356 Da
191 1296 299 1356 Oitcns
320 1296 357 1356 dc
376 1273 565 1372 Scoraabcm
586 1300 638 1372 qai
657 1314 712 1371 par
734 1303 829 1356 totam
851 1297 1120 1375 Quadrapcsimam
1157 1257 1162 1262 ι

141 1401 247 1443 carroco
268 1383 408 1456 comedit,
430 1390 458 1443 ct
482 1390 553 1459 post
574 1384 695 1442 Pascha
723 1385 781 1444 illis
810 1387 887 1450 vesci
906 1401 970 1444 aaa
988 1388 1098 1460 potuit.

163 1521 274 1584 Nobilis
301 1524 345 1582 vir
368 1519 436 1582 Otto
466 1522 502 1582 de
523 1522 718 1599 Sconinbarg,
745 1529 827 1625 patre
856 1537 909 1581 sno
939 1524 1078 1582 existente
1105 1539 1141 1582 ex
1184 1574 1188 1583 ,

96 1608 147 1668 illa
173 1617 255 1685 parte
283 1607 370 1670 maris
399 1610 565 1669 inservitis
588 1608 720 1682 Domini,
749 1611 810 1685 ipse
837 1611 933 1686 inique
962 1611 1020 1686 egit
1042 1616 1142 1670 contra

95 1693 263 1799 Dominum,
285 1704 314 1756 et
334 1695 474 1756 adversus
489 1713 606 1755 servum
627 1698 688 1755 eins
709 1703 858 1772 parentem
879 1698 1033 1772 proprium.
1065 1695 1141 1756 Nam

96 1786 171 1843 sicut
205 1785 268 1859 ipso
310 1800 397 1844 cunr
411 1785 470 1842 suis
513 1783 666 1842 auxiliariis
684 1778 707 1861 )
740 1783 920 1857 condixerat,
954 1785 1031 1844 cives
1063 1771 1142 1885 opidi

95 1869 212 1947 quod
202 1888 262 1930 ram
291 1869 367 1929 dicto
390 1877 484 1930 castro
506 1870 622 1943 attinet,
655 1868 753 1929 dolose
776 1872 859 1945 quasi
880 1869 988 1945 aliquid
1011 1870 1140 1930 cumeis

94 1962 270 2017 tractaturus
299 1972 463 2017 convocans
476 1953 511 2036 ),
533 1973 636 2031 capere
659 1962 687 2014 et
709 1958 917 2016 exactionem
909 1974 939 2013 ιιι
968 1973 1017 2015 eos
1045 1957 1140 2016 facere

94 2044 285 2122 proponebat.
329 2042 386 2120 Qui
414 2060 480 2103 cnm
509 2044 680 2119 praemuniti
688 2039 709 2122 ⁶)
728 2039 885 2119 legissent,
913 2060 1018 2102 uxores
1040 2060 1140 2103 eorum
1174 2100 1179 2108 ,

97 2137 127 2192 et
158 2130 262 2191 liberos
291 2129 433 2206 spoliavit
476 2130 514 2190 Et
543 2131 611 2205 quia
639 2135 701 2188 tam
729 2132 825 2206 inique
854 2132 913 2206 egit
935 2136 1034 2190 contra
1055 2146 1139 2205 suos,

96 2217 240 2277 Dominus
261 2216 348 2294 plaga
361 2216 514 2277 insanabili
527 2215 608 2275 illum
621 2219 769 2292 percussit
800 2214 911 2276 Addita
932 2222 976 2276 est
998 2222 1027 2275 ct
1046 2232 1142 2302 poena

98 2304 244 2366 mirabilis.
286 2303 361 2363 Nam
378 2305 407 2362 in
429 2306 583 2381 praeterita
599 2302 829 2380 Quadragesima
850 2309 962 2363 tantum
983 2305 1142 2379 appetitum

99 2391 203 2453 habuit
224 2408 324 2452 carnes
346 2390 523 2466 comedendi,
545 2396 655 2450 utnon
677 2390 771 2449 solum
794 2392 834 2450 eis
856 2407 914 2449 non
935 2407 1032 2452 carere
1049 2390 1145 2466 vellet,

99 2480 158 2540 imo
182 2480 268 2539 etiam
291 2495 393 2539 cocum
415 2495 500 2538 suum
521 2476 560 2538 ad
575 2476 783 2538 comedendum
804 2476 867 2536 illas
889 2494 989 2536 secam
1010 2479 1040 2537 vi
1062 2494 1145 2538 com·

99 2565 228 2644 pelleret
251 2564 331 2642 Quas
347 2582 412 2624 cam
426 2566 599 2642 pertinacius
615 2565 818 2624 manducasset
833 2581 885 2640 per
900 2570 993 2624 totam
1009 2563 1144 2642 Quadra·

99 2655 256 2730 gesimam,
284 2659 460 2729 ventumque
488 2654 589 2712 luisset
614 2650 653 2710 ad
675 2657 787 2710 sexum
807 2651 907 2710 leriam
929 2658 995 2712 ante
1015 2650 1154 2727 Pascha,

101 2739 234 2799 dixerunt
256 2740 282 2797 ei
303 2739 434 2814 quidam·
461 2738 603 2813 Domine,
623 2738 710 2797 hodie
733 2737 793 2796 dies
816 2744 860 2797 cst
880 2734 1052 2798 Dominioae
1073 2756 1144 2814 pas·

100 2826 198 2900 sionis,
218 2823 279 2884 dies
294 2823 472 2885 Christianae
493 2826 662 2901 afflictionis,
683 2824 769 2884 hodie
792 2841 892 2884 carnes
907 2827 1022 2886 omnino
1045 2841 1145 2884 come·

102 2909 172 2970 dore
191 2927 250 3008 ιιοιιΙ
270 2910 346 2970 licet
389 2911 501 2987 Quibus
523 2911 684 2989 respondit.
705 2911 769 2990 Ego
792 2911 877 2971 hodie
900 2911 1049 2971 comedam
1071 2913 1146 2970 sicut

100 2979 249 3058 hactenus'
265 2995 384 3058 comedi.
420 2997 496 3057 Mira
516 3015 570 3058 res.
605 2998 669 3057 In
661 3014 724 3073 ipso
746 3001 924 3058 sanctissimo
947 2997 992 3057 die
1012 2997 1144 3059 Paschae

100 3083 217 3161 quando
247 3081 347 3144 carnes
368 3083 588 3160 benedicuntur,
621 3090 650 3144 et
670 3083 802 3144 fidelibus
821 3102 875 3161 per
884 3082 904 3166 ⁷)
927 3102 1040 3145 sacram
1061 3101 1144 3145 com·

99 3172 265 3232 munionem
281 3170 344 3231 illas
366 3170 515 3232 comedere
530 3171 728 3246 licentiatur,
720 3188 782 3247 ipse
799 3168 883 3253 illis)
906 3173 943 3231 ob
966 3171 1143 3249 praedictam

97 3259 353 3335 transgressionem
374 3260 450 3319 iusto
470 3258 528 3319 Dei
547 3257 653 3318 indicio
675 3254 787 3339 vesci⁹)
809 3275 868 3318 non
888 3260 996 3335 potuit,
1017 3259 1143 3334 piscibus

99 3347 235 3423 deinceps
266 3351 351 3408 utens
383 3362 475 3424 usque
506 3347 536 3405 in
569 3344 644 3405 diem
676 3348 776 3430 martis
808 3361 888 3405 suae.
938 3344 1142 3407 NOVICIUS:

114 3539 516 3621 1)ABCEPextrnhans-
485 3550 768 3633 *reperisset-
737 3549 1141 3619 -2)EPllnrcincnnus,

163 3620 187 3674 B
205 3622 481 3674 llarcmamus
500 3620 532 3689 3)
557 3621 640 3672 enim
662 3636 703 3672 om
721 3603 757 3684 Β
781 3636 840 3673 mox
857 3619 902 3673 BC
923 3619 1138 3671 Dominus-

164 3691 197 3759 t)
220 3689 242 3743 Β
266 3690 594 3744 auxiliatoribas-
621 3689 653 3758 5)
676 3705 859 3743 convocans
883 3687 932 3740 add
955 3688 1043 3744 B.—
1068 3687 1140 3755 6)C

163 3763 370 3885 ριιιειιᾶοιιὶιὶ
395 3792 428 3806 -
455 3761 488 3832 7,]
511 3760 533 3820 Β
557 3767 697 3836 poste·-
665 3760 754 3834 8)1
771 3758 883 3820 nuccii
905 3758 1047 3814 illas·-
1015 3757 1142 3828 -9JR

162 3846 253 3885 carne
283 3847 349 3886 erc.
