2664 4308
451 319 505 380 DE
528 318 685 381 SANCTA
700 318 843 380 MARIA.
1126 325 1164 382 31
1217 269 1220 273 ·

126 439 314 501 saecularium
327 437 343 521 Ι)
366 444 463 500 manni
485 442 546 501 cius
559 444 706 517 impressa,
729 442 861 501 omnibus
883 443 932 518 qui
954 440 1072 502 aderant
1088 443 1168 502 visus

127 533 171 587 est
192 531 358 632 exspirasse.
401 527 439 586 Et
461 545 528 588 ecee
550 530 636 588 beata
657 529 756 605 Virgo,
781 545 869 604 quam
891 531 1084 604 invocaverat,
1107 532 1168 605 spi-

125 615 191 672 ritui
205 617 265 674 eius
278 617 343 674 visa
358 621 403 674 est
416 614 518 675 adesse
532 633 598 675 cum
612 614 679 690 filio,
701 616 746 674 bis
765 615 858 675 verbis
877 633 943 675 eum
959 633 1012 692 pro
1033 619 1137 676 iuvene
1145 614 1166 696 ²)

124 679 321 777 interpellans:
342 702 406 776 Fili,
427 705 527 778 inquit,
549 703 586 760 da
607 702 676 760 mibi
690 719 809 777 puerum
832 705 927 760 istum.
970 702 1028 778 Qui
1045 719 1166 778 raspon-

125 787 179 846 dit.
200 788 303 863 Mater,
326 795 393 848 brus
415 793 460 848 sit.
501 788 550 848 Ad
572 788 650 865 quod
672 790 793 848 verbum
814 805 882 848 mox
904 791 998 893 coepit
1019 796 1166 866 aegroms,

124 874 185 949 vel,
206 880 239 933 ut
261 877 494 936 contristantibus
506 873 526 956 ³)
548 879 643 935 visum
665 882 723 950 est,
748 880 876 934 mortuus
897 878 1051 952 respirare,
1080 883 1167 952 atquc

123 962 285 1037 confortari,
304 965 334 1020 in
348 970 460 1021 mutum
480 965 562 1022 utin
583 960 749 1042 lectulum)
772 980 856 1020 suum
878 979 908 1021 se
929 964 1040 1022 iuberet
1060 967 1167 1039 reponi.

123 1047 170 1108 De
191 1049 269 1108 febre
291 1046 390 1128 vero⁵)
412 1067 464 1125 per
477 1052 708 1120 intercessionem
729 1051 832 1108 beatae
846 1049 972 1125 Virginis
993 1056 1063 1110 tunc
1082 1049 1166 1125 pleno
1214 1075 1217 1084 ·

122 1142 248 1209 curatus,
270 1153 335 1194 cum
358 1135 453 1196 adhuc
474 1136 569 1196 fistula
587 1137 745 1210 laboraret,
768 1137 855 1194 tacito
877 1137 979 1209 morbo
1001 1154 1053 1211 per
1075 1144 1166 1195 totam

123 1224 271 1282 civitatem
284 1223 497 1283 Traiectenscm
517 1226 669 1283 missarum
690 1223 833 1300 suffragia,
854 1226 977 1282 maxime
991 1222 1026 1282 de
1040 1223 1166 1283 Domina

121 1315 220 1368 nostra
241 1326 295 1384 pro
316 1327 370 1390 sua
391 1309 586 1370 incolumitate
618 1311 672 1369 sibi
685 1309 813 1385 impendi
832 1311 997 1384 postulavit.
1040 1310 1078 1368 Et
1100 1313 1167 1385 quia

122 1395 295 1455 medicinam
324 1397 499 1472 spiritualem
527 1397 686 1457 medicinae
715 1396 854 1472 corporali
875 1399 1053 1473 praeposuit,
1082 1404 1165 1457 antc-

122 1499 209 1558 quam
230 1486 336 1543 missae
369 1490 465 1543 essent
496 1490 694 1559 percantatac,
725 1486 894 1543 sacramenti
922 1487 1012 1543 virtus
1040 1483 1166 1543 fistulam

122 1569 227 1645 dirupit
235 1566 271 1648 ε),
292 1576 322 1630 et
351 1573 445 1630 sanies
474 1573 575 1646 erupit.
625 1571 729 1645 Sisque
755 1571 930 1646 integraliter
951 1578 1083 1646 sanatus,
1113 1589 1164 1646 pro

120 1658 404 1733 gratiarumactionc
420 1660 646 1734 crucesignatus
669 1662 721 1716 cst
763 1656 876 1716 Eodem
896 1663 1025 1733 tempore
1046 1659 1165 1718 veniens

120 1743 261 1803 Vercellis
275 1739 295 1824 ⁷)
318 1743 435 1803 domum
450 1745 555 1804 ordinis
568 1746 666 1818 nostri,
688 1743 835 1803 dominum
848 1744 1010 1804 Walterum
1031 1745 1164 1821 quando·

120 1847 176 1906 que
189 1832 361 1907 magdstrum
383 1848 475 1905 suum,
497 1837 526 1890 et
542 1838 612 1890 tunc
632 1831 744 1888 noviter
757 1829 863 1890 ibidem
877 1847 1056 1905 conversum,
1077 1829 1163 1890 modo

120 1915 268 1977 Abbatem
287 1917 486 1992 vilariensem,
508 1916 615 1977 ibidem
636 1919 753 1992 reperit,
781 1924 810 1976 ct
831 1915 979 1992 salutavit,
1002 1920 1047 1978 cui
1078 1919 1163 1977 etiam

119 2021 170 2079 per
198 2002 329 2064 ordinem
349 2003 497 2063 bissenam
526 2021 596 2064 suae
622 2003 811 2063 miraculosae
839 2007 992 2063 curationis
1019 2007 1163 2078 recitavit,
1218 2054 1221 2058 .

119 2090 174 2151 hoc
195 2091 349 2151 adiiciens:
371 2090 488 2151 Utinam
510 2090 597 2150 modo
631 2109 689 2150 non
719 2093 818 2150 essetis
839 2090 901 2164 bie,
930 2098 963 2149 ut
979 2091 1063 2150 simul
1085 2109 1163 2170 mare

119 2180 241 2238 naurire
262 2194 422 2255 possemus.
467 2178 560 2255 Quem
583 2195 648 2237 cum
673 2174 903 2256 interrogasset⁸l
927 2178 962 2237 dc
991 2178 1164 2253 quibusdam

120 2267 203 2341 vitiis,
226 2265 331 2340 quibus
343 2265 423 2324 illum
437 2264 591 2340 aliquando
608 2266 758 2324 subiacere
772 2272 900 2338 noverat,
922 2272 951 2324 et
965 2267 989 2324 si
1004 2281 1035 2325 sc
1050 2264 1085 2325 de
1108 2265 1163 2324 illis

120 2351 309 2428 emendasset,
330 2357 360 2412 ct
372 2352 421 2411 ille
433 2351 635 2427 respondisset,
648 2368 716 2426 non,
733 2352 868 2411 subiecit:
891 2350 974 2411 Certe
989 2352 1080 2411 malas
1094 2369 1163 2428 gra-

118 2439 173 2498 tias
185 2436 207 2520 ⁹)
231 2441 355 2498 curatori
369 2445 398 2498 ct
415 2441 547 2498 curatrici
557 2446 670 2516 vespae
684 2437 847 2514 rependitis.
868 2437 976 2498 Postea
985 2456 1055 2499 vero
1069 2439 1163 2498 schis-

119 2541 167 2584 ma
179 2532 298 2601 propter
310 2527 405 2600 ipsum
418 2527 447 2583 iu
460 2525 638 2601 Episcopatu
652 2526 828 2585 Traiectensi
841 2531 935 2584 ortum
948 2532 1000 2600 est,
1015 2533 1043 2584 et
1057 2527 1164 2586 exstitit

118 2629 206 2672 cansa
224 2612 379 2671 multorum
395 2613 545 2672 malorum.
583 2613 666 2672 Haec
687 2613 771 2672 nobis
791 2613 955 2688 praedictus
977 2612 1074 2673 retulit
1095 2612 1163 2672 Ab·

118 2697 171 2759 bas
192 2699 349 2772 Walterus.
393 2699 489 2774 Quam
510 2699 679 2759 medicinale
701 2701 737 2758 sit
757 2716 862 2760 nomen
883 2699 1008 2774 Mariae,
1037 2699 1164 2776 quodam

118 2785 318 2846 iocundissima
341 2787 395 2846 tibi
414 2785 540 2862 pandam
562 2786 708 2846 miraculo.

452 2975 686 3037 CAPITULUM
709 2975 829 3035 XXIII.

148 3099 197 3158 Dc
218 3099 335 3173 dorico,
358 3102 406 3158 cai
427 3105 532 3158 sancta
553 3098 657 3158 Maria
674 3116 734 3176 pro
756 3100 862 3174 lingua
884 3098 922 3158 ab
945 3098 1133 3160 acciendum·

316 3185 468 3246 haereticis
487 3189 623 3262 praecisa
638 3182 669 3264 ¹⁰)
692 3203 804 3246 novam
826 3189 964 3245 reticeat.

181 3305 260 3366 Ante
281 3305 335 3364 hos
356 3322 448 3365 annos
470 3323 536 3366 cum
559 3305 692 3366 catholici
715 3313 813 3366 contra
830 3306 989 3366 Albisnses-
1002 3307 1161 3367 haereticos

96 3391 236 3453 'lusissent
256 3395 369 3470 signati,
392 3399 421 3453 et
441 3395 499 3453 iam
519 3411 577 3454 uon
598 3394 745 3463 modicum
766 3395 804 3453 ab
828 3395 935 3454 eisdem
955 3393 1043 3453 iidem
1065 3401 1162 3454 essent

136 3543 166 3612 l)
184 3542 204 3597 G
222 3542 429 3597 scholarium.
460 3543 531 3597 Geni.
549 3541 719 3608 v111,'74.-
735 3546 768 3614 2)
786 3545 850 3598 aab
867 3561 927 3612 pro
945 3547 1063 3597 iuvene
1081 3559 1159 3596 curn.

187 3643 217 3652 -
244 3612 277 3681 3)
299 3612 360 3665 BGP
383 3614 679 3666 circumstantibus.
704 3645 735 3655 -
760 3615 897 3683 ajace?
919 3615 1101 3666 lectum—
1127 3613 1159 3682 5)

184 3681 730 3752 veroaddBGJGdisrupit.-
750 3684 782 3752 7)
802 3685 867 3736 coni
895 3685 1000 3736 liernis
1023 3683 1157 3748 ll‚18.·-·.

185 3752 250 3820 8)Β
268 3751 379 3822 aliqua
397 3755 652 3823 interrogasset
680 3753 782 3807 Auctor
792 3753 865 3806 haurd
878 3753 954 3822 dubie
973 3754 1091 3822 scripsit:
1105 3751 1159 3803 sd-

98 3845 101 3848 ·
185 3822 440 3890 interrogasset.
482 3817 1079 3894 oonr.vs11,ao.-s)cgsarsa-
1109 3820 1163 3888 10),

185 3890 426 3960 Bllpraescisa.
