2622 4322
92 297 93 302 .
186 242 246 302 rar
486 239 715 304 orssmcuro
734 239 899 320 Quaere

183 362 254 422 Erat
267 367 364 422 autem
377 361 450 423 iacis
462 363 589 440 pulcher,
611 369 640 423 et
653 368 763 424 statura
775 379 920 439 procerus,
940 367 1027 438 atque
1038 361 1067 421 in
1077 377 1130 422 suo
1140 359 1216 422 idio·

182 454 261 510 mate
282 451 352 509 eatis
372 449 521 511 facundus.
560 450 617 510 Hic
640 467 705 510 eum
727 450 877 510 obtulisset
897 451 955 508 iam
977 449 1052 508 dicto
1073 447 1217 510 Bemardo

183 533 289 596 diversi
319 535 420 596 eoloris
452 554 597 614 gemmam
608 534 640 618 ¹),
670 542 699 598 et
731 537 849 598 dixisset
872 551 903 597 eo
924 535 1003 595 illam
1024 535 1153 596 attulisse
1183 534 1218 595 de

183 621 282 699 Septia
291 617 328 703 ²),
352 629 381 682 et
401 629 498 684 tantae
520 641 583 684 esse
605 626 733 698 virtutis,
761 628 794 682 ut
814 623 982 683 victoriosos
1004 621 1143 697 efficeret,
1171 623 1218 697 qui

183 725 220 769 ea
246 714 408 787 uterentur3
435 709 581 786 respondit
607 709 670 770 ille:
698 710 837 785 Domine,
865 714 963 770 vestra
990 720 1049 768 non
1069 710 1217 784 recipiam3

183 797 208 856 si
228 800 328 871 potero
354 813 408 856 vos
429 797 508 873 apud
528 799 696 872 magistrum
716 794 921 856 rationabiliter
941 812 1126 872 promovere,
1146 795 1217 854 hene

183 883 373 958 experiemini.
415 881 465 943 Ad
484 883 541 943 hoc
566 882 719 943 videbatur
738 883 878 958 laborare,
898 888 932 941 ut
952 881 1072 942 haberet
1094 882 1218 942 eucad-

182 974 272 1029 tatem
289 971 327 1029 ab
350 969 398 1030 illo
419 969 612 1046 praedicandi.
654 969 765 1029 Eadem
787 969 832 1030 die
854 985 1022 1029 concessum
1045 973 1088 1030 eet
1110 970 1137 1029 ei
1158 985 1217 1028 ser-

182 1072 298 1115 monem
319 1056 413 1116 iacere
426 1058 464 1117 ad
484 1056 632 1134 populum.
674 1056 812 1132 Sequenti
825 1055 871 1116 die
893 1073 959 1116 cum
979 1055 1126 1132 praefatus
1146 1054 1217 1114 Ber·

181 1142 289 1202 nudus
309 1144 338 1202 in
359 1146 490 1219 proxima
511 1145 634 1204 statione
654 1145 775 1204 verbum
797 1142 999 1203 exhortationis
1024 1142 1218 1219 proposuisset

182 1229 282 1304 trubis,
303 1236 333 1290 et
353 1229 470 1307 Sigerus
490 1229 621 1304 adesset,
649 1229 744 1290 finito·
762 1246 892 1290 sermone
913 1228 991 1288 idem
1010 1227 1129 1306 Sigerus
1150 1244 1217 1305 pro-

181 1333 237 1374 nus
249 1318 279 1374 in
293 1322 399 1375 terram
412 1311 524 1392 comuit,
547 1323 575 1376 et
587 1319 670 1392 quasi
684 1317 827 1391 obsessus,
844 1317 918 1376 sicut
930 1332 1032 1376 revera
1044 1316 1107 1390 luit,
1121 1331 1217 1376 omres

182 1405 227 1462 sui
255 1404 381 1478 corporis
410 1409 508 1480 gestus
537 1403 677 1463 formavit
719 1402 791 1463 Mox
819 1419 969 1463 accurrens
997 1403 1135 1479 magister
1157 1399 1217 1462 Oli-

182 1505 268 1549 verus
289 1506 354 1548 cum
376 1488 493 1564 clericis,
511 1488 655 1548 hominem
670 1492 801 1566 signavit,
824 1495 853 1550 et
872 1491 902 1548 iu
924 1487 1075 1549 ecclesiam
1096 1494 1217 1548 hactum

183 1591 280 1635 coram
293 1574 374 1635 altari
389 1575 528 1652 deposuit,
541 1577 592 1636 ubi
603 1575 708 1635 multas
721 1575 915 1653 blasphemias
928 1581 958 1635 et
971 1577 1061 1636 verba
1077 1574 1216 1651 quaedam

181 1661 326 1722 horribilia
346 1664 431 1723 miser
456 1662 503 1722 ille
524 1665 554 1721 in
567 1662 665 1722 Deum
687 1668 716 1722 et
728 1664 757 1722 in
778 1661 900 1723 eundern
914 1660 1062 1722 Oliverum
1084 1661 1216 1723 evomuit

182 1747 265 1809 Tunc
287 1765 371 1809 coreo
380 1747 401 1830 ³)
422 1750 536 1826 ligatus,
559 1752 710 1824 curruique
731 1751 888 1826 impositus,
910 1747 949 1809 ad
969 1754 1053 1808 notos
1075 1766 1144 1809 suos
1166 1747 1216 1808 de-

182 1840 312 1911 portatus
334 1842 386 1896 est·
430 1836 537 1913 Quem,
559 1841 591 1895 ut
612 1838 705 1912 aiunt,
732 1833 854 1896 daemon
876 1838 975 1912 quinta
996 1835 1057 1911 die,
1085 1841 1172 1912 prout
1192 1835 1216 1895 ei

181 1923 357 1998 promiserat,
371 1924 512 1983 exstinxit.
543 1922 589 1982 Ex
603 1925 684 1982 cuius
697 1925 848 2006 vexatione
863 1940 915 1982 seu
926 1928 1018 1982 morte
1035 1925 1106 1982 satis
1120 1922 1215 1982 htnm

183 2005 255 2088 esti)
276 2008 402 2086 intelligi,
424 2009 501 2086 quod
523 2012 584 2069 eius
604 2008 779 2086 praedicatio
793 2026 851 2069 non
872 2009 955 2068 hrerit
977 2008 1146 2084 devotionis,
1166 2007 1215 2069 sed

182 2097 273 2174 magis
298 2097 468 2156 ambitionIs.
510 2095 623 2156 Dicitur
652 2103 680 2156 et
706 2102 840 2172 apostata
873 2095 975 2169 inisse,
1004 2102 1033 2156 et
1061 2095 1214 2156 adomino

180 2181 263 2258 Papa
296 2182 406 2258 literas,
434 2189 466 2242 nt
495 2199 561 2242 eum
589 2184 736 2259 provincia
765 2183 914 2257 toleraret,
942 2182 1110 2242 obtinuisse.
1159 2181 1214 2242 Alii

181 2268 321 2344 dicebaut,
344 2270 421 2346 quod
443 2271 529 2330 etiam
548 2269 633 2329 suerit
652 2270 682 2328 iu
703 2286 779 2329 nave
799 2269 849 2329 illa
862 2271 1118 2344 excommunicata,
1141 2283 1211 2345 quae

129 2409 133 2416 .
179 2354 343 2416 Sarracenis
370 2373 450 2416 arma
475 2356 579 2416 bellica
604 2355 772 2416 vendiderat
797 2358 828 2416 in
856 2355 963 2432 Septia.
1013 2353 1214 2416 NOVICIUS:
1271 2405 1272 2418 .

180 2440 279 2517 Miror,
301 2460 389 2518 quare
402 2443 544 2503 Dominus
556 2444 586 2501 in
599 2444 654 2502 isto
673 2441 837 2503 huiusmodi
857 2447 1018 2502 contemtus
1035 2447 1096 2502 tam
1119 2444 1216 2502 ecrite

180 2528 375 2605 vhrdicaverit,
400 2547 466 2589 cum
486 2529 559 2590 tales
581 2532 638 2588 sint
658 2526 773 2610 hodie⁵)
794 2529 908 2605 plurimi
929 2527 1091 2589 sacerdotes
1115 2528 1216 2588 Christi

178 2622 361 2676 sacrosancta
393 2619 530 2692 mysteria
557 2616 750 2692 indignissimo
773 2621 943 2690 tractantes,
976 2621 1006 2674 et
1034 2621 1148 2674 tantum
1167 2631 1216 2691 per

180 2702 360 2762 occasionem
387 2702 466 2762 illum
498 2702 703 2778 praedicantes.
745 2700 982 2762 MONAGHUS:
1010 2699 1059 2760 Ad
1080 2707 1215 2761 terrorem

178 2788 298 2848 arbitror
323 2786 460 2870 iactum')
490 2789 610 2848 aliorum
637 2787 833 2864 sacerdotum,
861 2795 923 2848 tum
951 2805 988 2848 ne
1016 2788 1215 2848 fermentarent

178 2873 256 2934 illam
277 2865 457 2952 purissimam
477 2875 718 2952 praedicationem
740 2877 847 2949 crucis,
869 2891 943 2950 qnae
964 2879 1076 2935 tanturm
1097 2875 1186 2934 fiebat
1193 2868 1211 2951 ⁷)

178 2960 216 3021 ad
243 2962 381 3026 honorem
411 2961 530 3039 Chrish,
556 2968 619 3022 tum
646 2968 762 3039 propter
790 2962 892 3021 merita
919 2963 977 3021 iam
1010 2961 1078 3021 dicti
1100 2960 1213 3022 Oliveri.

179 3048 273 3125 Quam
294 3047 363 3109 dure
378 3048 507 3109 Christus
533 3056 601 3109 tunc
622 3051 757 3125 temporis
777 3047 966 3108 vindicaverit
988 3047 1068 3108 dolos
1091 3054 1120 3108 et
1139 3049 1212 3106 iniu-

178 3136 234 3194 rias
263 3135 318 3194 sibi
345 3137 375 3195 iu
403 3136 645 3212 praedicatoribus
671 3131 856 3215 irrogatasii,
884 3134 975 3196 habes
1004 3134 1165 3211 exemplum
1185 3134 1212 3190 in

180 3221 357 3282 distinctione
381 3222 508 3282 secunda
529 3223 654 3299 capitulo
675 3225 797 3299 septimo
819 3221 855 3281 de
878 3219 1056 3282 Godescalco
1078 3221 1212 3292 usurario,

180 3310 229 3384 qui
258 3308 481 3385 dispensatorem
513 3309 612 3370 dolose
647 3311 846 3386 circumvenit3
875 3307 996 3368 habebis
1027 3313 1056 3369 et
1082 3307 1160 3368 aliud
1184 3307 1212 3363 in

199 3459 229 3528 1)
241 3459 304 3514 CDR
322 3475 472 3530 gemmam
490 3458 615 3511 diversi
634 3459 807 3511 coloris-
821 3457 952 3528 2)Genta,
968 3457 1208 3511 urbslinnritaniae.

247 3529 269 3581 D
296 3538 322 3581 ct
344 3545 400 3580 corr
418 3529 440 3580 A
462 3529 595 3592 Seucia;
613 3530 650 3582 sic
667 3537 693 3580 et
711 3530 782 3582 inira.
801 3558 832 3568 —
852 3529 884 3596 3)
902 3527 987 3582 AGDP
1009 3531 1112 3591 oorio;
1135 3525 1207 3594 paulo

247 3606 305 3665 post
322 3598 398 3650 iidem
416 3598 473 3649 libri
491 3614 662 3666 curruque.
680 3627 710 3638 -
730 3600 762 3667 4)
780 3597 821 3650 ΟΒ
840 3596 986 3650 detun—
1005 3599 1037 3667 5)
1055 3596 1152 3649 hodio
1169 3610 1207 3646 om

247 3666 319 3720 sui.
339 3698 369 3706 -
389 3667 421 3734 6)
439 3666 480 3719 CR
498 3683 568 3718 esse
587 3668 716 3719 iactum.
736 3698 767 3708 -
787 3667 818 3735 7)
836 3665 877 3718 cii
895 3667 965 3720 init.
980 3697 1011 3707 —
1031 3667 1062 3735 8)
1080 3667 1120 3722 cti
1137 3664 1208 3718 illa·

247 3745 305 3788 tas.
323 3736 355 3800 X,
373 3737 420 3788 20:
441 3735 576 3804 „quicquid
594 3739 648 3789 eius
666 3738 769 3806 imagini
786 3737 892 3788 iniuriae
915 3736 958 3790 vel
981 3745 1123 3790 contemtos
1145 3736 1208 3786 irro-

246 3809 344 3874 gatur.“
357 3805 447 3858 llomil.
457 3805 497 3858 lll.
516 3822 541 3874 p.
553 3807 616 3860 110:
637 3807 777 3880 ,iniuriosa
788 3821 862 3876 quarn
879 3808 1001 3876 irrogarit
1012 3806 1057 3860 Dei
1069 3804 1205 3878 genitrici.“
