2654 4308
371 264 426 324 DE
447 255 631 326 DIVERSIS
652 261 886 326 viciotuBUa
1088 259 1148 321 123
1241 292 1243 296 .

107 387 264 449 obscurius
286 391 337 446 est.
380 385 507 446 Plurima
521 388 608 445 etiam
621 401 673 462 pro
689 383 801 444 Christo
818 399 920 460 passus
938 389 980 442 est
1000 389 1151 460 tormenta,

106 473 237 552 flagella,
258 472 370 532 fervens
385 472 488 548 oleum,
510 471 602 532 exilia.
633 471 709 531 Ecce
730 475 846 547 propter
865 472 922 529 ista
943 469 1049 530 atalia
1061 471 1152 534 multa

107 579 166 622 sua
178 558 196 640 ¹)
218 559 393 636 praevilegia
406 563 497 619 mmor
517 566 561 618 est
581 575 628 641 nne
651 562 680 618 et
694 557 812 634 dignior.
843 556 931 616 Mane
952 573 1019 632 argo
1034 555 1151 637 voocs²)

107 665 242 709 sororem
263 652 343 704 tnam
364 653 430 706 ants
453 649 630 722 magistram,
661 650 691 704 et
710 643 860 720 procidens
881 649 947 702 ante
968 643 1057 719 pedes
1076 645 1152 705 illius

107 740 179 812 pete
202 740 236 792 ut
250 735 381 812 ignoscat
401 735 461 807 tibi,
484 731 561 807 quod
575 734 679 791 totiens
702 747 766 790 earn
780 729 958 790 exacerbasti
977 733 1034 790 mei
1056 748 1152 792 cansa

109 819 198 899 Quae
210 820 248 879 ad
269 822 351 896 signa
377 818 555 878 matutinalia
576 817 788 894 expergefacta,
811 817 846 876 de
866 822 927 875 tam
948 817 1025 876 clara
1044 820 1153 879 visione

109 909 256 985 cogitare·
273 908 375 984 coepit
417 905 509 965 Dictis
531 921 599 965 vero
621 905 780 978 matutinis,
809 921 874 962 cum
896 920 927 962 se
948 903 1038 962 altera
1059 907 1154 981 sopori

110 995 257 1069 dedisset,
285 999 402 1052 sanctus
422 990 572 1053 Johannes
592 991 779 1066 Evangelista
804 1007 857 1065 per
884 992 977 1050 visum
999 991 1092 1066 alluit,
1125 1001 1154 1052 et

110 1082 168 1142 sub
204 1098 291 1140 sensu
318 1080 472 1139 verborum
499 1078 602 1137 horum
630 1095 712 1136 snam
739 1076 880 1136 allocutus
902 1082 946 1135 est
967 1075 1154 1137 dilectricem:

111 1167 213 1243 Soror,
235 1169 309 1226 scias
330 1167 449 1225 beatum
468 1165 632 1225 Jolrannem
646 1165 807 1240 Baptistam
828 1163 912 1240 longe
934 1167 1070 1223 maiorem
1092 1183 1155 1227 esse

111 1271 170 1315 me.
215 1253 300 1312 Inter
310 1259 398 1311 natos
412 1253 579 1324 mulierum,
601 1256 673 1310 teste
688 1249 809 1326 Christo,
824 1267 885 1310 non
906 1254 1037 1310 surrexe
1057 1255 1156 1312 motor

111 1343 165 1402 illo
178 1337 214 1415 ³).
256 1339 323 1415 Ipse
345 1338 491 1415 Propheta
520 1335 611 1420 est⁴),
640 1345 669 1396 ct
695 1337 760 1413 plus
789 1354 876 1413 quam
902 1329 1055 1414 Propheta
1105 1336 1154 1399 Ab

111 1427 221 1506 angelo
252 1433 296 1486 est
323 1427 526 1500 annunciatus,
555 1442 574 1484 a
594 1423 681 1484 sterili
701 1430 791 1488 matre
813 1429 912 1484 contra
931 1430 1063 1484 natrrram
1085 1443 1156 1486 con-

113 1521 235 1592 ceptus,
256 1515 285 1570 in
306 1517 387 1571 utero
410 1529 498 1588 supra
519 1517 650 1570 naturam
671 1510 880 1587 sanctificatus,
907 1513 937 1568 in
958 1511 1073 1572 heremo
1096 1515 1157 1574 sine

114 1603 196 1661 omni
218 1605 337 1676 peccato
356 1604 555 1658 conversatus.
598 1596 684 1674 Quod
706 1597 742 1658 de
763 1615 810 1657 me
832 1597 887 1656 dici
908 1614 966 1657 non
984 1606 1087 1675 potest,
1108 1603 1158 1676 qui

113 1688 204 1748 lucris
235 1686 364 1760 inhians,
394 1687 468 1744 inter
499 1683 661 1744 saeculares
692 1684 847 1744 saecularis
878 1683 1061 1746 saeculariter
1091 1689 1159 1746 vixi.

115 1773 299 1836 Salvatorem
327 1789 413 1847 quem
434 1774 463 1830 in
484 1777 565 1831 utero
586 1773 705 1847 agnovit
716 1768 752 1851 ⁵),
780 1773 852 1830 inter
873 1771 972 1830 turbas
993 1773 1030 1831 ad
1052 1790 1084 1832 se
1104 1791 1158 1833 ve-

115 1863 246 1921 nientem
281 1859 370 1936 digito
400 1857 620 1933 demonstravit,
660 1862 689 1916 et
715 1859 745 1917 in
765 1855 895 1917 Jordaue
916 1860 1005 1917 sacris
1026 1859 1159 1919 manibus

115 1948 286 2025 baptizavit.
327 1946 396 2022 Ipse
418 1945 514 2005 coelos
528 1945 600 2004 vidit
611 1950 735 2020 apertos,
756 1944 872 2003 Patrem
889 1942 1008 2006 audiens
1028 1949 1058 2005 iu
1078 1963 1160 2022 voce,

116 2035 226 2095 Filium
247 2033 349 2094 videns
368 2035 399 2091 in
426 2032 550 2107 homine,
571 2030 707 2108 Spiritum
729 2037 860 2090 sanctum
881 2032 911 2090 in
931 2034 1027 2120 specie
1049 2032 1160 2092 colum-

117 2123 185 2184 bae.
229 2118 361 2181 Tandem
388 2136 440 2195 pro
462 2121 570 2197 iustitia
591 2119 789 2195 martyrizatus
811 2122 862 2178 est.
905 2118 981 2195 Ergo
1003 2137 1049 2179 me
1070 2122 1162 2180 maior
1234 2167 1239 2173 .

17 2203 21 2210 ’
119 2216 174 2270 est.
217 2205 302 2268 Unde
323 2205 408 2267 hodic
430 2222 535 2265 vocare
556 2204 645 2264 debes
658 2221 785 2264 sororem
805 2211 886 2264 tuam
906 2211 973 2266 ante
994 2210 1161 2284 magistram

119 2303 219 2370 mam,
249 2301 278 2354 et
297 2299 476 2370 prosternere
497 2297 526 2352 te
547 2292 669 2369 pedibus
689 2291 780 2367 illius,
801 2293 899 2368 sicque
922 2309 986 2352 eam
1006 2310 1108 2370 rogare
1129 2301 1162 2354 ut

120 2384 174 2442 tibi
195 2384 342 2458 ignoscat,
372 2379 450 2456 quod
470 2383 574 2439 totiens
594 2378 673 2438 illam
695 2379 886 2455 exacerbasti,
918 2396 964 2438 me
986 2380 1162 2440 contentiose

120 2469 307 2532 Praecursori
323 2467 442 2526 Domini
467 2465 660 2543 praeferendo.
709 2457 797 2526 Mane
819 2459 1009 2548 singillatim)
1038 2467 1076 2528 ad
1096 2485 1162 2529 ma·

122 2558 242 2634 gistram
263 2557 390 2627 veniunt,
412 2553 480 2629 quid
501 2553 624 2613 viderint
637 2559 791 2628 exponunt
833 2552 915 2613 Tunc
936 2553 1020 2612 simul
1041 2573 1072 2615 se
1093 2571 1163 2631 pro·
1235 2556 1238 2561 ’

123 2647 293 2715 sternentes,
315 2647 343 2700 et
363 2641 400 2700 ab
423 2642 545 2700 invicem
566 2646 599 2698 ut
620 2641 660 2699 eis
680 2641 790 2700 iussum
813 2639 906 2700 iuerat
926 2643 1039 2700 veniam
1060 2648 1163 2718 postu-

123 2727 234 2803 lantes,
261 2727 404 2788 mediante
433 2733 523 2786 matrc
544 2725 682 2802 spirituali
703 2727 900 2787 reconciliatae
922 2734 1003 2803 sunt,
1030 2735 1164 2788 monente

124 2815 176 2874 illa
197 2832 234 2873 ne
267 2814 302 2873 de
331 2820 425 2875 cetero
454 2813 489 2874 dc
518 2815 626 2873 meritis
647 2811 811 2874 sanctornm
839 2815 1057 2891 contenderent,
1089 2833 1165 2891 quae

127 2897 212 2981 solu)
241 2899 306 2960 Deo
328 2907 397 2959 nota
417 2908 491 2959 sunt
533 2898 738 2960 NOVICIUS:
767 2899 843 2960 Satis
865 2918 911 2960 me
932 2901 1065 2961 aedificat
1085 2907 1165 2963 tanta

127 2987 160 3045 in
180 2988 310 3062 supernis
333 2987 443 3046 civibus
455 2986 608 3046 humilitas.
652 2985 889 3048 MONACHUS:
911 2987 1005 3063 Nulla,
1028 2995 1166 3064 quantiam

130 3089 167 3134 ex
194 3075 338 3148 praesenti
364 3074 474 3132 visione
502 3073 636 3150 colligere
656 3076 777 3150 poteris,
805 3075 835 3132 in
855 3090 943 3151 regno
966 3076 1111 3135 coelorum
1132 3075 1167 3136 de

129 3161 291 3219 maiontatc
312 3161 504 3234 praemiorum
527 3166 570 3219 est
591 3163 743 3238 contentio,
766 3162 833 3236 quia
854 3160 911 3220 illic
933 3166 1005 3222 teste
1026 3162 1168 3240 Apostolo

130 3249 224 3308 omnis
256 3252 413 3305 evacuatur
443 3244 618 3327 praelatio⁰).
668 3247 735 3307 Hoc
762 3253 860 3306 tamen
888 3250 963 3308 scias
991 3251 1069 3325 quod
1097 3253 1170 3311 sicut

129 3338 211 3396 cives
239 3335 355 3409 superni
381 3335 497 3392 visitant
525 3350 590 3392 cum
617 3335 709 3394 multa
740 3334 933 3394 consolatione
954 3353 986 3396 se
1008 3337 1168 3415 diligentes,

131 3424 172 3484 ita
194 3420 368 3498 quandoque
390 3437 455 3480 cum
476 3422 637 3481 invectione
660 3428 689 3482 et
709 3420 802 3499 plagis
824 3438 855 3482 se
879 3429 1100 3485 contemnentes.

154 3695 223 3765 131)
246 3694 310 3748 elin
333 3711 389 3748 sua
411 3695 527 3760 multa,
545 3695 587 3749 BC
605 3695 671 3748 alia
694 3694 804 3748 multa.
827 3727 859 3738 ·-
884 3699 916 3766 2)
934 3698 954 3752 B
972 3714 1060 3751 voca.
1085 3727 1117 3738 -
1143 3701 1175 3828 dg

204 3765 291 3818 narrt.
311 3766 353 3830 11,
372 3766 413 3818 11.
432 3795 464 3806 -
483 3767 516 3834 4)
533 3775 586 3817 cst
603 3764 653 3817 add
669 3765 698 3818 B.
718 3795 749 3806 -
769 3767 800 3834 5)
818 3766 858 3818 ΒΡ
876 3770 1042 3836 cognovit.
1056 3798 1086 3808 -
1106 3768 1138 3837 6)

205 3834 409 3904 singulatim.
422 3865 452 3876 -
466 3836 498 3903 7)
514 3835 535 3888 D
553 3834 638 3902 solo,
655 3844 684 3887 ut
702 3834 721 3902 1,
740 3835 782 3888 42.
796 3866 826 3877 -
840 3837 873 3906 8)
892 3836 949 3891 Cor.
965 3839 1037 3906 1,15,
1054 3837 1096 3890 24.
