2538 4314
391 209 448 270 DE
471 208 748 272 CONTRITIONE.
1049 213 1088 272 85

82 309 175 388 mlbtem
194 330 333 406 quendam
355 332 496 392 infirmari
516 351 607 409 usque
629 333 667 392 ad
688 339 818 393 mortem.
860 329 1003 391 Instinctu
1027 331 1092 393 dia·

81 417 126 475 boli
141 416 206 476 idem
224 417 314 494 miles,
338 422 366 479 si
387 421 464 480 bene
485 423 613 495 memini,
634 421 763 480 babebat
783 418 919 480 avunculi
939 420 984 478 sui
1004 413 1093 478 filiam

82 505 246 563 concubinam.
290 506 348 566 Cui
371 513 453 566 tanto
477 507 687 584 conglutinatus
715 507 808 573 iuerat
836 522 949 580 amore,
980 513 1092 565 utnon

79 590 249 667 admonitione,
269 611 331 654 non
355 595 666 669 excommunicatione,
687 611 780 670 neque
802 593 900 669 aliqua
919 591 1093 654 uerecundia

77 677 177 736 bumana
187 687 284 754 posset
305 680 357 740 vel
380 680 469 740 vellet
489 683 526 742 ab
549 699 585 740 ea
606 683 742 756 separari.
774 681 888 740 Timore
905 685 1002 742 autem
1012 697 1093 740 mor-

76 765 222 826 tisuocavit
242 768 439 843 sacerdotem,
460 771 528 828 satis
548 785 652 843 puram
673 774 702 828 et
724 785 789 828 cum
802 767 925 828 lacrimis
948 766 984 826 de
998 768 1092 826 omni-

75 852 116 910 bus
133 855 185 912 suis
204 857 335 930 peccatis
357 855 400 914 illi
421 855 526 914 faciens
549 855 765 914 confessionem.
801 854 895 931 Quem
917 872 983 914 cum
994 871 1093 914 sacer-

74 937 113 998 dos
130 948 259 1016 moneret,
280 949 316 1001 nt
338 948 402 1001 tam
424 940 550 1002 illicitam
565 943 710 1000 abiuraret
724 943 964 1016 commixtionem,
983 943 1093 1017 ipsam·

73 1043 115 1100 que
131 1045 277 1102 personam
301 1035 462 1106 cognatam
483 1047 581 1104 suam3
603 1028 762 1104 respondit:
783 1027 923 1104 Domine,
944 1045 1002 1086 non
1023 1045 1093 1104 pos-

72 1129 128 1170 sum.
165 1114 202 1173 Et
222 1115 287 1176 ille:
316 1115 351 1176 Si
379 1118 411 1174 in
440 1115 490 1176 tali
518 1116 667 1176 voluntate
695 1121 823 1175 mortuus
852 1115 955 1190 fucris,
987 1114 1093 1191 gaudio

71 1199 179 1259 coelestis
200 1203 279 1262 vitae
301 1203 480 1279 privaberis,
512 1209 541 1263 et
567 1207 684 1261 aeterna
711 1207 853 1262 tormenta
880 1208 909 1262 te
930 1203 1094 1278 suscipient

70 1285 143 1345 Milite
161 1290 190 1345 in
211 1307 266 1349 sua
289 1285 471 1369 obstinatia)
491 1294 708 1364 perseverante,
729 1291 847 1348 recessit
867 1288 1001 1348 sacerdos
1029 1306 1095 1348 cum

70 1390 168 1449 corpore
187 1375 328 1453 Domini,
359 1375 439 1452 quod
467 1394 565 1436 secum
595 1375 735 1434 detulerat
762 1374 801 1434 ad
828 1374 1095 1435 communicandum

69 1459 199 1520 infirmum
243 1463 329 1522 Nutu
352 1463 451 1522 divino
473 1469 553 1522 extra
575 1461 692 1520 domum
714 1461 855 1522 sacerdoti
876 1465 999 1522 occurrit
1026 1480 1095 1521 san-

69 1553 118 1606 ctus
137 1549 421 1610 BemardusAbbas
444 1549 638 1609 Claraevallis.
682 1547 774 1625 Quem
797 1567 863 1609 cum
882 1552 1095 1626 interrogasset,

69 1650 141 1708 quare
159 1637 307 1696 infirmum
336 1654 398 1696 non
427 1639 681 1709 communicasset,
710 1653 896 1712 causamque,
925 1653 999 1712 quae
1026 1643 1097 1695 nota

69 1727 118 1778 erat
137 1726 278 1800 omnibus,
301 1723 497 1798 intellexisset,
518 1725 559 1782 ait
581 1722 737 1782 sacerdoti:
759 1723 913 1782 Revertere
934 1721 1096 1782 mecumad

68 1807 201 1868 infirmum.
244 1811 374 1872 Reversi
396 1816 507 1884 autem,
537 1813 603 1868 c'um
625 1816 740 1868 sanctus
762 1812 805 1868 vir
826 1810 907 1868 militi
927 1813 986 1869 iarn
1007 1811 1097 1869 mori-

69 1899 136 1970 turo,
156 1915 230 1972 quae
253 1897 361 1957 salutis
384 1903 465 1956 erant
486 1896 633 1970 suaderet,
655 1902 684 1954 et
703 1896 751 1956 ille
771 1903 886 1972 praeter
905 1897 984 1956 illam
1005 1897 1097 1957 solam

69 1997 116 2040 rem
133 1985 189 2042 iam
211 1984 325 2044 dictam
345 1987 377 2042 in
400 1985 530 2043 omnibus
553 1983 745 2042 obedientiam
762 1983 923 2058 sponderet,
943 1986 1097 2043 novissime

69 2069 210 2130 subiunxit:
233 2071 390 2147 Numquid
399 2087 457 2129 non
480 2070 568 2145 doles,
590 2069 668 2145 quod
688 2087 746 2129 non
768 2077 850 2145 potes
871 2071 978 2130 habere
992 2069 1097 2130 volun-

69 2161 142 2216 tatem
161 2157 321 2218 recedendi
343 2159 382 2217 ab
403 2156 476 2216 illa?
519 2157 692 2232 Respondit:
724 2156 862 2232 Domine,
890 2157 976 2218 ualde
998 2156 1098 2232 doleo,

69 2258 105 2301 ne
124 2243 157 2303 de
177 2245 235 2306 boc
257 2263 321 2304 non
343 2261 430 2321 posse
452 2243 557 2303 dolere.
599 2241 708 2302 Audito
730 2244 896 2320 hocverbo,
916 2242 1097 2304 Abbasmox

70 2327 127 2388 dixit
144 2334 308 2407 sacerdoti,
337 2338 370 2390 ut
400 2348 503 2408 corpus
531 2330 649 2389 Domini
677 2330 758 2390 daret
784 2331 905 2390 infirmo.
947 2331 1023 2391 Mira
1043 2347 1097 2392 res.

70 2413 157 2477 Statim
176 2426 210 2478 ut
232 2419 374 2480 Salvator
394 2419 524 2494 intravit,
555 2419 633 2477 facta
661 2424 705 2476 est
732 2417 810 2478 salus
837 2417 877 2476 ilii
900 2418 1005 2477 domui.
1047 2417 1096 2478 Ab

70 2499 109 2561 illa
127 2507 199 2565 enim
220 2507 300 2566 hera
321 2511 383 2564 tam
402 2505 527 2580 perfecte
548 2510 660 2567 mutata
681 2511 725 2564 est
745 2505 879 2564 voluntas
901 2508 961 2565 eius
979 2522 1097 2582 perrer-

70 2603 107 2663 sa,
134 2599 166 2651 ut
185 2593 315 2670 amplius
338 2592 430 2652 odiret
452 2609 538 2667 quam
558 2591 654 2650 illicite
676 2597 837 2666 amaverat,
865 2594 907 2651 ita
933 2599 966 2651 ut
997 2599 1097 2652 sancto

70 2677 203 2738 circeum
228 2679 328 2738 multis
349 2679 473 2738 lacrimis
496 2679 616 2738 diceret:
640 2677 754 2738 Gratias
766 2674 787 2758 ²)
809 2677 875 2738 Deo
897 2682 945 2756 qui
966 2679 1098 2740 melibe-

71 2767 143 2841 rarit,
174 2769 248 2844 quia
276 2765 365 2826 modo
398 2765 532 2825 libentius
560 2765 687 2825 viderem
713 2767 863 2840 bufonem,
896 2784 983 2842 quam
1010 2767 1098 2826 illam.

72 2848 160 2928 Sicque
180 2857 214 2912 in
236 2855 315 2913 bona
338 2853 516 2912 confessione
538 2859 567 2912 et
587 2853 713 2927 perfecta
735 2855 902 2913 contritione
916 2851 1098 2930 migravitad

72 2933 224 3000 Dominum.
275 2937 482 3000 NOVICIUS:
514 2936 635 3019 Miror³)
663 2945 759 2998 utrum
788 2941 985 3000 contritionem
1018 2941 1098 3000 illam

73 3032 190 3088 meruerit
214 3027 363 3104 praedicto
387 3025 493 3101 dolore,
514 3029 576 3086 sire
589 3026 733 3085 Dominici
755 3029 881 3102 eorporis
901 3029 1097 3104 participatio-

73 3127 110 3170 ne.
146 3113 387 3176 MONACHUS:
415 3113 542 3178 Christus
570 3115 600 3172 in
628 3131 680 3172 suo
703 3121 882 3172 sacramento
903 3114 941 3173 ad
961 3115 1098 3174 iudicium

75 3197 157 3277 irruat,
177 3205 231 3262 nisi
252 3203 349 3279 gratia
372 3202 432 3259 eius
454 3199 615 3276 praecedat.
658 3200 733 3260 Puto
756 3203 832 3259 enim
852 3208 968 3278 propter
990 3204 1097 3261 oratio-

76 3301 116 3345 nes
134 3293 185 3348 riri
211 3291 320 3364 sancti,
350 3289 472 3364 gratiam
495 3286 599 3346 Christi
626 3287 766 3364 abyssum
797 3287 888 3348 cordis
910 3291 971 3348 eius
991 3288 1097 3348 illumi-

77 3389 154 3453 nasse,
169 3377 303 3455 ¹dolorem
326 3373 453 3434 sterilem
474 3373 658 3449 fecundasse,
689 3391 726 3433 ne
749 3380 778 3433 et
798 3377 842 3433 vir
863 3377 965 3453 beatus
986 3376 1097 3436 iudica-

77 3467 140 3520 retur
159 3463 191 3526 da
209 3463 446 3542 praesumtione,
479 3466 507 3520 et
534 3463 679 3520 morientis
705 3477 800 3536 poena
830 3467 968 3522 cresceret
993 3464 1024 3522 in
1045 3476 1098 3524 sua

79 3545 246 3614 dannatione.
292 3551 374 3609 Ecce
395 3547 517 3607 hominis
546 3548 630 3607 huius
652 3550 797 3623 contritio,
826 3551 886 3609 sive
907 3549 1097 3626 poenitentia,

96 3679 434 3838 lltcbobscinaciona.
454 3744 483 3756 —
512 3714 544 3783 2)
562 3714 582 3768 B
601 3713 649 3766 add
668 3730 734 3784 ago.
755 3743 786 3756 ·-
814 3714 1010 3783 3)Cmir0r,
1035 3717 1097 3768 ira·
1132 3776 1138 3782 ,

147 3803 180 3846 θῐ.
