2654 4308
373 215 428 276 DE
449 217 635 280 DIVERSIS
657 218 892 281 VISIONIBUS.
1112 224 1151 282 85

108 337 138 396 in
156 313 345 398 amaritudine
359 341 446 400 animi
464 343 516 400 sui.
545 341 726 418 Dicebatque
742 344 805 418 sibi,
827 359 925 402 secum
940 343 1153 402 ratiocinando:

108 426 187 486 Ecce
210 427 252 486 sie
267 428 348 498 etsie
363 426 502 504 habuisti,
524 428 597 488 haec
611 429 726 489 ethaeo
740 431 843 505 petisti.
876 428 933 488 Ubi
947 445 1022 488 nunc
1039 436 1083 486 est
1103 429 1153 488 illa

112 513 311 598 devotio,‚ubi
332 530 398 588 spes
419 514 482 590 illa,
512 521 541 575 et
562 518 611 592 pia
633 515 668 574 de
690 516 787 575 divina
808 519 914 591 pietate
935 515 1152 591 praesumptio?

111 599 190 677 Quid
213 602 289 659 nunc
307 603 401 676 agitur
422 601 540 660 tecum?
583 601 621 660 Et
642 603 758 672 adiecit:
781 603 909 662 Petieras
931 608 964 661 ut
984 602 1081 677 aliqua
1102 603 1154 662 tibi

110 685 250 746 revelatio
279 679 368 745 tieret.
410 688 449 746 Et
477 690 501 747 si
528 688 615 748 modo
637 689 733 764 lieret,
762 689 831 765 quid
852 691 1031 764 potissimum
1053 688 1152 748 videre

110 771 254 849 eligeres?
283 771 390 849 Utique
417 774 575 835 Dominum
608 775 767 850 Christum,
793 775 840 834 vel
869 776 1062 836 dulcissimam
1091 778 1152 836 eius

110 867 249 934 matrem,
277 865 328 918 aut
357 867 433 921 certe
461 863 564 922 ambos
585 862 677 920 simul.
722 863 852 938 Cumque
872 863 917 921 his
941 868 969 922 et
990 862 1152 922 huiusmodi

111 948 335 1024 cogitationibus
365 954 522 1023 occupatus
549 948 673 1024 sederet,
705 950 841 1026 vigilans,
869 956 901 1008 ut
931 966 1018 1025 supra
1046 948 1153 1008 dictum

112 1041 172 1109 est,
194 1033 246 1092 sed
268 1032 372 1092 clausis
395 1034 498 1110 oculis,
518 1035 609 1095 lector
621 1031 637 1115 ¹)
660 1035 744 1094 dixit:
774 1037 821 1096 Tu
843 1044 951 1096 actem
994 1036 1154 1095 11111111

110 1136 234 1197 surgens
256 1121 403 1202 subiunxit
423 1125 652 1198 responsorium:
673 1124 850 1182 Benedictus
873 1127 924 1198 qui
945 1127 1024 1182 venit
1045 1127 1077 1182 ta
1097 1139 1154 1180 no-

111 1211 192 1266 minc
220 1207 358 1266 Domine:
393 1208 432 1267 Et
461 1225 527 1268 ecce
555 1211 645 1268 astitit
673 1216 740 1269 ante
768 1209 847 1268 illum
869 1216 1028 1286 torpentem
1050 1225 1153 1268 mona-

112 1294 200 1354 chum
234 1299 365 1352 matrona
393 1295 536 1370 quaedam
563 1297 713 1356 reverendi
741 1297 838 1356 vultus
868 1303 897 1356 11
924 1295 1154 1372 incomparabilis

111 1379 346 1458 pulchritudinis,
378 1380 491 1443 hahens
511 1385 540 1441 in
561 1383 680 1442 brachio
701 1383 870 1442 infantulum
893 1382 965 1442 adeo
987 1382 1156 1459 parvulum,

112 1469 196 1544 quasi
230 1474 358 1526 recenter
386 1475 500 1544 natum,
533 1469 706 1528 involutum·
725 1470 848 1530 fasciolis
877 1470 982 1530 vilibus
1011 1469 1096 1529 valde
1126 1477 1155 1528 et

112 1555 248 1628 abiectis,
278 1556 307 1612 in
335 1562 447 1614 tantum
476 1563 508 1616 ut
537 1558 621 1615 etiam
644 1575 730 1632 super
751 1557 859 1616 vilitate
882 1575 980 1616 earum
1001 1557 1048 1616 ille
1071 1573 1152 1616 com-

110 1643 277 1718 passionem
297 1643 467 1717 conciperet.
509 1641 612 1702 Stabat
633 1650 730 1702 autem
752 1646 833 1718 quasi
854 1651 929 1703 retro
951 1647 1043 1720 ipsam
1065 1661 1153 1704 senex

114 1730 237 1788 amictus
251 1725 348 1804 pallio,
364 1728 480 1788 indutus
494 1731 598 1805 tunica,
621 1736 649 1788 et
664 1729 766 1805 pilleus
788 1748 846 1788 non
867 1733 1046 1802 acuminatus
1068 1747 1153 1805 super

115 1821 204 1890 caput
216 1816 286 1890 eius,
298 1831 372 1889 quae
387 1819 482 1875 omnia
494 1816 665 1875 videbantur
682 1835 744 1876 esse
758 1817 793 1875 de
809 1816 877 1876 lana
898 1817 965 1876 alba
982 1823 1016 1876 ,11
1037 1815 1152 1874 munda.

112 1901 236 1960 Vultum
259 1905 354 1960 tamen
375 1905 451 1978 senis
473 1903 570 1962 videre
590 1920 648 1962 non
669 1906 776 1980 potuit,
798 1905 854 1962 situ
875 1903 951 1979 pillei
972 1903 1152 1979 impediente.

65 2020 73 2039 ι
110 1987 196 2058 Vidit
225 1990 311 2046 etiam
340 1989 435 2048 fusum
464 2008 530 2049 cum
557 1986 652 2070 lieio²)
680 1990 805 2066 pendere
818 1987 852 2048 ‘a
880 1987 968 2050 latere
990 1997 1152 2068 matronae,

112 2074 166 2135 sed
196 2074 291 2134 colum
319 2076 426 2136 vidisse
443 2095 486 2156 'se
515 2095 572 2136 non
599 2079 734 2135 meminit
776 2076 869 2152 Vidit,
899 2084 927 2136 et
955 2079 1022 2152 quia
1050 2075 1153 2135 clarius

111 2161 212 2222 videre
234 2161 338 2237 voluit,
360 2179 447 2238 quam
469 2163 552 2240 vidit,
573 2163 642 2223 nihil
664 2163 744 2223 vidit.
785 2161 908 2240 Aperuit
928 2166 1003 2224 enim
1025 2163 1153 2222 carnales

112 2248 230 2324 oculos,
260 2254 289 2308 et
316 2249 470 2326 gloriosam
497 2250 576 2310 illam
602 2253 742 2310 visionem
768 2251 898 2326 perdidit.
940 2250 979 2308 Et
999 2249 1152 2324 intellexit,

112 2333 193 2412 quod
223 2336 311 2394 beata
338 2337 429 2413 Virgo
456 2337 555 2396 fuisset
583 2337 633 2396 illa
660 2344 806 2412 matrona,
834 2337 926 2396 infans
953 2337 1096 2411 Christus,
1125 2342 1154 2395 et

111 2439 202 2482 sonex
217 2421 339 2498 Joseph.
381 2423 420 2482 Et
440 2427 547 2500 recepit
567 2427 596 2483 in
616 2425 665 2484 illa
686 2425 759 2484 hora
780 2427 910 2501 spiritum
931 2443 1015 2498 suum
1036 2425 1153 2498 bonum,

112 2517 144 2571 et
164 2509 305 2584 reliquum
327 2517 444 2570 sanctae
456 2511 652 2571 sollemnitatis
661 2507 681 2591 ³)
703 2514 842 2588 transegit
861 2514 890 2569 in
912 2511 1017 2588 gaudio
1039 2527 1154 2588 magno.

110 2596 200 2656 Anno
230 2598 339 2672 gratiae
368 2597 517 2657 millesimo
548 2598 741 2658 ducentesimo
771 2601 854 2658 tertio
880 2597 991 2658 decimo
1012 2598 1089 2658 faeta
1111 2603 1155 2657 est

111 2685 187 2743 visio
201 2683 283 2742 haec.
314 2681 529 2744 noviome:
552 2685 628 2762 Quia
645 2703 736 2762 genus
750 2685 834 2754 huius
855 2687 971 2744 visionis
994 2684 1154 2758 discernere

111 2788 172 2830 non
187 2769 280 2844 valeo,
303 2768 341 2828 ad
355 2776 436 2829 tuum
450 2770 520 2829 illud
535 2789 654 2832 examen
675 2767 874 2852 transmitto⁴).
917 2770 1154 2831 MONACHUS:

111 2859 305 2934 Expertorum
339 2863 416 2916 esset
449 2858 518 2917 talia
548 2858 674 2918 diffinire.
725 2858 811 2935 Quod
840 2861 864 2917 si
893 2858 988 2918 dixero
1015 2861 1154 2930 visionem

112 2949 201 3004 istam
230 2944 316 3002 fuisse
344 2944 537 3022 spiritualem,
570 2947 700 3004 ohiieibn
730 2945 807 3020 quod
839 2962 897 3004 non
926 2948 964 3004 sit
990 2947 1019 3003 111
1047 2946 1154 3004 somnis

111 3030 207 3106 saeta,
237 3031 305 3106 quia
330 3031 488 3090 monachus
517 3038 586 3092 tune
614 3031 755 3108 vigilavit3
783 3049 876 3108 neque
897 3034 926 3090 in
949 3033 1058 3106 extasi,
1087 3032 1155 3106 quia

111 3136 252 3179 sensuum
266 3120 437 3177 exteriorum
459 3135 493 3177 eo
515 3116 672 3198 tempore⁶)
695 3120 769 3178 bene
792 3136 910 3195 compos
931 3119 991 3177 fuit.
1033 3119 1108 3178 Item
1130 3119 1155 3176 si

111 3209 278 3267 iudicavere
300 3203 379 3263 illam
401 3206 593 3282 corporalem,
620 3205 785 3282 respondes,
806 3205 884 3281 quod
906 3205 996 3265 oculis
1018 3222 1154 3280 corpora-

111 3294 189 3354 libus
224 3292 344 3366 clausis,
389 3293 572 3368 corporaliter
599 3293 695 3352 videre
725 3309 782 3351 non
810 3294 912 3368 potuit.
956 3291 1033 3368 Quid
1065 3289 1155 3368 ergo?

111 3381 194 3442 Audi
225 3378 260 3438 de
289 3377 345 3437 hoc
366 3381 659 3455 meamopinionem,
693 3373 750 3437 non
772 3381 967 3438 assertionem.
1009 3379 1155 3456 Quantum

113 3487 150 3528 ex
173 3465 236 3527 aliis
254 3465 411 3524 visionibus
435 3467 547 3543 colligo,
563 3465 746 3542 corporalem
766 3466 845 3525 illam
866 3465 970 3541 iudico,
992 3469 1060 3541 quia
1080 3464 1156 3524 luci·

113 3555 184 3615 dum
199 3553 304 3612 Christi
325 3559 475 3627 aspectum
497 3555 658 3628 civiumque
681 3552 855 3626 coelestium,
876 3559 936 3612 tam
958 3553 1069 3612 subtilis
1089 3551 1155 3628 pal-

132 3655 163 3724 1)
181 3653 202 3707 Β
221 3667 297 3704 1111
315 3651 429 3703 lector.
442 3652 514 3718 -2)
532 3651 574 3704 Bc
590 3651 664 3704 lino.
680 3681 713 3690 -
731 3651 763 3720 3)
781 3651 802 3704 Ι)
821 3651 1063 3703 sollemnitatis
1081 3650 1155 3702 olii-

183 3725 276 3774 cium.
304 3751 336 3761 -
370 3721 402 3789 4)
430 3721 449 3772 Β
472 3719 508 3772 ad
532 3730 616 3774 tuum
641 3736 769 3774 examen
793 3720 876 3776 illud
899 3723 1040 3773 remitto.
1067 3749 1096 3760 -
1123 3719 1155 3788 5]

184 3792 248 3846 ACP
267 3793 429 3858 temporis.
495 3827 512 3840 ,
937 3791 941 3800 “
