2538 4314
178 282 238 341 116
497 276 724 340 DISTING'PIO
745 277 894 339 TERTIA

523 416 757 479 carnorum
777 411 868 498 unu

175 541 223 600 Do
243 543 372 616 oirqlue,
404 557 497 616 quom
520 541 647 599 doemon
668 543 700 599 tu
721 541 891 616 spectemus·
907 536 1116 615 procoootum
1150 542 1221 598 tion

211 628 246 687 dc
266 631 341 702 viro,
363 627 510 686 culidem
532 628 659 686 decumo
677 633 800 702 peceato
819 627 885 703 iloto
905 624 1040 702 ematosa
1062 623 1188 700 ocimu,-

315 714 399 774 etde
415 715 528 790 puello,
550 718 634 774 ouius
656 714 919 789 dwirpiuottoucm
937 711 1079 789 prodidit.

239 853 381 929 Tempore
401 852 465 928 illo,
496 869 553 929 quo
576 851 770 912 Scholastieus
793 848 969 911 coloniensis
993 849 1128 910 Oliverus
1152 865 1219 908 eru·

154 955 240 1014 ¹cem
258 939 436 1016 praedicavit
461 942 492 998 in
519 939 648 1015 partibus
677 939 868 1013 Brabantiae,
894 938 968 998 sicut
993 937 1064 996 mihi
1091 936 1221 996 narravit

174 1026 339 1087 Bernardus
360 1025 518 1086 monachus
540 1031 644 1100 noster,
665 1032 734 1086 tunc
757 1027 818 1085 eius
841 1024 952 1101 collega
971 1027 1001 1083 in
1022 1022 1220 1099 praedieatio-

175 1130 228 1188 ne,
256 1114 309 1173 iuit
336 1114 377 1173 ibi
404 1113 501 1190 puella
530 1113 674 1188 quaedam
689 1109 706 1193 ι)
728 1112 876 1190 religiosa,
905 1118 935 1170 et
954 1118 1025 1171 voto
1046 1111 1220 1188 virginitatis

175 1201 308 1278 gloriosa,
329 1206 393 1260 orta
414 1200 450 1259 de
471 1199 593 1260 Nivella.
636 1199 772 1259 invidens
794 1199 926 1260 diabolus
947 1203 1045 1258 tantae
1058 1199 1170 1272 virtuti,
1190 1197 1218 1254 in

175 1289 270 1365 specie
291 1289 344 1346 viri
365 1285 522 1346 admodum
542 1286 655 1362 pulchri
676 1289 803 1362 satisque
832 1286 967 1346 decenter
993 1287 1092 1344 vestiti
1125 1300 1219 1360 appa-

175 1393 241 1435 rens
262 1376 373 1450 virgini,
395 1376 490 1450 coepit
510 1371 588 1431 illam
609 1373 705 1433 verbis
727 1375 872 1433 amatoriis
893 1371 1062 1448 sollicitare,
1087 1369 1219 1431 clenodia

176 1462 292 1536 offerre,
320 1459 438 1520 laudare
468 1461 591 1536 coniugii
612 1460 836 1535 fecunditatem,
862 1461 1032 1536 virginitatis
1053 1459 1218 1533 vituperare

176 1547 360 1608 sterilitatem.
404 1546 458 1606 Oui
478 1549 569 1623 virgo,
590 1548 721 1606 nesciens
743 1549 808 1622 quis
825 1551 910 1622 esset,
930 1544 1092 1621 respondit:
1115 1545 1218 1605 Viurm

176 1634 280 1694 ducere
301 1651 360 1693 non
381 1649 526 1712 propono,
557 1632 661 1693 Christi
689 1651 786 1693 amore
794 1630 817 1714 ²)
838 1634 954 1709 nuptias
982 1631 1114 1692 carnales
1134 1634 1217 1708 post-

175 1738 252 1798 pono
275 1727 304 1782 et
326 1727 487 1780 contemno.
532 1718 662 1795 Cumque
683 1720 808 1780 lascivus
829 1721 877 1779 ille
898 1721 1013 1796 spiritus
1034 1721 1122 1779 nimis
1144 1721 1218 1778 esset

176 1812 202 1869 ei
222 1803 446 1888 importunum),
479 1809 509 1865 in
538 1806 657 1867 diversis
686 1807 757 1868 locis
786 1805 825 1868 ad
852 1805 931 1866 illam
958 1807 1092 1881 veniens,
1124 1805 1216 1865 sciens

174 1895 271 1972 puella
292 1895 398 1954 multas
425 1909 489 1955 esse
516 1895 641 1970 virgines
669 1911 701 1953 se
729 1893 920 1971 pulchriores,
947 1893 1103 1954 nobiliores
1132 1897 1216 1966 atque

177 1982 301 2057 ditiores,
323 1984 419 2059 coepit
439 1987 597 2042 amatorem
618 1980 831 2057 phantasticum
851 1980 959 2040 habere
981 1987 1158 2056 suspectum,
1177 1979 1216 2036 ita

176 2075 209 2128 ut
230 2072 257 2128 ei
278 2067 399 2130 diee'ret:
430 2069 513 2128 Bone
535 2068 664 2144 domine,
687 2069 751 2145 quis
771 2069 819 2128 vel
839 2067 916 2127 unde
938 2069 1017 2142 estis,
1036 2065 1118 2143 quod
1138 2067 1214 2124 tanto

177 2155 247 2215 mihi
279 2155 419 2216 desiderio
449 2151 576 2234 copulari
604 2154 766 2215 affectatis?
817 2154 948 2231 Cumque
974 2153 1022 2213 ille
1050 2156 1158 2214 invitus
1185 2165 1214 2210 se

176 2242 323 2318 proderet,
354 2249 383 2302 et
403 2245 484 2320 virgo
507 2247 587 2303 muto
608 2244 778 2318 propensius
797 2244 929 2315 instaret,
956 2241 1074 2301 tandem
1096 2240 1214 2300 daemon

176 2331 348 2389 necessitate
370 2329 542 2404 compulsus,
565 2330 711 2389 consessus
733 2335 778 2388 est
799 2329 912 2389 dicens:
941 2328 1005 2405 Ego
1026 2345 1093 2388 sum
1115 2326 1213 2411 dalto-
1256 2405 1257 2408 Ἴ

176 2416 230 2475 lus.
273 2414 322 2475 Ad
345 2415 564 2490 quod·verbum
585 2415 633 2474 illa
655 2431 864 2492 expavescens,
896 2414 1058 2492 respondit:
1086 2414 1127 2474 Ut
1147 2408 1212 2488 quid
1256 2431 1257 2438 ¹

177 2519 245 2579 ergo
267 2499 390 2582 angust)
413 2497 526 2562 calnale
548 2504 721 2578 coniugium,
742 2502 821 2578 quod
840 2507 960 2563 naturae
981 2509 1049 2562 tuae
1072 2498 1213 2584 dignosci-

177 2597 224 2648 tur
245 2606 308 2650 esse
341 2588 536 2648 contrarium?
579 2588 621 2647 At
629 2585 649 2667 ⁵)
671 2589 734 2648 ille:
763 2589 809 2648 Tu
836 2595 948 2648 tantum
973 2585 1046 2648 'milri
1073 2585 1212 2656 consenti,

176 2675 248 2735 nilril
275 2675 354 2736 aliud
382 2693 400 2746 a
428 2682 457 2736 te
486 2677 540 2734 nisi
569 2675 690 2751 copulae
712 2692 883 2736 consensum
902 2679 1025 2752 requiro.
1067 2673 1118 2734 Ad
1140 2668 1212 2748 qnod

92 2828 103 2837 ,
177 2763 273 2840 puella
294 2762 453 2839 respondite
474 2761 563 2822 Modo
582 2765 696 2822 omnino
719 2760 799 2844 ubit)
823 2759 1127 2840 contradie03'iugaus
1136 2758 1211 2819 illum

177 2857 294 2911 sanctae
317 2852 409 2910 erneis
429 2850 586 2927 signaculo.
628 2850 813 2926 veniensque
834 2850 873 2910 ad
894 2843 1081 2925 sacerdotem,
1103 2843 1210 2908 revela-

177 2940 220 2997 vit
238 2937 280 2996 illi
309 2937 456 2997 daemonis
482 2936 613 3015 insidias3
645 2955 665 2997 a
693 2954 751 3013 quo
779 2939 850 2997 satis
879 2937 996 3013 edocta,
1024 2953 1061 2996 nc
1089 2933 1209 3010 maligno
1256 2939 1257 2948 ’

178 3027 357 3098 consentiret,
379 3039 496 3084 reversa
517 3026 609 3083 estin
633 3023 750 3084 domum
771 3041 862 3086 suam.
905 3024 1040 3084 Daemon
1060 3039 1129 3085 vero
1149 3020 1210 3096 poti
1256 3093 1257 3102 ἵ

178 3112 385 3197 confessionem
407 3128 472 3171 eam
493 3112 609 3170 omnino
629 3128 687 3170 non
710 3111 858 3187 deserens,
890 3111 927 3172 de
953 3117 1064 3170 remoto
1085 3097 1210 3181 mmenl
1256 3123 1257 3138 ¹

177 3197 345 3274 alloquens,
365 3200 395 3256 in
416 3203 529 3263 tantum
549 3197 629 3257 illam
649 3201 779 3273 vexavit,
807 3204 840 3259 ut
861 3198 1004 3274 quaslibet
1023 3193 1208 3256 immunditias
1256 3193 1257 3256 l

178 3287 207 3344 in
229 3288 290 3344 eius
312 3283 461 3345 scutellam
482 3287 606 3344 mitteret
627 3301 694 3345 cum
714 3284 909 3346 manducaret.
950 3283 1035 3344 Unde
1062 3291 1092 3344 ct
1111 3279 1207 3342 mulio·
1256 3277 1257 3340 i

179 3389 242 3432 rum
264 3371 410 3432 custodiae
433 3374 458 3430 ci
487 3371 632 3432 adhibitae
660 3377 736 3433 sunt
785 3371 820 3431 In
848 3389 1020 3448 quacunque
1049 3370 1133 3432 domo
1163 3362 1207 3423 illa
1256 3389 1257 3408 2

178 3459 238 3533 fuit,
259 3458 315 3520 illic
336 3458 457 3519 daemon
471 3475 611 3535 responsa
632 3458 719 3518 dedit
750 3457 798 3519 Ab
821 3460 954 3520 omnibus
977 3457 1092 3535 quidem
1113 3451 1206 3516 audio·

195 3643 335 3714 ⁸)llcmil.
354 3643 373 3696 l.
391 3660 416 3712 p.
436 3645 495 3697 105.
514 3674 546 3682 —
567 3644 598 3711 1)
617 3643 831 3714 Bunaedam
857 3644 988 3712 puella3
1015 3640 1206 3713 paulopostel
1256 3667 1257 3672 =

248 3729 289 3766 om
307 3713 391 3765 iidem.
411 3742 443 3752 -
462 3714 494 3780 2)
512 3713 554 3764 ΑΡ
573 3717 680 3766 amori.
699 3744 731 3752 —
750 3715 782 3783 3)
800 3713 820 3767 Β
839 3716 868 3766 ei
895 3723 983 3768 esset
1000 3715 1205 3783 importunus
1256 3711 1257 3726 ¹

248 3781 269 3836 G
286 3785 316 3834 ei
334 3785 542 3850 importunus
559 3791 658 3835 esset.
678 3813 709 3823 —
737 3784 770 3852 l]
787 3784 808 3836 B
826 3785 933 3852 erigis
956 3800 972 3836 a
994 3801 1048 3838 me.
1067 3815 1099 3824 -
1121 3780 1150 3848 5)
1166 3770 1204 3828 Αὒ

159 3843 165 3864 “
249 3853 302 3904 ait.
323 3881 353 3892 —
373 3853 405 3921 6)
423 3851 465 3904 BG
481 3852 540 3904 tibi
564 3854 698 3906 omnino.
717 3883 748 3894 -
768 3854 801 3922 7]
817 3853 841 3907 A
859 3862 990 3908 tantum.
