2628 4310
183 217 245 276 296
471 213 698 278 DISTINOE‘IO
723 214 933 278 UNDDOMA

508 406 741 474 CAPITULUM
761 407 898 474 XXXII·
1081 499 1083 508 Ι

402 529 450 588 De
470 535 565 589 morte
588 527 719 589 Comum
739 531 884 590 colluunt
903 532 1007 590 nostri

127 691 134 710 t
250 648 328 710 Ante
355 667 464 726 paucos
490 668 583 715 annos
610 649 811 728 Heydenricus
826 650 975 716 ¹sacerdos
1002 655 1031 724 et
1059 647 1219 716 cellerarius

186 742 282 798 noster
302 741 401 812 maior,
424 739 453 795 in
475 741 582 797 somnis
603 755 744 814 apparens
765 740 923 798 successori
935 754 988 797 suo
1001 735 1153 812 Conrado,
1174 743 1220 795 tu-

158 859 165 872 ·
186 826 280 884 nicam
301 825 481 902 propriamei
501 824 617 890 tradidit
636 824 818 891 mouendam.
862 824 958 901 Quam
980 841 1045 885 oum
1066 823 1114 883 ille
1135 822 1220 883 indu·

186 912 263 986 isset,
282 909 445 970 infirmitate
466 915 648 987 praeventus,
668 917 735 987 post
757 906 817 972 (lies
837 927 947 987 paucos
969 911 1119 970 defunctus
1143 917 1196 970 est

504 1101 737 1170 cucullium
757 1101 909 1168 XXXIII„

186 1225 234 1284 De
253 1229 350 1283 morte
366 1221 501 1283 Contraria·
521 1224 660 1282 monaehi
680 1226 776 1283 nostri
798 1241 886 1300 quun
903 1223 1076 1282 Riehwinus
1098 1226 1221 1282 vocarit.

250 1342 385 1408 Nondum
414 1361 506 1410 annus
535 1341 649 1421 elapsus
674 1351 736 1419 est,
764 1342 842 1420 quod
863 1343 1035 1406 cumbertus
1062 1342 1222 1410 monachus

185 1437 283 1494 noster
295 1437 379 1491 nocte
388 1429 542 1494 Dominica
555 1433 584 1492 iu
598 1430 686 1496 choro
703 1431 892 1506 obdormiens,
905 1430 1087 1496 Richwinum
1101 1430 1222 1493 cellera-

185 1519 397 1581 riumnostrum
408 1517 699 1596 autoallquotannos
710 1517 886 1594 defunctum,
904 1518 1026 1580 chorum
1035 1518 1144 1578 intrare
1156 1535 1223 1580 cou-

186 1606 288 1680 spexit.
318 1603 358 1664 Et
379 1621 444 1664 cum
457 1612 595 1666 annueret
608 1607 732 1666 eimanu
754 1603 861 1683 dicens,
881 1605 968 1666 frater
981 1603 1139 1666 Lamberte
1161 1605 1222 1665 veui

186 1691 273 1755 simul
292 1691 396 1753 ibimus
417 1689 456 1752 ad
477 1691 610 1754 Rhenum
617 1711 626 1770 ς
654 1689 701 1754 ille
729 1693 822 1751 scions
851 1708 916 1752 eum
944 1695 1104 1766 mortuum,
1133 1693 1223 1753 renuit

187 1784 216 1837 et
237 1779 291 1839 ait:
314 1776 432 1853 Credita
447 1778 517 1842 mihi
537 1796 595 1843 uon
616 1779 664 1838 ibo
686 1779 845 1840 vobiscum.
892 1777 922 1840 A
950 1793 1006 1860 quo
1030 1793 1097 1836 cum
1127 1777 1223 1856 repui-

185 1881 249 1930 sam
269 1871 428 1947 pateretur,
456 1865 493 1924 ad
524 1867 687 1940 oppositum
713 1863 831 1926 chorum
860 1881 891 1924 se
920 1869 1049 1938 vertens,
1078 1865 1222 1940 queniam

186 1967 284 2026 senem
304 1951 479 2014 monachuun
498 1951 660 2016 conradum
675 1953 799 2026 nomine,
821 1952 870 2026 qui
891 1953 967 2013 auca
988 1947 1221 2030 quinquaginta)
1282 2009 1283 2012 ,

186 2055 277 2104 anuos
298 2034 470 2105 mutaverat
496 2040 525 2098 in
555 2038 669 2114 ordine,
697 2037 780 2112 simili
807 2041 888 2115 siguo
916 2055 952 2099 ao
978 2037 1069 2100 verbo
1097 2041 1222 2100 vocavit
1282 2035 1283 2056 ¹

185 2123 280 2204 Quem
301 2123 348 2190 ille
369 2142 438 2190 mox
458 2131 574 2195 actutu
596 2129 647 2200 est,
669 2127 784 2200 caputio
805 2125 895 2203 capiti
920 2126 1064 2204 inposito.
1113 2124 1222 2188 Eadem
1282 2115 1283 2196 ἶ

186 2212 232 2278 die
253 2219 320 2293 post
341 2228 461 2280 coenam
483 2229 548 2278 cum
566 2212 651 2278 Prior
672 2210 812 2294 quosdam
834 2228 870 2270 cx
890 2211 974 2276 uobis
982 2206 1003 2291 ²)
1026 2219 1173 2287 vocasset,
1197 2217 1223 2272 ot
1282 2221 1283 2284 l

185 2297 262 2360 idem
285 2297 435 2363 Corradus
455 2315 591 2374 praesens
614 2305 699 2373 esset,
719 2301 760 2358 ait
781 2298 807 2359 ei
828 2315 875 2361 me
896 2297 1029 2364 audiente
1050 2298 1110 2358 iam
1135 2299 1222 2360 dicun
1282 2301 1283 2348 l

127 2419 130 2425 ,
185 2385 373 2450 Lambertus:
399 2384 476 2448 Vero
498 2384 612 2447 domiue
635 2383 781 2460 Conrado,
810 2402 863 2450 vos
886 2387 942 2448 cito
971 2385 1143 2446 moriemini.
1191 2385 1220 2446 Iu

185 2472 240 2531 hac
263 2475 337 2532 enim
360 2471 472 2535 cuculla
493 2472 551 2536 vidi
573 2490 626 2538 vos
647 2471 703 2535 hac
723 2477 809 2534 nocte
830 2471 1010 2536 Rlohwiuum
1038 2479 1221 2549 sequentem,

185 2560 309 2620 referens
340 2561 365 2618 ei
387 2561 526 2619 visionem
555 2575 607 2634 per
629 2559 766 2618 ordinem.
810 2557 863 2617 Cui
892 2557 939 2617 illo
968 2557 1132 2635 respondit:
1161 2559 1220 2618 Nou

186 2663 262 2721 curo,
284 2646 371 2706 modo
392 2645 497 2705 vellem
515 2663 578 2708 esse
598 2653 738 2710 mortuus.
780 2645 918 2726 Sequenti
939 2647 1014 2704 enim
1037 2644 1081 2704 die
1103 2648 1130 2704 si
1153 2647 1220 2706 bene

183 2736 299 2794 memini
320 2733 454 2792 infirmari
477 2735 585 2808 coepit,
611 2741 640 2792 et
660 2738 728 2808 post
748 2732 838 2792 breve
860 2738 975 2808 tempus
996 2731 1166 2807 defunctum,
1194 2734 1219 2789 in
1282 2793 1283 2816 ἢ

183 2818 285 2880 ,εαάοιη
307 2819 421 2880 cuculla
441 2818 579 2895 sepultus
593 2825 645 2880 est

500 2987 733 3076 umuuuuu
754 2969 929 3076 xxxiv]

194 3133 241 3191 De
262 3137 357 3190 morte
380 3126 515 3206 Greyorii
536 3121 670 3190 Armenii
692 3149 778 3206 quern
800 3137 897 3190 muter·
918 3131 1060 3207 Munna
1082 3135 1206 3192 vocavit

246 3253 367 3314 Femina
387 3251 530 3329 quaedam
552 3251 685 3329 religiosa
706 3251 741 3312 de
763 3251 900 3320 Armenia
925 3269 992 3316 cum
1018 3251 1076 3314 lilio
1104 3261 1135 3316 et
1164 3253 1217 3312 filiu

183 3343 303 3404 veniens
324 3338 486 3413 Coloniam,
516 3341 545 3398 in
568 3339 688 3398 ecclesia
716 3341 817 3403 maiori
846 3341 957 3404 ieiuniis
988 3345 1016 3400 et
1044 3341 1216 3400 orationibus

183 3427 249 3490 Deo
271 3422 473 3505 seruebaut³i
516 3425 686 3486 Vocabatur
706 3432 803 3486 autem
824 3425 899 3486 filius
929 3422 1020 3508 oius⁴)
1049 3426 1216 3504 Gregorius,

182 3514 269 3574 homo
297 3513 416 3591 simplex
446 3519 474 3572 et
501 3509 671 3592 sacerdos⁶).
720 3512 833 3574 Nomou
859 3519 957 3577 autom
985 3515 1090 3576 sororis
1118 3513 1214 3574 Maria

181 3600 267 3661 Anno
289 3605 386 3660 autem
398 3601 551 3676 praeterito
564 3606 655 3659 matre
673 3597 814 3674 defuncta,
835 3599 908 3659 iufra
928 3601 1112 3661 tricenarium
1133 3603 1213 3660 otiam

202 3717 233 3787 l)
250 3716 271 3770 B
289 3717 518 3786 quadraginta.
536 3747 568 3756 -
588 3717 620 3784 2)
638 3715 659 3769 E
678 3731 710 3768 ex
727 3716 895 3769 fratribus.
911 3745 942 3758 ·-
961 3716 995 3787 3)
1011 3715 1077 3772 BDE
1095 3717 1212 3771 servio·

207 3849 209 3854 y
249 3787 312 3840 bat
333 3815 363 3838 η-
382 3787 414 3856 4)
432 3789 504 3846 sius
521 3784 572 3838 atu
587 3785 663 3841 cci.
682 3811 713 3834 v·-
733 3786 766 3855 5)
783 3786 803 3840 B
820 3795 943 3844 reatus»
