2642 4330
427 297 481 360 DE
504 295 776 364 DAEMONIBUS.
1090 307 1151 365 289

112 420 353 485 nonnullae:
373 421 467 500 Supra
490 423 670 504 distinctione
686 425 779 500 prima
794 422 918 498 capitulo
940 423 1082 485 tricesimo
1105 443 1155 487 se·

113 511 206 572 cundo
222 511 332 571 dlctum
346 518 389 570 est
403 511 438 570 de
451 509 570 571 Abbate
582 511 816 586 Morimundensi,
830 509 907 585 quod
922 510 1077 572 daemones
1089 515 1154 573 ani-

27 589 30 598 ’
113 615 190 660 mam
204 599 243 657 ad
256 597 354 657 locum
364 593 381 680 ¹)
394 611 552 674 poenarum
564 604 710 674 portantes
726 601 932 658 cruciavenmt
961 599 1095 660 Similiter
1109 599 1153 660 dl-

113 687 267 746 stinctione
297 684 423 744 secanda
446 685 571 760 capitulo
605 691 686 744 sexto
707 683 922 744 Hildebrandus
942 684 1016 745 latro
1037 684 1154 747 Bertol·

114 771 172 850 pho
201 777 270 848 post
298 778 419 830 mortem
441 789 598 848 apparens,
624 773 716 832 multa
736 771 824 831 millia
846 771 1017 831 daemonum
1040 773 1154 852 dicebat

114 860 241 919 animam
270 876 355 917 suam
375 859 443 918 foris
465 858 642 935 praestolari.
684 857 884 918 NOVICIUS:
914 859 946 918 Si
967 860 1039 920 haec
1061 864 1101 920 ita
1123 879 1154 921 se

113 947 231 1020 habent,
249 951 359 1005 certum
376 951 419 1006 est
432 946 529 1020 plures
547 942 618 1005 esse‘
632 945 795 1020 daemones,
810 963 898 1020 quam
912 945 1042 1005 homines
1055 947 1154 1008 malm.

113 1031 352 1092 MONACHUS:
376 1031 524 1108 Quantum
537 1032 724 1108 adpraesens
737 1039 859 1108 tempas,
881 1035 1054 1110 quaestionis
1069 1035 1155 1094 huius

113 1120 288 1181 solutionem
309 1119 381 1178 seire
403 1136 461 1177 non
489 1135 657 1195 possumus;
687 1118 739 1178 sed
761 1125 870 1178 certum
890 1119 1047 1196 habemus,
1077 1121 1154 1197 quod

111 1209 142 1266 in
161 1205 220 1266 fine
242 1205 351 1281 muudi,
373 1206 489 1280 quando
504 1205 663 1282 completus
677 1206 760 1266 luerit
773 1223 908 1266 numerus
929 1209 1116 1283 reproborum
1124 1205 1154 1284 ²),

112 1292 202 1352 multo
225 1292 324 1372 plures
353 1299 436 1352 erant
456 1293 525 1352 moli
546 1293 690 1366 homines,
723 1309 810 1368 quam
833 1293 995 1353 daemones.
1037 1293 1154 1354 NOVI-

113 1379 216 1440 OIUS:
240 1377 325 1438 Unde
338 1378 566 1454 lrocprobatur?
609 1378 842 1440 MONAOHUS:
866 1379 989 1440 Decima
1010 1399 1077 1456 pars
1099 1399 1154 1440 an-

110 1467 244 1544 gelorum
269 1465 379 1540 cecidit,
401 1483 438 1525 er
451 1467 556 1541 quibus
583 1466 737 1526 daemones
759 1467 827 1526 facti
849 1474 923 1525 sunt
966 1468 1053 1528 Teste
1067 1469 1154 1528 beato

112 1553 272 1630 Gregorio,
304 1559 347 1612 tot
379 1555 523 1612 ascensuri
545 1558 612 1610 sunt
634 1569 669 1611 err
691 1553 789 1612 electis
811 1553 989 1628 hominibus,
1022 1562 1093 1632 quot
1115 1557 1155 1615 ibi

111 1641 209 1718 angeli
228 1646 427 1699 remanserunt
438 1637 467 1720 ³).
511 1639 677 1700 Secundum
698 1640 754 1699 hoc
775 1657 881 1700 novam
900 1643 1029 1716 partibus
1050 1659 1155 1701 nume-

111 1724 193 1808 msa)
216 1727 366 1788 hominum
388 1727 543 1786 electorum
560 1727 741 1786 transcendet
761 1727 1155 1788 numemm'daemoniorum.

113 1815 187 1891 Quis
209 1831 279 1890 ergo
303 1813 414 1872 dubitet
422 1812 451 1893 ⁵),
473 1816 542 1888 quin
558 1814 817 1889 incomparabiliter
838 1815 933 1890 plures
956 1818 1012 1873 sint
1025 1815 1154 1876 homines
1214 1855 1220 1862 -

114 1901 199 1976 mali,
230 1918 319 1976 qnam
341 1899 431 1959 boni?
474 1900 536 1960 Nec
563 1902 593 1958 in
615 1900 670 1961 hoc
692 1900 760 1960 mali
781 1901 911 1960 homines
933 1901 1058 1976 aliquam
1080 1905 1155 1961 reei-

113 1983 224 2067 pient⁶)
241 1987 476 2060 consolationem,
497 1987 706 2062 quod'numero
721 1987 805 2065 longe
820 1987 915 2064 plures
938 1997 1021 2048 erunt
1036 1988 1155 2048 daemo-

114 2077 208 2150 nibus,
232 2077 300 2150 quia
321 2080 403 2133 tanta
414 2079 459 2132 est
473 2074 586 2132 illorum
606 2074 743 2134 naturalis
757 2078 894 2150 potentia,
915 2082 995 2134 tanta
1009 2083 1155 2136 connects

114 2162 233 2236 malitia,
255 2167 338 2220 tants
351 2161 502 2235 torquendi
515 2161 663 2234 industria,
677 2169 709 2219 ut
720 2179 795 2220 unus
809 2162 905 2220 multis
922 2161 1047 2222 millibus
1061 2163 1155 2222 homi-

114 2267 184 2308 num
205 2251 236 2308 in
249 2251 351 2324 poenis
365 2246 535 2308 adhibendis
550 2248 679 2307 sufficere
700 2252 800 2324 possit.
829 2248 911 2308 Haeo
926 2249 961 2308 de
976 2249 1155 2308 multitudine

114 2336 307 2412 malignantum
325 2336 475 2410 spirituum
490 2334 566 2393 dicta
588 2337 653 2394 sint.
686 2334 772 2411 Quod
786 2343 882 2394 autem
896 2336 1156 2420 incomparabiliter

116 2422 183 2482 mali
206 2424 265 2482 sint
287 2428 316 2480 at
336 2421 581 2497 immisericordes,
602 2423 688 2482 variis
710 2424 761 2482 tibi
781 2423 908 2498 pandam
931 2423 1076 2500 exemplis.

484 2597 719 2674 cnrrruuuru'
733 2611 789 2674 nx.

113 2737 162 2796 De
177 2735 331 2807 doenum
354 2739 406 2811 qui
428 2735 503 2796 dicit
523 2754 553 2794 ee
567 2737 656 2796 malle
670 2752 738 2794 curn
759 2753 824 2796 una
839 2739 942 2794 aalma
957 2753 977 2794 o
990 2755 1020 2796 ee
1036 2738 1155 2814 decepta

209 2821 382 2884 descendere
403 2827 435 2882 io
456 2821 618 2899 infernum,
647 2824 856 2898 quamcredere
878 2823 920 2882 ad
941 2823 1062 2884 coelum.

179 2944 316 3004 Daemon
338 2942 454 3018 quidam
477 2944 545 3004 dum
558 2941 579 3024 ⁷)
600 2942 745 3004 honinem
767 2963 785 3004 a
807 2962 838 3004 se
859 2938 1010 3004 obsessum
1031 2945 1154 3006 horribi-

113 3031 178 3090 liter
201 3036 365 3106 torqueret,
399 3037 427 3090 et
454 3031 573 3090 diversis
593 3047 645 3106 per
666 3049 699 3090 os
722 3035 783 3090 eius
800 3031 950 3108 garriendo
973 3033 1086 3092 diversa
1108 3051 1155 3092 rc·
1180 3056 1183 3064 ’

113 3118 282 3193 sponderet,
306 3115 413 3176 dietum
435 3124 479 3178 est
499 3121 525 3178 ei
547 3119 712 3194 aquodam
734 3135 769 3181 ex
792 3121 1054 3180 circumstantibus:
1083 3119 1155 3196 Dic,

114 3204 238 3279 diabole,
262 3207 286 3262 si
307 3221 407 3279 posses
428 3204 467 3264 ad
483 3205 604 3282 gloriam
625 3208 654 3263 in
677 3222 734 3280 qua
755 3205 833 3264 fuisti
854 3206 953 3281 redire,
975 3207 1044 3282 quid
1065 3207 1154 3267 velles

111 3281 232 3368 propter
260 3290 317 3352 hoc
346 3291 451 3350 laboris
472 3289 631 3352 sustinere?
674 3280 835 3368 Respondit
855 3291 915 3353 ille:
949 3292 980 3352 Si
1001 3294 1057 3354 hoc
1080 3301 1157 3354 esset

111 3380 143 3436 in
165 3395 232 3437 meo
247 3377 373 3452 arbitrio,
394 3378 509 3437 mallem
531 3397 597 3438 cum
618 3395 676 3438 una
698 3381 793 3438 anima
815 3398 833 3438 a
857 3376 937 3460 mel)
960 3380 1081 3457 decepta
1102 3382 1155 3441 de-

111 3464 253 3526 scendere
281 3465 311 3522 in
331 3463 487 3541 infernum,
516 3483 604 3541 quam
632 3465 723 3526 redde
750 3467 787 3526 ad
815 3465 935 3526 coelum.
983 3467 1155 3528 Mirantibus

133 3668 169 3735 1)
186 3665 251 3723 Alil’
269 3666 356 3730 loca3
375 3665 450 3734 paulo
468 3677 527 3736 post
544 3667 589 3720 ab
616 3669 857 3721 cruciaverint.
877 3699 907 3710 -
927 3670 959 3738 2)
977 3669 1019 3724 ΑΡ
1042 3686 1156 3738 repro-

187 3733 297 3787 borum
315 3741 472 3788 numerus.
493 3768 523 3778 -
543 3739 575 3804 3)
594 3737 697 3806 Gregor.
716 3739 742 3790 in
760 3739 857 3808 Evang.
873 3739 964 3792 Homil.
982 3738 1094 3804 XXXlV,
1114 3741 1154 3792 ll.

189 3835 220 3845 -
232 3803 300 3871 4]0
317 3803 499 3874 angelorum
523 3823 676 3859 numerus.
691 3837 721 3848 -
736 3807 862 3878 5JABbr
880 3805 1014 3862 dubitat.
1028 3839 1057 3848 -
1072 3810 1103 3876 6)
1115 3810 1155 3864 BG

187 3875 361 3940 recipiant.
381 3904 412 3914 -
432 3877 464 3944 7)
482 3875 542 3930 BCl'
560 3893 637 3928 curn.
656 3907 688 3916 -
707 3877 739 3946 8)
757 3894 772 3931 a
789 3895 835 3930 me
853 3877 903 3928 add
922 3877 970 3931 BG.

846 3953 894 4026 13
