2642 4330
188 276 250 336 ³56
509 275 738 338 DISTINOTIO
767 276 902 339 SEXTA

551 465 786 530 CAPITULUM
806 469 860 530 VI.

253 603 329 664 rom
350 607 415 665 osea
435 605 548 666 aaut
569 607 739 753 Ηωέωἷηι·
759 609 876 668 neema
897 593 1159 670 amorraeum

660 711 691 754 cc
702 699 785 754 asiae

183 892 185 900 ,
252 829 321 889 Fuit
330 832 433 890 nosuis
446 833 623 908 temporibus
636 835 666 890 in
676 832 921 894 Hildinshemensi
932 833 1063 894 Ecclesia
1076 834 1227 894 virbonus

187 915 309 992 Deoque
322 935 413 993 carus,
433 921 547 978 nomine
561 919 753 995 Hermannus,
769 923 854 981 variis
872 922 1025 980 virtutibus
1043 927 1073 980 et
1089 922 1227 980 virtutum

187 1005 322 1079 operibus
333 1004 497 1064 edomatur.
517 1006 629 1082 Vigiliis
640 1009 762 1084 sanctim
774 1009 957 1083 orationibus,
967 1010 1078 1067 ieiuniis
1090 1014 1118 1066 et
1130 1009 1225 1082 operi-

187 1092 242 1150 bus
253 1092 463 1152 misericordiae
476 1091 542 1151 Deo
556 1087 741 1169 omnipdtenti
763 1093 871 1153 studuit
884 1093 1006 1171 plaeere.
1029 1093 1142 1170 Quibus
1155 1110 1227 1169 ope-

186 1179 266 1237 ribus
287 1178 405 1238 humaui
431 1182 543 1255 generis
564 1182 695 1240 inimicus
714 1183 854 1258 irritatus,
887 1199 953 1241 cum
984 1181 1064 1240 illum
1093 1182 1227 1240 omnibus

186 1265 281 1324 modis
301 1265 460 1341 impediret,
482 1265 576 1326 dicere
599 1270 625 1326 ei
645 1267 745 1327 solitus
767 1274 842 1328 erat:
872 1267 899 1328 0
921 1267 1043 1327 multum
1064 1267 1143 1328 male
1163 1267 1226 1327 dia·

187 1351 262 1426 bole,
283 1358 316 1410 ut
338 1352 406 1427 quid
427 1358 539 1412 tantum
559 1369 607 1412 me
628 1354 739 1414 vexas?
777 1355 920 1432 Tempore
941 1355 1067 1431 quodam
1088 1371 1156 1414 cnm
1177 1371 1225 1414 ar-

187 1437 337 1498 busculam
358 1441 387 1498 in
409 1441 535 1515 pomerio
557 1457 611 1499 suo
632 1441 782 1516 plantaret,
804 1448 834 1501 et
854 1442 985 1502 trunculo
999 1438 1015 1522 ¹)
1042 1441 1119 1501 illius
1154 1441 1225 1500 duas

188 1521 342 1604 virgulas²)
363 1527 507 1602 insereret,
527 1530 678 1603 unaaruit,
700 1528 830 1588 etaltera
842 1528 995 1588 convaluit.
1027 1527 1099 1587 Mox
1112 1531 1225 1606 signum

187 1618 289 1688 petens
313 1629 332 1671 a
359 1611 486 1672 Domino
514 1616 569 1672 ait:
598 1613 682 1691 Rogo
709 1621 754 1690 te,
783 1619 963 1692 omnipotens
985 1615 1082 1690 Deus,
1112 1619 1139 1675 si
1171 1631 1225 1674 vo-

187 1697 283 1758 luntas
304 1703 355 1758 tua
376 1697 461 1778 θεῖ’),
481 1706 516 1758 ut
535 1701 669 1760 sacerdos
690 1701 768 1777 fiam,
788 1702 834 1762 iac
855 1710 888 1762 ut
909 1702 1040 1762 surculus
1052 1701 1108 1761 ‘hic
1130 1701 1225 1762 aridus

187 1777 351 1846 re'viroseat.
398 1785 473 1846 Mira
495 1787 645 1847 elementia
666 1785 761 1869 Deit).
808 1789 911 1849 Statim
933 1792 1016 1866 virga
1036 1789 1118 1848 arida
1139 1803 1224 1848 succo

189 1875 283 1949 coepit
311 1875 445 1949 ordmeri,
471 1879 499 1934 et
526 1881 654 1949 tempore
682 1892 735 1934 suo
763 1875 943 1954 lmctificare.
996 1876 1103 1951 Sitque
1135 1878 1224 1935 virtus

188 1959 301 2034 divina,
330 1977 404 2036 qnae
425 1960 526 2019 Aaron
557 1964 680 2036 primum
702 1963 880 2022 sacerdotem
903 1980 955 2038 per
983 1965 1095 2040 virgam
1116 1962 1224 2023 aridam

189 2053 288 2107 contra
298 2054 430 2106 naturam
440 2047 587 2108 florentem
597 2051 627 2108 in
638 2044 796 2108 sacerdotio
812 2049 990 2110 confirmavit
999 2047 1030 2129 ⁵),
1042 2051 1120 2109 hunc
1133 2052 1225 2110 virum

188 2133 348 2211 sacerdotio
381 2134 498 2210 dignum
534 2135 636 2195 eadem
657 2138 771 2196 ‘vitute
799 2137 1001 2212 praeostendit.
1043 2136 1116 2196 Post
1144 2137 1223 2196 cuiue

188 2227 309 2280 mortem
356 2237 423 2280 eum
466 2220 582 2296 quidam
620 2223 680 2282 eius
721 2223 852 2298 clericus,
898 2223 1083 2283 Everhardus
1129 2219 1222 2284 nomi-

187 2325 240 2382 ne,
274 2308 320 2367 cui
349 2308 501 2368 ecelesiam
529 2311 613 2369 vivus
642 2310 814 2385 contulerat,
847 2313 942 2370 visuum
976 2310 1161 2386 perdidisset,
1194 2314 1223 2368 et

188 2394 363 2470 quotidiead
384 2395 458 2454 illius
480 2396 618 2471 tumbam,
645 2397 681 2456 de
703 2399 853 2457 sanctitate
875 2414 910 2457 ae
932 2399 1038 2473 pietate
1060 2399 1122 2457 eius
1143 2411 1222 2474 spem

187 2481 306 2556 habens,
328 2487 430 2555 oraret,
450 2482 599 2557 postulans
614 2500 646 2542 se
666 2490 783 2559 propter
800 2486 902 2543 merita
924 2484 1030 2542 domini
1051 2486 1096 2543 sui
1117 2483 1221 2542 illumi·

187 2569 257 2642 uari,
278 2573 395 2627 sanctus
415 2568 599 2628 Hermannus
621 2569 667 2629 die
689 2570 815 2646 quadam
837 2571 985 2631 visibiliter
1004 2571 1045 2629 illi
1066 2585 1220 2648 apparens,

187 2657 243 2716 ait:
265 2654 406 2730 Quidvis
428 2663 460 2715 ut
481 2656 584 2715 faciam
605 2655 679 2716 tibi?
699 2658 823 2717 Dicente
845 2673 946 2722 caeco:
968 2657 1101 2734 Domine,
1122 2664 1156 2717 ut
1175 2657 1221 2715 vi-

187 2742 287 2818 deam3
315 2759 388 2802 voce
410 2743 577 2818 evangelica
598 2749 715 2802 sanctire
736 2743 777 2802 illi
797 2743 958 2821 respondit:
985 2745 1121 2821 Respice,
1149 2758 1220 2802 nam

184 2829 257 2906 {idm
286 2835 341 2889 tua
370 2838 397 2890 te
424 2831 542 2889 saluum
569 2824 683 2906 facist).
725 2830 836 2890 Eadem
863 2830 935 2891 hora
956 2825 1075 2891 clericu's
1085 2828 1105 2912 1)
1126 2831 1221 2890 lumen

186 2918 302 2993 recepit,
324 2923 353 2976 et
373 2919 442 2992 quia
461 2916 604 2976 Dominus
625 2915 834 2997 mntfioassett)
857 2925 989 2977 sanctum
1021 2936 1105 2978 suum
1132 2920 1162 2976 in
1189 2930 1220 2974 se

185 3005 249 3079 ipso
264 3011 406 3079 expertus,
417 3003 553 3080 quamdiu
567 3005 646 3077 vixit,
660 3007 768 3080 gratias
783 3007 849 3081 egit.
888 3005 996 3064 Postea
1017 3022 1084 3065 eum
1105 3002 1220 3082 qnidam

186 3096 319 3166 aegrotus
341 3092 378 3150 ad
406 3092 572 3149 memoriam
594 3089 755 3166 Martyrum
775 3091 876 3151 fuisset
902 3091 1077 3168 deportatus,
1097 3108 1151 3152 nec
1171 3105 1220 3148 sa-

185 3182 279 3252 natus,
302 3177 419 3237 consilio
441 3177 590 3256 cuiusdam
611 3179 669 3236 iam
692 3178 767 3237 dieto
792 3177 954 3238 Goniessori
976 3185 1076 3238 votum
1097 3180 1171 3250 feeit,
1191 3178 1219 3232 et

177 3265 340 3352 ¹convaluit.
381 3263 504 3324 Factum
519 3270 570 3338 est,
592 3266 664 3322 utin
678 3267 871 3326 anniversaria
883 3265 928 3325 die
942 3265 1048 3325 domini
1065 3259 1219 3326 Hermanni

186 3350 337 3411 eeclesiam
357 3353 483 3426 intraret,
505 3357 534 3409 et
548 3350 793 3426 compulsantibus
815 3354 971 3428 campanis,
994 3353 1127 3412 eum-ille
1149 3365 1216 3410 eeu·

185 3454 249 3497 sam
276 3440 445 3516 inquireret,
475 3443 504 3497 et
534 3437 650 3513 quidam
673 3441 699 3498 oi
719 3439 937 3516 responderent:
966 3439 1062 3500 Hodie
1090 3440 1150 3500 dies
1175 3437 1218 3495 est

205 3640 235 3710 1)
252 3639 337 3693 acui
355 3649 480 3693 trunco.
500 3671 532 3682 -
553 3641 585 3708 2)
602 3641 667 3694 aar
685 3643 805 3711 virgas.
824 3672 856 3683 -
875 3642 907 3710 3)
925 3641 945 3695 (l
962 3650 995 3694 ut
1017 3644 1045 3694 si
1068 3641 1214 3696 volontas

255 3720 309 3763 tua
324 3711 420 3774 cst,B
436 3720 469 3763 ut
486 3713 513 3763 si
532 3720 583 3763 esi
600 3711 957 3776 uoluntas.tua,dl)PllR
971 3720 1006 3765 ui
1023 3714 1049 3764 si
1066 3711 1214 3767 voluntat

254 3789 309 3832 tua
328 3782 380 3832 sit.
398 3811 432 3821 -
455 3783 488 3850 4)
504 3781 590 3836 acui>
613 3782 747 3835 Christi.
767 3811 796 3822 -
823 3781 854 3849 5)
872 3782 972 3834 llumer.
993 3782 1034 3836 17.
1053 3813 1086 3824 -
1110 3781 1143 3850 6)
1161 3777 1214 3831 Luc·

255 3851 357 3917 18,tt.
376 3881 407 3892 -
426 3852 458 3922 7)
476 3851 496 3905 B
515 3867 640 3906 caecus.
658 3883 691 3892 —
709 3853 742 3922 8)
759 3851 780 3905 B
797 3851 1005 3906 mirificavit.
