2664 4308
459 265 514 325 Du
536 263 827 326 SIMPLIGITATE.
1097 267 1158 326 389

125 394 155 447 st
188 389 323 462 vestitus,
359 403 425 447 cum
447 387 577 448 sollemni
606 394 692 446 cantu
720 386 886 462 deportatus
922 393 966 446 cst
998 388 1026 444 in
1063 394 1159 447 orato-

122 477 205 534 rium.
247 473 286 533 Et
307 491 390 550 spero
413 474 490 550 quod
513 478 582 534 catti
605 474 753 549 leonisque
775 475 898 534 evaserit
918 473 1043 534 insidias.
1084 473 1190 610 Dis-t

122 561 207 621 bolus
229 567 306 620 catto
329 568 358 620 et
378 561 469 635 leoni,
498 564 548 638 qui
577 565 645 622 satis
666 563 695 619 in
716 561 808 620 forma
830 567 858 619 et
879 562 907 617 in
929 567 1032 624 natura
1048 556 1064 640 ¹)
1087 577 1158 621 con·

122 648 250 724 cordant,
274 648 443 733 simplicium
466 648 617 710 animabus
638 643 825 707 morientibtrs
846 648 969 706 maxime
990 647 1159 722 insidiando,

120 741 237 812 propter
265 737 452 810 rapacitatem
484 733 669 795 assimulatur
680 731 710 814 ²).
754 733 849 810 Quam
870 733 978 794 fortiter
998 733 1159 810 impellatur

120 827 150 881 et
169 819 327 897 repellatur
348 822 524 892 orationibus
552 824 692 882 iustorum
713 823 742 879 in
763 821 835 880 hora
860 821 910 879 illa
930 821 1060 895 terribili,
1089 823 1159 880 satis

119 908 220 968 audies
241 910 271 966 in
294 907 471 968 distinctione
493 907 645 967 undecima
667 907 703 967 de
725 906 918 967 morientibus.
960 907 1042 966 Idem
1061 907 1159 967 Lodc·

118 997 217 1070 wicus,
239 995 306 1054 lieet
326 1001 428 1054 natura
450 994 570 1071 simplex
591 995 689 1069 fuerit,
712 997 782 1054 satis
803 1002 899 1054 tamen
921 994 1071 1054 carnaliter
1090 1001 1157 1054 ante

118 1083 336 1142 conversionem
364 1085 474 1140 vixerat
502 1099 593 1157 usquc
621 1081 659 1140 ad
686 1088 810 1141 aetatem
832 1081 1015 1156 decrepitam.
1060 1079 1158 1157 Quan-

117 1176 180 1227 tum
202 1185 272 1228 vero
293 1171 384 1227 virtus
406 1168 593 1244 simplicitatis
614 1168 694 1242 Deo,
727 1171 775 1244 qui
802 1174 923 1228 naturae
945 1166 1079 1242 simplicis
1100 1173 1158 1242 est,

116 1255 241 1332 placeat,
262 1255 411 1315 cuiusdam
433 1255 657 1322 sanctimonialis
679 1272 756 1314 mors
777 1257 902 1331 pretiosa
924 1253 1089 1314 declarabit
1198 1325 1200 1330 ,

428 1442 662 1506 CAPITULUM
684 1445 849 1507 XXXVII.

197 1563 247 1626 De
268 1573 363 1628 morte
383 1567 518 1644 simplicia
539 1567 685 1639 monialis,
708 1585 786 1644 quae
807 1585 931 1644 capram
946 1565 1080 1646 putabar

313 1663 315 1668 ·
421 1653 643 1733 ceroferariorum
666 1654 855 1716 saecularem

173 1755 1157 1831 IuDioecesiTrsverensimonasteriumquoddamsanctimouialicm

118 1843 206 1902 situm
235 1849 292 1918 est,
323 1843 429 1903 Latera
441 1840 463 1923 ³)
492 1842 645 1902 vocabulo.
687 1842 722 1901 In
750 1843 807 1902 hoo
834 1860 871 1902 ax
893 1843 1017 1918 quadam
1038 1846 1157 1920 antiqua

119 1929 324 1989 consuetudine
346 1931 425 1988 nulla
438 1931 572 2005 recipitur
592 1928 697 2004 puella,
717 1931 772 1987 nisi
785 1932 930 2004 septennis
951 1931 995 2003 sit,
1016 1929 1064 1992 vel
1077 1931 1157 1990 intra.

118 2013 168 2076 Ad
189 2019 435 2077 conservationem
457 2015 658 2091 simplicitatis,
691 2033 765 2091 quae
791 2023 885 2075 totum
906 2033 1009 2091 eorpus
1029 2014 1156 2076 lucidum

118 2103 194 2178 lacit,
211 2103 374 2162 huiusmodi
390 2105 553 2162 constitutio
575 2104 635 2162 sive
650 2103 826 2162 consuetudo
841 2102 966 2162 inolevit.
986 2103 1067 2182 ¹Erat
1081 2105 1156 2163 enim
1221 2093 1223 2100 ’

118 2192 146 2250 in
169 2189 271 2250 eodem
294 2191 430 2250 coenobio
452 2191 603 2249 recentiori
623 2195 752 2266 tempore
773 2192 854 2267 virgo
877 2189 1018 2266 quaedam
1041 2189 1155 2265 adulta,

117 2275 169 2337 sed
190 2279 220 2335 in
241 2277 327 2336 rebus
348 2276 499 2336 mundanis
519 2276 737 2352 taminfantula,
758 2283 791 2336 ut
812 2279 860 2336 vix
883 2276 1041 2336 discernere
1057 2284 1156 2353 posset

116 2366 191 2422 inter
211 2380 300 2440 pecus
321 2371 351 2423 61
370 2363 516 2423 hominem
537 2363 727 2438 saecularem,
757 2379 791 2422 eo
814 2363 892 2438 quod
912 2364 1076 2423 huiusmodi
1094 2364 1155 2423 ior·

117 2467 229 2510 marum
257 2455 323 2509 ante
357 2453 572 2510 conversionem
599 2449 709 2512 nubam
735 2450 885 2510 habuisset
911 2452 1049 2510 notitiam.
1098 2451 1155 2510 Die

117 2535 244 2612 quadam
265 2554 379 2595 murum
400 2539 519 2613 pomerii
541 2553 627 2613 capra
655 2536 791 2596 ascendit
840 2535 935 2612 Quam
961 2537 1011 2596 illa
1038 2537 1154 2611 videns,

117 2629 148 2684 61
168 2622 238 2699 quid
261 2629 338 2683 esset
350 2641 466 2699 prorsus
477 2625 621 2701 ignorans,
642 2626 683 2682 ait
705 2623 819 2684 cuidam
840 2627 930 2683 sorori
943 2626 1024 2682 iuxta
1036 2627 1153 2684 astanti:

113 2707 195 2786 'Quid
216 2716 261 2770 611
288 2708 367 2770 hoc?
409 2709 465 2768 Illa
492 2727 668 2786 cognoscens
697 2712 757 2769 eius
786 2710 1009 2786 simplieitatem,
1042 2713 1154 2771 miranti

115 2796 278 2856 ioculariter
289 2793 310 2876 ⁴)
342 2795 506 2872 respondit:
539 2797 644 2856 Mulier
677 2803 720 2856 est
751 2797 913 2856 saecularis.
965 2797 1004 2856 Et
1035 2797 1153 2858 adiecit:

116 2880 239 2959 Quarido
262 2884 422 2943 saeculares
443 2883 576 2943 mulieres
597 2889 758 2958 senescunt,
780 2900 887 2943 cornua
908 2891 936 2943 61
949 2885 1054 2943 barbas
1069 2887 1153 2944 emit·

115 2977 189 3029 tunt
231 2969 286 3030 Illa
307 2973 348 3030 sic
370 2987 432 3029 6116
452 2977 573 3046 putans,
601 2969 710 3044 aliquid
736 2988 767 3029 se
796 2970 927 3030 didicisse
948 2970 1153 3046 gratulabatur.

116 3055 248 3133 Cumque
269 3074 320 3132 per
341 3056 504 3116 huiusmodi
528 3056 715 3132 simplicitatis
736 3056 867 3133 exempla
889 3060 1002 3132 saepius
1024 3075 1153 3118 sororum

114 3145 308 3204 maturitatem
341 3149 543 3218 temperasset,
574 3145 773 3220 gravissimam
801 3146 917 3203 incurrit
938 3145 1152 3220 aegritudinem.

69 3281 72 3290 .
115 3229 198 3306 Quae
221 3248 286 3290 cum
308 3233 350 3289 sic
371 3233 489 3306 iaceret,
511 3237 543 3288 ut
565 3233 613 3289 vix
633 3230 712 3305 loqui
733 3235 845 3306 posset,
866 3233 999 3290 visitante
1021 3249 1052 3290 se
1073 3232 1152 3290 infir·
1236 3225 1243 3240 '

115 3318 212 3392 maria,
234 3319 325 3393 primo
346 3317 446 3391 verbo,
469 3316 570 3376 deinde
593 3316 683 3393 signo,
704 3322 736 3375 ut
758 3320 837 3376 ocius
851 3317 1152 3378 recederetindicavit.

113 3403 168 3465 Illa
188 3411 320 3463 neutrum
340 3404 530 3480 intelligente,
560 3402 627 3462 dum
650 3403 764 3479 stupida
785 3410 886 3479 staret,
907 3411 1026 3482 aegrota
1047 3407 1151 3481 panni·

86 3595 95 3606 1
134 3555 164 3624 i)
182 3555 298 3607 Bootis
316 3563 379 3607 tarn
396 3561 515 3606 natura
534 3570 624 3622 quarn
642 3556 674 3606 in
691 3555 800 3618 forma,
817 3555 837 3608 C
855 3557 939 3608 satis
956 3564 1018 3607 tarn
1036 3558 1068 3608 in
1085 3555 1150 3609 ior-

183 3640 230 3677 ma
248 3640 338 3693 quum
356 3627 389 3676 in
406 3633 504 3675 natura.
518 3625 594 3691 -2)
612 3624 653 3676 BC
671 3624 887 3689 concordant,
904 3635 1041 3693 propter
1058 3641 1151 3692 rapa·

183 3696 314 3746 citatem
338 3693 553 3755 assimilatur,
577 3702 609 3745 et
632 3695 837 3746 morientium
861 3695 896 3764 (G
913 3694 1150 3764 morientibus)

182 3763 349 3816 animabus
372 3765 503 3815 maxime
526 3763 714 3815 insidiatur.
739 3793 770 3803 -
795 3764 864 3828 3)o
887 3764 1038 3828 Loctore3
1063 3767 1100 3816 sic
1123 3773 1150 3815 et
1219 3769 1221 3784 '

182 3833 247 3886 inira
257 3833 320 3897 Vlll,
331 3834 373 3887 51.
386 3829 586 3906 intelligendum,
600 3841 708 3904 utputo,
719 3832 860 3885 latueratlr.
874 3861 904 3874 -
914 3835 947 3900 4]
958 3835 978 3887 G
988 3834 1083 3886 iocali
1091 3843 1149 3892 161.
