2594 4302
382 296 437 356 DE
460 294 645 358 CORPORE
668 295 836 358 CHRISTI.
1079 296 1143 355 203

97 421 259 480 absentiam
287 419 369 479 miles
396 421 514 496 quidam
535 417 725 480 ministerialis
747 421 941 494 benenatus,
970 418 1075 479 multas
1096 421 1143 478 in-

96 508 208 568 terebat
220 509 346 582 iniurias,
367 525 421 567 sua
431 505 448 587 ¹)
471 508 526 567 sibi
539 507 714 583 usurpando,
736 513 765 566 ct
777 506 907 565 hemines
928 505 966 566 ad
984 506 1144 568 Cometiam

96 597 271 670 pertinentes
307 594 517 670 depraedando.
572 593 657 670 Quod
690 611 756 654 cum
788 593 920 653 omuibus
953 596 1052 654 amicis
1084 596 1143 653 suis
1195 609 1199 622 ·

98 681 203 741 Comes
226 689 461 757 conquereretur,
491 688 520 740 et
542 679 588 740 die
610 681 735 756 quadam
758 681 864 740 diceret
886 681 1000 740 cuidam
1012 678 1033 761 ²)
1055 680 1144 741 nobili

97 771 159 828 viro
189 771 239 844 qui
266 770 303 829 ab
333 785 367 828 eo
397 769 475 830 bona
502 769 633 843 tenebat,
663 785 751 844 quare
773 767 842 826 mihi
862 784 921 826 non
943 770 1042 843 capitis
1063 767 1145 827 illum

95 854 295 932 praedonem?
324 855 484 932 respondit:
505 855 586 914 Bene
608 872 675 915 eum
696 871 844 932 caperem,
865 857 889 914 si
911 871 1004 914 essem
1026 872 1143 914 securus

96 942 177 1018 quod
199 959 217 1002 a
238 943 321 1003 vobis
343 945 372 1001 in
395 959 513 1019 corpore
534 959 593 1002 non
606 942 777 1002 laederetur.
820 941 916 1017 Quem
937 958 1003 1001 cum
1024 948 1144 1017 accepta

95 1030 155 1090 lide
185 1032 323 1106 cepisset,
353 1029 457 1089 Comes
485 1029 633 1106 sophisma
646 1028 782 1104 taciens,
809 1031 938 1106 protinus
960 1029 1143 1104 sepulchrum

95 1119 158 1178 fieri
185 1119 282 1191 iussit,
310 1119 340 1174 In
369 1134 426 1192 quo
455 1115 573 1176 militem
602 1113 764 1196 mollibus³)
785 1115 946 1175 involutum
968 1118 1028 1174 sine
1049 1132 1144 1191 poena

93 1206 167 1282 poni
187 1205 269 1280 iecit3
291 1206 389 1279 sicque
411 1211 487 1264 terra
508 1209 641 1279 opertum
663 1205 789 1262 extinxit
834 1203 922 1262 Cuius
941 1205 1055 1278 cognati
1075 1219 1143 1262 mcx

94 1294 223 1352 furentes
260 1307 356 1350 coram
388 1291 563 1367 Imperatore
595 1289 747 1349 Frederioo
781 1307 837 1349 avo
869 1289 955 1348 hqus
988 1292 1037 1365 qui
1067 1306 1144 1348 nunc

3 1419 4 1455 ,
95 1382 235 1454 imperat,
263 1385 363 1438 contra
391 1378 551 1454 praefatum
573 1380 666 1436 virum
687 1377 812 1437 nobilem
835 1395 901 1438 cum
922 1377 1013 1436 multa
1035 1376 1144 1436 vocife-

2 1522 4 1525 .
96 1469 207 1526 ratione
230 1467 435 1540 querimoniam
457 1465 665 1540 deposuerunt,
698 1465 826 1524 dicentes
848 1463 926 1540 quod
948 1471 1069 1539 accepta
1089 1481 1144 1538 pe-

2 1598 4 1621 ,
34 1547 37 1551 ⁴
97 1556 184 1614 cunia
213 1553 316 1612 Comiti
343 1551 422 1610 illum
452 1553 606 1612 tradiderit.
650 1551 781 1628 Cumque
810 1552 969 1628 Imperator
996 1553 1143 1623 fremeret,

3 1687 4 1720 3
96 1639 279 1700 innocentem
309 1638 445 1698 damnare
472 1639 589 1713 rolens,
615 1639 697 1698 miles
726 1640 842 1717 quidam
864 1641 1001 1698 honestus
1023 1655 1143 1697 ascenso

96 1745 216 1790 scamno
245 1726 379 1801 loquendi
406 1727 549 1786 licentiam
581 1729 682 1800 petivit
711 1735 739 1787 et
761 1728 899 1788 obtinuit:
925 1727 1067 1800 Domine,
1098 1729 1143 1783 tn-

3 1859 4 1882 ,
97 1818 216 1892 quiens,
244 1813 426 1872 medletatem
455 1817 504 1872 vix
525 1815 680 1873 verborum
702 1814 859 1874 audivistis.
902 1812 933 1872 Si
954 1813 1036 1872 mllcs
1057 1829 1144 1890 prae·

3 1891 4 1984 ,
96 1921 165 1964 seua
196 1907 286 1975 esset,
313 1899 386 1970 iorte
408 1902 482 1961 bene
504 1899 565 1982 sei)
589 1908 746 1962 excusaret
788 1901 992 1977 Respondente
1012 1900 1143 1975 Impera-

96 1997 170 2064 tore,
190 1987 335 2048 licentiam
356 1989 466 2048 habeas
487 1987 647 2048 adducendi
671 2007 752 2066 eum3
774 1989 855 2048 miles
877 1986 995 2046 militem
1017 1986 1142 2048 adduxit.

98 2077 158 2154 Qui
187 2093 252 2136 cum
280 2093 332 2151 per
360 2077 534 2136 advocatum
561 2076 646 2152 plene
675 2095 706 2136 se
737 2081 917 2149 excusasset,
944 2075 1143 2160 instigantibus
1244 2152 1246 2157 .

98 2165 271 2224 adversariis
292 2163 453 2239 Imperator
473 2164 634 2239 respondit:
656 2165 755 2224 Verba
776 2169 856 2238 unt,
876 2179 935 2221 non
957 2166 998 2222 sic
1020 2177 1144 2238 poenam

99 2253 212 2314 evadet
255 2251 418 2311 ResIsteute
441 2254 467 2311 ei
488 2250 577 2310 milite
599 2253 648 2326 qui
668 2251 749 2309 illum
770 2245 943 2324 adduxerat,
965 2258 994 2309 et
1015 2251 1143 2322 dicente,

97 2340 227 2414 domiue,
254 2340 279 2397 si
301 2355 367 2399 eum
388 2338 542 2414 laeseritis,
575 2356 724 2414 nunquam
743 2339 789 2403 de
811 2333 905 2398 cetere
927 2339 1022 2406 verbis
1043 2339 1144 2397 vestrIs

96 2427 245 2502 credetur3
272 2425 400 2501 placatus
422 2427 582 2502 Imperator
603 2425 721 2485 adiecit:
750 2426 840 2485 Modo
862 2425 934 2484 liber
955 2425 1093 2500 abcedat,
1115 2433 1144 2484 et

96 2519 123 2576 si
152 2532 171 2575 a
200 2533 246 2574 me
268 2514 315 2574 vel
337 2533 355 2574 a
376 2518 446 2574 meis
468 2521 570 2590 postea
593 2520 694 2590 captus
715 2513 813 2588 luerit,
842 2513 999 2572 traditionis
1020 2530 1144 2588 poenam

96 2601 237 2664 exsolvet
282 2602 421 2677 Cumque*
433 2606 478 2661 vir
491 2603 594 2661 nobilis
610 2604 734 2660 venisset
755 2601 793 2660 ad
814 2601 901 2660 limen
922 2601 1029 2676 palatii,
1051 2603 1143 2659 sciens

95 2691 199 2766 longae
214 2689 343 2764 Regibus
366 2707 557 2763 assemanus,
580 2695 659 2748 stans
682 2694 710 2748 et
727 2689 804 2764 apud
827 2706 858 2747 se
872 2687 1042 2762 deliberans,
1063 2687 1145 2746 rediit

97 2779 137 2839 ad
169 2776 321 2849 iudicium,
355 2775 468 2836 dicens:
498 2777 638 2850 DomIne,
666 2792 724 2834 non
752 2793 871 2851 possum
894 2776 1019 2850 effugere
1041 2793 1143 2833 manus

98 2871 227 2938 vestras;
255 2868 366 2920 tantum
395 2880 547 2938 praesumo
577 2863 612 2922 de
634 2880 700 2922 mea
719 2865 883 2923 innocentia
905 2869 934 2921 et
954 2863 1011 2920 Dei
1032 2864 1144 2920 miseri-

99 2949 213 3025 cordia,
242 2955 275 3007 ut
302 2951 331 3007 in
359 2951 475 3008 instanti
503 2956 620 3024 paratus
648 2947 701 3008 sim
730 2967 779 3010 me
807 2949 958 3009 defendere
985 2950 1144 3008 secundum

98 3037 178 3118 quod
207 3037 313 3096 institIa
335 3035 491 3096 dictaverit.
534 3035 661 3095 Etcum
685 3039 738 3095 sim
760 3037 879 3110 nobilis,
900 3039 955 3094 iuri
975 3053 1042 3095 mco
1063 3037 1145 3100 cedo.

97 3125 260 3202 RespondIt
280 3123 454 3199 Imperatori
476 3122 565 3182 Modo
587 3123 713 3198 loqueris
734 3127 808 3183 sicut
829 3124 937 3200 probus
958 3125 1011 3182 vir.
1044 3123 1145 3201 Quae·
1202 3153 1205 3160 ¹

61 3221 65 3228 '
96 3219 171 3279 situs
202 3217 245 3272 est
266 3213 295 3270 in
316 3217 398 3287 parte
420 3211 585 3269 adversaria
606 3209 687 3269 miles
708 3211 891 3285 tortissImus,
924 3213 973 3286 qui
995 3231 1061 3273 eum
1082 3207 1147 3274 sin-v

96 3303 191 3383 gulari
213 3298 306 3358 duello
334 3300 490 3373 hnpeteret
525 3296 582 3355 DIe
604 3314 673 3357 vero
695 3297 785 3357 altera
806 3302 851 3358 vtr
870 3300 971 3358 nobilis
988 3305 1145 3377 praemissa

98 3389 277 3454 confessione
300 3403 403 3461 corpus
417 3386 602 3445 Dominicum
618 3388 759 3460 suscepta
780 3389 879 3461 sicque
900 3403 966 3446 cum
980 3389 1144 3448 adversario

98 3496 152 3541 suo
182 3493 264 3553 spem
286 3473 398 3534 habeus
423 3475 452 3532 in
482 3471 584 3532 eodem
606 3479 787 3532 sacramento
807 3472 943 3532 circulum
965 3484 1144 3552 pugnaturus

98 3569 225 3626 intravit.
268 3563 362 3640 Quem
395 3579 461 3620 cum
489 3560 536 3619 ille
565 3561 639 3618 sicut
661 3563 704 3618 vir
725 3559 916 3620 validissimus
937 3563 1094 3638 Impellerct
1115 3572 1144 3622 et

99 3653 280 3733 propelleret,
303 3655 331 3709 et
345 3651 491 3709 venissent
506 3647 590 3706 simul
612 3653 678 3706 ante
692 3647 907 3722 Imperatorem,
928 3649 1064 3710 andlente
1084 3656 1145 3710 tam

120 3811 152 3880 i)
170 3809 190 3862 C
209 3811 269 3860 sua
283 3806 373 3859 bona.
393 3837 423 3847 -
444 3805 476 3872 2)
494 3804 621 3858 cuidam
639 3821 679 3860 cm
698 3805 750 3858 hl).
771 3835 801 3845 -
822 3804 855 3873 3)
872 3804 989 3858 mollibus
1005 3807 1147 3858 reatinen-

172 3884 214 3936 tis.
234 3908 263 3922 -
283 3877 316 3946 4)
332 3876 398 3933 Bco
416 3893 449 3932 se
467 3876 570 3931 haue:
