2642 4330
340 301 347 330 ,
467 253 522 316 ΒΕ
543 254 833 316 SIMPLICITATE.
1102 259 1165 320 ate

125 377 257 457 quadam
284 377 489 455 sollemnitate,
519 397 584 440 oum
613 397 679 438 eum
709 379 840 438 dominus
861 377 1030 455 Adolpbus,
1050 382 1167 442 maioris

124 466 267 528 ecclesiae
280 465 426 539 Decanus,
446 473 548 540 postea
566 465 742 526 coloniensis
762 466 1012 543 Archiepiscopus,
1033 467 1072 526 ad
1093 485 1166 529 con·

123 557 237 614 vivium
259 571 344 613 suum
360 555 516 628 invitasset,
536 557 630 613 renmt
649 553 704 627 ille,
726 553 823 613 dicem
845 572 876 614 se
897 571 1017 630 magnos
1038 554 1165 632 hospites

121 641 242 700 habere.
303 640 391 700 Dicta
424 643 526 716 missa,
565 658 631 699 oum
660 640 697 700 ad
734 641 850 700 domum
878 659 961 700 suam
989 644 1034 700 vir
1061 642 1165 702 beatus

121 728 283 802 festinaret,
319 726 492 786 Godelridus
526 730 587 787 eius
622 730 844 802 concanonicus,
878 730 991 786 maioris
1005 724 1020 807 ¹)
1052 727 1165 789 Decaui

120 817 268 889 notarius,
298 817 347 889 qui
374 813 444 872 mihi
469 817 525 874 ista
553 817 697 890 recitavit,
724 814 759 874 de
787 814 911 874 fenestra
943 814 1037 873 solarii
1057 815 1164 876 Portae

121 901 301 961 clericorum
329 903 498 977 respiciens,
526 901 597 960 vidit
617 901 713 976 plures
733 917 876 976 pauperes
892 901 978 959 illum
998 909 1164 977 sequentes,

121 989 287 1063 exquibus
310 987 359 1046 alii
388 987 497 1062 claudi,
523 987 570 1047 alii
592 990 670 1046 caeci
690 987 777 1046 farere.
820 988 858 1046 Et
880 1005 945 1046 cum
966 989 1023 1047 non
1045 995 1164 1064 possent

120 1079 244 1135 transire
257 1074 390 1153 lapides,
412 1079 461 1150 qui
481 1075 606 1151 plateam
627 1075 684 1134 illie
693 1071 714 1154 ²)
737 1074 881 1150 dividunt,
908 1077 977 1150 ipse,
999 1092 1065 1134 oum
1088 1081 1164 1135 esset

119 1165 225 1222 aetatis
237 1161 407 1237 decrepitae,
429 1179 547 1220 manum
568 1161 685 1238 singulis
706 1163 876 1239 porrigebat
919 1161 1022 1220 Statim
1044 1161 1163 1222 clericus

121 1247 272 1309 dominum
301 1266 385 1307 suum
414 1249 451 1307 ad
472 1250 625 1316 fenestram
646 1265 769 1324 vocans,
797 1251 851 1308 ait:
873 1247 949 1307 Ecce
972 1248 1095 1323 domtne,
1115 1250 1163 1308 isti

122 1341 192 1395 sunt
212 1337 311 1412 magni
332 1335 473 1411 hospites,
504 1352 576 1410 quos
598 1335 734 1394 Decanus
755 1353 836 1394 meus
858 1336 972 1395 dicebat
993 1353 1025 1395 se
1045 1335 1162 1396 babere.

121 1421 164 1482 Et
193 1439 253 1481 non
289 1421 434 1481 modicum
466 1422 633 1481 aedificatus
666 1429 709 1482 cst
736 1428 864 1498 uterque.
906 1421 995 1480 Aliud
1017 1422 1163 1498 quoddam

121 1511 239 1586 pietatis
269 1525 342 1584 opus
371 1508 462 1568 simile
488 1509 556 1570 huic
583 1511 644 1586 ego'
666 1510 702 1568 de
723 1509 771 1567 illo
804 1510 871 1569 vidi.
913 1509 948 1567 In
969 1511 1161 1570 anniversario

123 1595 233 1654 domini
245 1596 389 1655 Brunonis
405 1595 581 1656 Coloniensis
595 1596 819 1672 Arcbiepiscopi,
841 1595 968 1656 ecclesiis
982 1603 1162 1656 conventua-

120 1682 199 1742 libus
227 1682 267 1741 ad
293 1682 444 1742 ecclesiam
472 1686 562 1742 sancti
582 1683 766 1742 Pantaleonis
794 1681 943 1760 Martyris,
971 1700 1059 1758 quarn
1084 1683 1161 1742 idem
1269 1725 1272 1730 -

120 1769 222 1830 Bruno
250 1767 426 1848 exstruxit³),
453 1771 675 1845 confluentibus,
704 1765 777 1829 eum'
798 1771 875 1828 dieta
902 1786 954 1844 pro
982 1773 1078 1829 anima
1099 1772 1161 1830 eius

121 1859 219 1930 missa,
240 1856 369 1930 Priores,
390 1857 548 1915 secundum
569 1859 744 1931 instiurtum,
764 1857 944 1916 relectorium
964 1859 1094 1931 pransuri
1113 1859 1161 1915 in·

120 1949 260 2018 trassent,
292 1943 440 2003 dominum
467 1945 630 2003 Eustridum
652 1946 749 2002 neseio
781 1949 851 2018 quot
881 1961 1022 2019 pauperes
1055 1961 1160 2019 seque-

120 2031 228 2089 bantur
247 2027 373 2110 usquel)
402 2031 440 2090 ad
470 2033 589 2090 ostium*
603 2031 750 2090 refectorii.
795 2030 887 2105 Quem
916 2047 982 2089 cum
1002 2030 1160 2090 refectora-

118 2119 180 2176 rius
208 2117 388 2176 introducere
409 2116 510 2191 vcllet,
538 2102 712 2192 pauperibus
734 2117 855 2176 exclusis
868 2113 904 2196 ⁵),
932 2122 1091 2177 commotus
1111 2116 1159 2176 ille

120 2204 273 2279 clamavit:
294 2204 358 2280 Ego
380 2206 441 2264 sine
462 2207 523 2264 istis
536 2205 622 2264 hodic
642 2222 700 2264 non
721 2205 843 2264 intrabo·
874 2205 1002 2263 Noverat
1022 2205 1067 2262 vir
1086 2221 1157 2278 pru·

120 2289 313 2366 dentissimus,
329 2308 470 2366 pauperes
483 2308 546 2350 esse
563 2295 671 2351 amicos
682 2288 777 2365 uero),
799 2293 968 2350 camerarios
980 2289 1060 2364 coeli,
1082 2291 1156 2350 bene

119 2377 231 2436 habens
264 2380 294 2436 in
322 2380 460 2436 memoria
489 2378 637 2437 eonsilium
665 2377 736 2437 illud
764 2378 813 2436 lilii
840 2378 911 2438 Dei:
943 2377 1046 2436 Facite
1073 2377 1156 2436 vobis

38 2450 44 2466 ¹
119 2468 231 2524 abacos
253 2458 483 2524 de'mammoao
510 2469 688 2540 iniquitatis,
717 2472 753 2524 ut
781 2483 848 2524 oum
877 2465 1052 2540 defeceritis,
1080 2468 1155 2524 reci·

112 2555 206 2627 piarat
226 2569 279 2611 voa
301 2554 333 2610 tta
355 2559 477 2611 aeterna
499 2551 694 2611 tabernacula
707 2546 736 2630 ⁷).
767 2551 844 2610 Hinc
865 2558 909 2610 est
930 2550 1007 2626 quod
1028 2558 1156 2626 tempore

119 2637 255 2715 quodam,
277 2655 342 2696 cum
363 2640 474 2713 positus
493 2639 593 2697 luisset
613 2641 692 2723 iuxta
704 2636 725 2718 ⁸)
747 2638 888 2713 reliquias,
909 2655 1025 2697 monere
1046 2639 1155 2698 intrau-

117 2732 163 2786 tes
184 2731 217 2784 ut
239 2725 340 2784 darent
368 2725 563 2801 eleemosynas
586 2726 623 2784 ad
646 2725 775 2785 aedilicia
797 2725 949 2799 ecclesiae,
979 2727 1059 2783 cuius
1087 2731 1155 2783 tunc

118 2817 217 2872 custos
239 2818 308 2886 erat,
329 2812 372 2870 his
394 2814 489 2871 verbis
511 2811 649 2887 populum
667 2803 811 2871 ¹allocutus
834 2818 891 2871 est:
914 2813 989 2870 Boni
1011 2811 1155 2885 homines,

61 2900 63 2904 ’
117 2901 193 2960 bene
214 2899 317 2958 videtis
345 2917 432 2973 quam
460 2898 579 2974 grandia
601 2899 738 2974 disposita
759 2902 814 2958 sint
835 2900 882 2958 bic
903 2897 1048 2973 aedificia,
1079 2898 1154 2956 bene

117 2983 235 3062 quidem
262 2987 370 3045 facietis
402 2985 495 3044 dando
525 2986 722 3062 eleemosynas
750 2991 860 3046 vestras
889 2984 926 3042 ad
954 2984 1019 3058 illa,
1052 2985 1155 3044 melius

115 3081 215 3134 tamen
237 3079 266 3132 et
287 3075 374 3132 tutius
395 3075 424 3130 in
445 3090 586 3147 pauperes
598 3069 620 3153 ⁹)
642 3091 691 3132 eas
711 3073 820 3131 locatis.
862 3071 947 3130 Hanc
962 3071 1153 3146 praedicatio-
1194 3067 1198 3076 Χ

115 3177 184 3220 nem
205 3160 301 3220 bonae
322 3161 476 3219 memoriae
492 3159 658 3220 Freden'cus
670 3159 828 3219 monachus
840 3165 937 3218 noster
957 3160 1065 3218 intrans
1088 3175 1153 3218 cum

114 3246 254 3308 militibus
288 3246 438 3305 ecclesiam
473 3249 564 3305 saneti
595 3246 730 3305 Andreae
766 3253 833 3304 tunc
864 3245 989 3319 audivit,
1027 3245 1153 3320 mihique

114 3341 219 3412 postea
240 3337 354 3410 saepius
382 3333 460 3392 illam
486 3335 624 3392 recitavit.
665 3333 808 3392 Personas
830 3332 926 3391 Deum
947 3334 1092 3405 timentes,
1120 3338 1153 3390 ut

115 3427 146 3482 ct
180 3422 243 3495 ipse
278 3419 390 3479 illarum
421 3421 528 3479 meritis
558 3426 634 3479 esset
665 3421 822 3497 particeps,
866 3418 901 3477 de
930 3435 982 3478 suo
1012 3417 1151 3494 stipendio

134 3609 200 3690 1]ss
217 3624 348 3674 maioris
366 3622 541 3675 ecclesiae.
554 3651 584 3660 —
604 3623 666 3690 2)ss
684 3622 771 3685 illuc,
788 3622 808 3675 G
826 3620 922 3673 illam.
936 3620 1009 3688 -3)
1022 3620 1061 3673 GP
1079 3636 1151 3672 oon·

188 3695 320 3743 struxit.
334 3723 363 3732 -
382 3694 413 3761 t)
431 3699 539 3759 usque
552 3691 601 3742 add
619 3692 705 3744 ΒΟ.-
729 3693 761 3760 5]
778 3691 820 3744 Bo
837 3691 983 3748 exclusis
1001 3692 1152 3758 pauperi-

154 3781 167 3797 e
188 3760 253 3811 bus.
273 3791 302 3801 —
331 3761 554 3830 ojsschristi.
574 3789 604 3800 —
633 3762 665 3829 7]
683 3763 740 3814 Luc.
761 3761 806 3825 16,
823 3760 848 3810 9.
868 3788 899 3798 -
928 3759 1042 3828 8]ADP
1064 3762 1150 3809 ante.

191 3857 221 3868 -
239 3831 271 3899 9)
287 3831 372 3884 ABDP
395 3829 604 3901 pauperibus.
