2654 4308
367 249 421 308 DE
443 248 627 312 DIVERSIS
649 248 884 312 VISIONIBUS.
1092 254 1150 310 111

115 371 228 446 imogas.
270 366 507 434 MdNAGHUS:
537 371 622 449 Quod
647 374 751 434 nostris
771 374 947 450 temporibus
968 374 997 430 in
1019 371 1154 434 columba

115 461 145 514 et
166 458 234 534 igne
255 458 336 516 visus
358 460 403 535 sit,
424 461 579 520 verissimis
600 460 652 519 tibi
672 459 797 536 pendam
819 459 964 536 exemplis.
1048 487 1050 492 ·

399 613 636 709 6161161611
667 615 833 677 xrixvu.
843 611 872 695 1)

185 735 235 794 Dc
256 734 387 795 chrs'co
408 753 556 810 6611116166,
579 746 607 798 61
628 737 765 798 columba
787 755 878 814 quom
900 737 973 797 cidit
993 755 1082 813 sopor·

419 831 510 899 caput
536 825 705 884 Herenniani
725 827 851 884 Pauo.

181 940 256 1000 Cum
279 940 410 1004 dominus
431 943 615 1004 Hermannus
635 944 738 1005 Abbas
761 949 837 1004 esset
857 944 886 1002 in
909 941 1053 1018 Claustra,
1075 952 1104 1004 et
1124 948 1153 1004 in
1174 1003 1181 1024 Ι

115 1027 355 1089 sollemnitatibus
387 1033 499 1091 interim
532 1031 600 1091 dum
629 1031 733 1092 chorus
765 1030 904 1108 hymnum
921 1027 952 1109 ¹),
987 1031 1026 1089 Tc
1054 1032 1154 1090 Deum

116 1115 280 1176 laudamus
302 1115 474 1192 decantaret,
497 1121 627 1178 circuiret
647 1117 685 1178 ad
700 1119 800 1178 iratres
819 1117 1049 1194 commonendos,
1067 1123 1154 1194 atque
1181 1176 1183 1184 ,

115 1201 277 1262 seeundum
306 1205 539 1264 consuetudinem
566 1208 596 1264 in
625 1203 744 1265 chomm
766 1221 968 1264 conversorum
990 1203 1156 1280 diverteret,

114 1289 260 1348 Hem-icus
282 1307 437 1351 conversus
459 1295 539 1352 cuius
564 1293 680 1352 memini
700 1295 730 1351 in
752 1291 931 1370 distinctione
953 1293 1051 1366 quinta
1074 1291 1154 1367 capi-

115 1375 176 1436 tulo
209 1379 324 1453 quinto,
351 1378 424 1438 vidit
453 1378 617 1438 columbam
646 1377 810 1450 candidam,
826 1378 862 1437 de
891 1395 975 1438 cruce
997 1395 1071 1454 qnae
1094 1385 1156 1440 erat

113 1480 203 1538 super
231 1463 322 1523 altare
351 1481 568 1541 conversorum,
599 1467 629 1524 in
657 1468 793 1525 verticem
814 1465 902 1542 ipsius
924 1463 1154 1526 descendentem.

114 1549 174 1609 Ubi
189 1549 311 1609 multum
333 1553 427 1626 quiete
441 1552 569 1628 sedebat,
591 1552 682 1612 donec
703 1554 825 1612 circuitis
847 1553 986 1612 universis
1008 1551 1043 1611 da
1067 1551 1153 1612 choro

115 1639 214 1696 exiret.
265 1637 347 1698 Tunc
379 1638 499 1698 avolans
531 1657 647 1698 reverse
679 1645 723 1698 est
751 1655 836 1716 super
865 1656 987 1699 crucem.
1035 1639 1153 1716 Hymno

115 1740 185 1782 vero
216 1723 343 1800 expleto,
373 1741 438 1785 eum
466 1728 604 1801 inciperet
630 1725 782 1785 lectionem
812 1725 1021 1802 evangelicam,
1053 1726 1155 1786 eadem

114 1813 178 1870 avis
208 1813 401 1871 sacratissima
427 1813 535 1872 volavit
565 1809 679 1892 supra²)
703 1811 847 1886 quendam
869 1812 1031 1871 columnam
1051 1812 1178 1890 analo-l

115 1899 164 1974 gio
176 1895 198 1978 ³)
220 1899 388 1975 proximam,
408 1898 465 1958 illic
487 1898 598 1975 sedens,
621 1905 651 1958 et
669 1897 842 1974 auscultans,
862 1915 1018 1974 sacraeque
1039 1899 1154 1958 lectioni

114 2001 217 2045 sutem
245 1983 412 2062 diligentius·
435 1985 583 2046 adhibens.
626 1985 690 2062 Qua
711 1983 850 2062 perlecta,
878 2001 992 2045 rursum
1012 1985 1096 2044 rediit
1115 1984 1154 2045 ad

115 2088 240 2132 erucam.
283 2071 322 2131 Ε1
340 2078 464 2132 testatus
485 2079 529 2132 ast
548 2072 625 2131 idam
650 2089 805 2132 conversus
827 2073 941 2147 saepius
961 2073 991 2129 in
1011 2072 1154 2134 festivita·

115 2160 194 2219 tibus
214 2175 246 2218 se
269 2158 390 2218 eandem
411 2161 552 2220 visionem
572 2159 687 2219 vidisse.
730 2158 884 2234 Quotiens,
905 2158 1011 2235 inquit,
1035 2159 1154 2220 chorum

116 2261 322 2306 conversorum
343 2248 474 2321 intravit,
504 2253 532 2306 61
561 2263 658 2307 coram
685 2245 766 2305 altari
794 2238 933 2321 profunde
959 2252 993 2304 ut
1020 2248 1047 2306 61
1068 2249 1154 2307 moris

116 2339 161 2394 ost
173 2331 328 2408 inclinavit,
349 2350 418 2393 mox
432 2333 566 2394 columba
578 2328 754 2412 praediota⁴)
777 2349 890 2392 crucem
905 2331 1047 2408 deserens,
1068 2335 1158 2410 capiti

115 2422 177 2480 eius
206 2417 319 2478 insedit
361 2419 396 2478 In
426 2437 482 2495 quo
511 2423 607 2480 statim
634 2426 746 2480 tautum
775 2421 882 2478 creavit
908 2421 1057 2495 strepitum
1084 2437 1154 2497 per-

116 2507 249 2567 cussione
272 2504 391 2581 alarum,
411 2513 523 2566 1611111111
537 2507 718 2585 splendorem
734 2508 834 2580 nitore·
845 2521 1003 2581 pennarum
1012 2503 1041 2587 ⁵),
1063 2514 1095 2567 ut
1115 2507 1153 2567 ab

115 2594 251 2670 omnibus
271 2594 412 2669 potuisset
434 2593 525 2657 audiri
547 2601 576 2654 et
597 2595 634 2656 ab
657 2595 796 2654 universis
815 2592 913 2669 videri,
934 2595 958 2652 si
978 2593 1032 2654 illis
1054 2593 1154 2654 datum

114 2681 216 2742 suisset
245 2679 344 2748 audire
372 2676 587 2762 1611116165).
629 2681 705 2742 Puto
734 2697 905 2742 conversum
932 2679 1009 2740 hunc
1031 2680 1154 2746 cundem

115 2767 213 2842 tuisse,
235 2768 285 2843 qui
306 2765 379 2826 vidit
399 2784 485 2844 super
507 2775 594 2844 caput
613 2769 719 2829 novicii
741 2783 807 2828 eum
827 2767 856 2825 in
869 2766 1042 2827 monachum
1062 2769 1153 2830 beno-

116 2853 259 2918 diceretur
280 2851 452 2930 columbam,
472 2856 547 2914 sicut
568 2855 676 2915 dictum
697 2860 741 2915 est
760 2856 790 2913 in
811 2853 990 2915 distinctione
1010 2855 1111 2930 prima.

349 3071 351 3075 .
420 3008 652 3072 CAPITULUM
673 3009 853 3071 XXXVIII.

190 3134 240 3193 Dc
260 3133 405 3192 monacho
426 3136 459 3193 sio
480 3136 564 3192 coins
585 3136 680 3208 capite
701 3136 766 3192 viso
787 3139 830 3192 esi
851 3132 989 3194 columbo
1010 3151 1078 3198 oum

468 3221 586 3296 lcpcrct‘
599 3220 806 3296 Eooopelium.

181 3317 256 3402 Cutil
287 3341 316 3399 111
338 3339 546 3413 eadem'domo
568 3340 726 3401 monachus
748 3340 864 3416 quidam
884 3342 995 3400 iuvenis
1016 3339 1153 3418 Evange-

113 3429 186 3490 lium
206 3425 316 3506 legeret
336 3430 365 3487 in
383 3435 535 3504 conventu,
556 3427 719 3505 praedictus
734 3428 876 3488 Henricus
898 3427 1060 3488 columbam
1082 3445 1153 3502 can·

131 3547 165 3616 *)
181 3544 274 3599 Homil.
292 3544 311 3596 l.
329 3561 354 3612 p.
373 3545 432 3598 121.
452 3573 482 3585 -
503 3545 533 3612 1)
551 3544 699 3612 hymnum
722 3543 771 3596 add
789 3543 819 3597 Β.
838 3573 867 3586 -
888 3545 920 3613 2)
937 3543 977 3596 BP
994 3560 1100 3612 super.
1120 3573 1149 3584 -

184 3616 219 3685 ³)
235 3613 392 3683 analogium,
414 3614 502 3679 ambo,
529 3614 661 3683 pulpitum.
681 3643 712 3653 -
736 3614 769 3682 4)
792 3629 839 3681 pro
865 3613 1035 3682 praedicto
1060 3614 1153 3684 legitur

184 3693 313 3754 parate,
339 3685 365 3736 in
391 3684 505 3768 1161111116.
525 3713 555 3724 -
575 3684 608 3753 5)
625 3682 709 3740 Aaou
726 3684 864 3768 alarum,
877 3713 908 3723 -
926 3685 959 3803 6?
976 3683 1094 3766 1161111161
1131 3684 1153 3736 si

183 3765 269 3810 tomen
290 3751 376 3805 dotum
399 3767 437 3806 ers
460 3755 549 3806 luisset
571 3761 664 3806 1611111111
683 3752 787 3821 gloriam
805 3751 893 3804 sudore
910 3769 943 3806 vs
971 3752 1065 3805 videre.
1101 3721 1152 3805 llec

183 3828 240 3894 ipse
258 3822 358 3892 quidem
375 3822 461 3876 Abbas
479 3826 557 3876 sensit
575 3831 636 3875 tune
652 3831 746 3878 motum
763 3822 872 3891 aliquem
887 3821 1069 3890 corporalem;“
