2564 4306
172 247 234 310 arr
441 243 671 310 nrsnmmro
696 243 938 309 ononncnra

512 435 745 498 CAPITULUM
765 435 876 496 XLIV.

237 557 285 620 Do
305 558 403 635 plotio
423 560 656 620 mecoenate
677 575 755 635 quoe
776 559 931 620 Acidinos
952 560 1093 634 epponem
1112 559 1142 615 in

327 643 1057 725 praecipuequdermacasmctiiiaoia

237 763 320 826 Haec
342 764 481 828 Aerelina
509 766 637 828 habebat
665 765 812 845 quandam
833 783 960 828 sororem
980 763 1152 842 spiritualem
1174 762 1197 819 in

173 855 405 930 congregatione,
419 856 503 914 unice
526 853 670 916 dilectam.
713 853 796 930 Quae
812 872 878 915 cum
899 855 1037 914 moritura
1058 856 1139 925 esset,
1157 864 1198 908 ro-

172 946 242 1018 gata
270 945 314 1000 est
342 957 361 1000 a
390 940 476 1024 beata
498 940 636 1001 Acaelina
664 947 697 1000 ut
725 941 780 1000 sibi
808 947 875 1019 post
903 948 1025 1000 mortem
1052 940 1199 1016 appareret

173 1026 259 1103 Quod
278 1035 306 1086 et
327 1023 402 1087 lecit.
444 1027 520 1089 Nam
542 1046 608 1087 cum
630 1027 675 1088 dic
690 1026 816 1104 quadam
838 1034 928 1088 staret
948 1029 977 1086 in
999 1028 1126 1086 oratione
1145 1021 1199 1081 Ac·

172 1113 280 1187 nelina,
312 1130 393 1173 soror
421 1112 556 1175 delunota
578 1132 720 1191 apparens
743 1117 768 1173 ei
789 1117 817 1174 in
841 1115 965 1191 sphaera
985 1115 1087 1190 ignea,
1113 1109 1200 1194 scisci

173 1203 245 1261 tanti
266 1199 302 1260 de
324 1218 377 1260 suo
399 1206 485 1276 statu,
506 1202 648 1261 versiculo
663 1200 805 1262 Davidico
827 1201 975 1278 respondit
996 1201 1109 1260 diceus:
1130 1197 1201 1256 Siout

173 1288 351 1361 oudioimas,
373 1291 413 1348 sic
433 1287 560 1348 vidimus
582 1293 613 1347 ia
634 1292 752 1348 ciuitate
765 1289 891 1348 Domini
908 1291 1064 1362 virtutum,
1086 1288 1119 1344 in
1139 1284 1200 1342 ciui-
1268 1345 1269 1358 ,

174 1381 235 1435 tote
256 1375 315 1434 Dei
335 1378 437 1449 nostri,
460 1382 490 1434 et
511 1382 607 1435 cetera
618 1371 645 1454 ¹).
695 1373 829 1450 Nihilque
851 1374 929 1434 aliud
950 1374 1089 1450 loquens,
1124 1368 1202 1431 oculis

173 1463 236 1522 eius
257 1461 405 1539 subtracta
427 1467 479 1521 est.
521 1460 727 1522 NOVICIUS:
756 1461 833 1522 Satis
853 1462 978 1522 breviter
999 1462 1126 1536 satisque
1147 1455 1201 1533 plc-
1268 1499 1269 1526 ,

172 1545 273 1628 nitcr²)
295 1554 356 1607 taur
378 1565 462 1608 suum
483 1550 643 1624 praemium
665 1565 752 1626 quam
774 1565 915 1623 supernae
944 1548 1069 1607 civitatis
1094 1544 1203 1624 glorian
1268 1539 1269 1572 ⁴

173 1634 306 1696 ostendit.
342 1632 579 1695 MONACHUS:
602 1633 676 1694 Cum
689 1641 819 1695 mortuus
833 1641 909 1695 esset
929 1635 1034 1695 beatae
1056 1633 1201 1691 memoriae

173 1720 271 1781 David
292 1721 451 1782 monachus
474 1720 664 1781 claustrensis
688 1725 770 1782 ouius
797 1723 859 1782 vita
886 1723 975 1798 signis
1003 1727 1033 1780 ot
1061 1718 1204 1778 sumtibus

173 1807 259 1868 valde
281 1810 388 1869 exstitit
407 1807 539 1884 illustris,
561 1809 631 1868 data
656 1815 700 1868 est
720 1808 884 1884 praedictae
905 1807 1062 1867 Aonelinae
1091 1821 1150 1864 una
1174 1819 1203 1862 er
1268 1861 1269 1874 ,

174 1895 278 1956 ornicis
299 1897 369 1954 eius.
412 1895 508 1971 Quam
538 1913 603 1955 cum
625 1902 743 1972 propter
772 1897 823 1956 riri
852 1896 944 1955 sancti
973 1909 1102 1954 amorem
1131 1888 1204 1952 valde
1268 1897 1269 1938 ὲ

175 1987 366 2057 veneraretur,
387 1981 434 2041 ille
457 1981 582 2058 quiedam
605 1981 652 2041 die
678 1985 703 2041 ei
725 1987 866 2060 apparens
896 1982 981 2042 dixit:
1009 1979 1096 2040 Bona
1124 1993 1206 2049 soror,

176 2071 275 2128 tunica
298 2085 364 2128 mea
397 2085 456 2128 non
491 2076 535 2129 est
564 2069 615 2128 tibi
642 2070 822 2143 necessaria,
850 2067 901 2128 sed
932 2067 1050 2144 qnidam
1080 2070 1206 2143 peccator

177 2171 334 2216 conversus
363 2161 407 2215 est
437 2157 467 2214 in
496 2155 644 2232 claustro,
679 2155 825 2215 Gerendus
859 2157 989 2230 nornine,
1022 2157 1207 2230 cognomento

118 2269 120 2280 =
175 2241 346 2317 Waschart,
376 2242 415 2302 llli
444 2241 494 2302 des
524 2260 597 2303 eam.
648 2242 734 2319 Quod
757 2250 786 2303 ct
804 2243 881 2302 iecit.
923 2241 1023 2302 Sciens
1044 2240 1104 2300 hoo
1131 2239 1207 2298 irater

116 2361 117 2372 .
177 2330 238 2390 eins
262 2328 384 2390 earnalis
405 2327 574 2389 Fredericus
603 2329 761 2389 monachus
789 2336 902 2402 noster,
930 2335 1040 2404 partem
1070 2328 1128 2387 sibi
1156 2323 1207 2384 dod

174 2417 276 2493 petivit
296 2433 333 2476 ex
355 2414 456 2476 eadem
477 2419 584 2476 tunica.
634 2416 729 2493 Quam
757 2415 804 2476 ille
832 2433 884 2492 per
911 2415 1038 2475 medium
1068 2413 1208 2484 scindens,

173 2510 285 2579 partem
312 2502 366 2562 sibi
395 2505 525 2578 retinuit,
554 2503 694 2580 reliquam
722 2504 800 2562 fratri
827 2504 991 2561 transmisit.
1040 2500 1101 2560 Per
1129 2513 1208 2576 quam

174 2588 315 2666 plurimae
337 2591 474 2651 eanimtes
488 2589 566 2667 apud
581 2606 634 2649 nos
654 2590 748 2651 factae
770 2595 845 2649 sunt.
889 2584 1092 2665 Oum‘quanta
1114 2586 1209 2648 celeri-

174 2683 236 2736 tate
256 2679 396 2736 iustorum
418 2679 531 2738 animae
553 2677 650 2738 coelos
671 2682 836 2754 penetrent,
864 2673 960 2736 adhuc
980 2675 1037 2736 alio
1059 2675 1115 2735 tibi
1141 2689 1208 2752 pan·

174 2761 242 2824 dam
262 2763 405 2839 exemplo.
467 2838 491 2862 ⁴

503 2899 736 2964 CAPITULUM
756 2895 890 2982 XLV.*)

178 3051 180 3056 ·
246 3027 295 3087 Dc
315 3025 414 3104 olorio
435 3024 574 3084 monada
594 3026 678 3084 cuiuis
700 3025 804 3082 anima
826 3022 867 3082 od
887 3023 985 3082 mesae
1005 3025 1136 3098 roqittoe

548 3110 611 3188 fuit
631 3117 703 3170 oute
723 3110 832 3170 Deum.

238 3231 400 3293 Monachus
420 3231 540 3310 quidam
564 3231 671 3292 ordinis
700 3233 788 3291 nostri
817 3231 897 3292 alteri
926 3229 1042 3290 cuidam
1069 3229 1208 3290 monacho

173 3319 230 3380 sini
249 3319 380 3382 familiari
400 3326 610 3396 postmortem
631 3335 773 3395 apparens
794 3320 824 3378 in
844 3318 936 3395 gloria
958 3316 1065 3394 multa,
1087 3335 1157 3377 eum
1178 3313 1210 3376 de

172 3413 250 3468 statu
273 3423 325 3466 suo
347 3410 552 3483 requireretur,
578 3406 740 3484 respondit:
769 3406 924 3482 Nunquam
945 3407 1052 3480 sagitta
1077 3404 1115 3465 de
1144 3419 1209 3463 arou

172 3495 279 3554 emissa
300 3500 360 3553 tarn
384 3496 440 3554 cito
470 3494 567 3554 volare
595 3494 690 3571 potuit
718 3492 755 3552 ad
782 3492 878 3554 locum
907 3491 1096 3566 destinatum,
1127 3505 1210 3568 quam

172 3582 229 3642 cito
250 3581 346 3644 anima
367 3598 433 3642 mea
455 3579 491 3642 de
520 3597 639 3658 corpore
668 3597 799 3658 egressa,
825 3580 879 3640 tuit
906 3585 974 3640 autc
995 3578 1101 3640 Deum.
1153 3577 1210 3638 Neo

191 3749 222 3817 t)
241 3747 304 3802 Pani.
323 3750 366 3811 47,
384 3749 409 3800 9.
427 3777 460 3788 -
479 3748 511 3817 2)
529 3748 550 3801 B
572 3748 675 3818 plene.
709 3748 798 3802 llornil.
816 3747 858 3804 tv,
877 3765 902 3818 p.
921 3750 981 3804 1942
1008 3747 1081 3804 wida
1103 3747 1210 3817 pleniter

241 3826 268 3870 et
285 3817 446 3870 excellenter.
466 3846 497 3858 -
515 3819 547 3886 ⁴)
565 3819 656 3872 llomil.
674 3818 692 3872 l.
711 3835 737 3888 p.
756 3819 813 3872 ttr.
852 3819 875 3878 ,“
