2628 4310
347 255 401 316 Du
422 255 604 318 PRAEMIO
626 253 893 318 MORTUORUM.
1068 254 1132 312 331

350 442 356 449 “
449 448 682 510 οΑΡΙΤυιυΜ
702 448 791 508 xxr.
868 405 871 410 ’

142 571 190 630 Dc
211 572 428 632 sanctimoniali
450 590 528 652 quoe
548 572 696 648 infantem
718 589 737 629 a
760 589 790 630 ae
812 553 936 630 croisum
966 571 1094 646 ipnitam

503 657 735 734 circumferebat.

164 778 394 845 Sanctirnonialis
416 778 559 854 quaedam
581 778 617 838 de
639 777 765 854 quodam
786 777 958 836 monasterio
980 776 1063 838 nobis
1091 775 1137 833 vi-

99 866 164 924 cino
187 864 264 942 quod
286 868 432 926 nomuare
454 866 530 940 nolo,
552 882 618 924 cum
639 871 767 940 tempore
789 863 915 940 quodam
945 863 1137 938 concepisset,

99 969 136 1012 ne
157 951 326 1027 proderetur
348 954 409 1011 eius
431 958 569 1028 stuprum,
590 958 706 1027 partum
727 953 800 1010 iutra
814 968 846 1012 se
866 952 989 1010 necavit.
1031 949 1139 1008 Postea
1190 992 1192 995 -

98 1037 243 1098 infirmata
263 1041 440 1114 gravissime,
462 1040 499 1098 ob
521 1041 640 1098 nimiam
653 1036 865 1112 verecundiam,
886 1036 1023 1097 confessis
1044 1034 1139 1100 omni-

99 1125 156 1184 bus
177 1127 303 1201 peccatis
324 1125 401 1199 aliis,
426 1131 556 1201 stuprum
579 1132 607 1185 et
628 1124 810 1200 parricidium
831 1126 935 1200 tacuit3
965 1125 1065 1197 sicque
1086 1139 1139 1180 ex-

99 1212 228 1287 spiravit.
270 1211 328 1272 Pro
351 1214 431 1272 cuius
453 1214 549 1270 anima
572 1229 637 1272 oum
660 1211 803 1286 quaedam
825 1213 886 1270 eius
905 1215 1029 1286 cognata
1048 1207 1139 1284 pluri·

99 1315 180 1356 mum
206 1298 364 1373 laboraret,
398 1299 531 1358 defuncta
560 1301 586 1358 ei
614 1300 644 1356 in
666 1300 793 1358 oratione
814 1297 961 1357 visibiliter
982 1309 1139 1374 apparens,

98 1385 238 1446 infantem
258 1388 374 1462 igneum
395 1387 424 1443 in
447 1387 580 1444 manibus
600 1388 733 1461 gestavit,
758 1384 870 1446 dicens:
899 1379 1042 1444 Infantem
1063 1380 1140 1444 hunc

99 1473 220 1547 concepi
241 1479 270 1531 et
283 1474 429 1547 parturivi,
447 1474 605 1531 ammatum
616 1472 758 1532 interfeci:
780 1471 857 1530 unde
879 1469 960 1530 illum
974 1468 1140 1530 indesinen-

100 1565 146 1618 ter
165 1560 196 1616 in
217 1561 364 1618 tormentis
380 1559 556 1632 circumfero,
577 1565 606 1616 et
628 1565 671 1618 est
692 1558 762 1616 mihi
783 1560 856 1634 ignis
877 1557 980 1617 ardens
994 1562 1031 1624 et
1049 1554 1140 1616 devo-

100 1663 178 1707 rans.
222 1643 308 1722 Quod
329 1647 354 1704 si
376 1644 412 1713 de
433 1644 489 1704 hoe
510 1646 634 1704 maximo
650 1651 770 1719 peccato
793 1647 916 1704 moriens
933 1643 1141 1704 confessionem

100 1733 248 1806 iecissem,
275 1734 397 1809 gratiam
425 1733 606 1791 invenissem.
648 1731 694 1788 Ex
715 1749 773 1807 quo
803 1731 943 1808 colligitur
971 1729 1049 1807 quod
1069 1719 1140 1805 p'ec-

102 1825 170 1879 cata
202 1835 277 1895 quae
308 1818 355 1877 hic
389 1817 502 1877 detecta
513 1815 530 1896 ¹)
563 1834 621 1876 non
648 1817 751 1879 luerint
778 1835 830 1893 per
858 1817 1088 1889 confessionem„
1112 1816 1141 1874 in
1204 1817 1209 1832 “

101 1906 202 1965 frrturo.
228 1922 289 1980 par·
307 1905 459 1980 poenalem
489 1903 657 1980 detegantur
685 1903 888 1963 confusionem.
937 1899 1141 1962 NOVIGIUS:

103 1990 229 2068 Quando
251 1994 347 2050 anima
368 1990 511 2068 egreditur
532 1989 567 2048 de
590 2004 723 2065 corpore,
744 1992 824 2048 novit
844 1992 941 2052 statim
963 1989 1032 2065 quid
1053 1988 1089 2048 de
1110 2005 1142 2046 se

105 2081 142 2138 sit
168 2077 315 2138 futurum?
359 2076 595 2137 MONACHUS:
624 2075 690 2136 Hoc
719 2076 832 2137 videtur
859 2077 975 2152 probari
1001 2078 1142 2152 scriptura

105 2165 218 2224 dicente
246 2169 276 2223 in
304 2181 427 2241 persona
454 2164 656 2240 reproborum:
685 2160 876 2240 Dedeconffl)
906 2167 938 2222 ia
968 2162 1050 2222 bonis
1082 2161 1142 2220 dies

105 2268 184 2323 auos,
207 2259 235 2310 et
255 2255 288 2310 in
308 2259 418 2326 puncto
441 2251 618 2310 &comdant
640 2250 682 2308 od
701 2247 893 2330 infonom³).
935 2249 980 2308 Ex
1002 2265 1059 2325 quo
1072 2264 1142 2324 pro·

104 2339 191 2398 batur
205 2337 283 2412 quod
298 2337 455 2420 electorum
467 2340 580 2397 animae
601 2333 677 2416 quit)
699 2336 823 2414 agilioris
837 2342 903 2396 sunt
924 2342 1053 2408 naturae,
1073 2352 1142 2394 mox

103 2427 162 2484 sint
182 2432 249 2484 ante
270 2425 376 2485 Deum.
420 2424 505 2500 Quod
527 2426 552 2482 si
572 2423 680 2498 aliquid
700 2425 729 2482 in
752 2426 793 2482 eis
814 2423 993 2500 purgandum
1007 2428 1071 2496 est,
1100 2423 1141 2484 si-

103 2512 164 2572 mili
186 2511 338 2575 volooitata
361 2511 539 2571 deducuntur
559 2513 589 2568 in
611 2512 821 2586 purgatorium,
845 2512 874 2568 in
897 2527 953 2584 quo
976 2510 1141 2569 salvationis

102 2599 243 2660 certitudo
267 2604 319 2658 est.
361 2597 564 2660 NOVIOIUS:
594 2595 670 2657 Huic
697 2596 827 2656 diversae
849 2599 974 2656 visiones
996 2596 1142 2656 contradi-

103 2704 168 2748 cere
190 2685 332 2761 videntur,
352 2687 381 2744 in
404 2687 508 2760 quibus
528 2684 632 2761 legitur
654 2683 731 2759 quod
753 2701 841 2760 opera
862 2684 939 2743 bona
959 2700 1013 2743 nec
1033 2699 1092 2742 non
1113 2690 1142 2744 et

101 2772 181 2832 mala
198 2776 237 2831 -in
259 2779 366 2831 statera
392 2775 485 2848 posita
511 2767 743 2851 ponderentur⁶).
785 2771 840 2829 His
869 2771 955 2830 ctiam
983 2771 1141 2830 consentire

101 2858 216 2919 videtur
238 2857 381 2934 quaedam
401 2861 474 2919 visio
496 2860 525 2916 in
545 2858 670 2934 Dialogo
693 2859 785 2918 sancti
806 2856 950 2938 Gregorii,
972 2873 1059 2932 quam
1079 2859 1141 2932 ipse

101 2948 218 3006 minime
241 2944 354 3020 diffinit,
377 2945 412 3004 de
435 2944 560 3020 quodam
582 2947 632 3020 qui
652 2947 681 3003 in
698 2949 786 3023 ponte
807 2946 925 3019 positus,
947 2944 1080 3004 menibus
1103 2943 1140 3002 ab

100 3032 213 3110 angelis
234 3030 401 3093 trahebatur
423 3048 551 3106 sursum,
572 3037 688 3106 propter
709 3029 1040 3107 operamiscricordiae3
1062 3031 1149 3092 coris

100 3137 173 3181 vero
188 3125 217 3178 et
230 3119 361 3178 cruribus
375 3118 516 3192 deorsum,
537 3123 654 3193 propter
667 3135 739 3193 opus
751 3117 888 3181 luxuriae.
920 3115 1032 3192 Quibus
1045 3121 1142 3177 tamen

100 3209 223 3267 victoria
253 3207 382 3280 cesserit,
412 3204 480 3263 dicit
507 3203 652 3262 videntem
678 3207 825 3280 ignorasse
833 3199 864 3282 ⁶).
906 3201 1140 3263 MONACHUS:

101 3295 186 3352 Licet
215 3293 371 3352 auotoritas
400 3293 604 3365 scripturarum
625 3289 812 3365 praeferenda
840 3293 877 3350 sit
904 3289 1067 3349 huiusmodi
1095 3290 1141 3349 vi-

100 3381 239 3453 sionibus,
260 3379 380 3438 referam
403 3383 501 3437 tamen
523 3376 601 3453 quod
623 3393 713 3452 nuper
734 3375 840 3436 audivi.

42 3633 45 3638 ·
121 3618 152 3687 1)
169 3616 237 3670 ABP
255 3624 352 3667 tecta.
371 3645 403 3654 —
422 3615 454 3684 2)
473 3613 514 3668 CF
541 3614 670 3666 ducunt.
699 3614 794 3673 Jlomil.
813 3614 853 3666 tv,
871 3630 897 3682 p.
917 3615 981 3666 164:
1000 3597 1141 3683 quiasicut

172 3688 293 3754 scriptum
312 3693 366 3748 est,
383 3686 409 3737 in
428 3685 500 3736 bonis
518 3683 648 3736 deducunt
664 3699 731 3736 nunc
749 3683 803 3736 (lies
821 3697 897 3746 suos,
915 3693 1015 3752 etpost
1033 3691 1140 3735 mortem

172 3760 198 3810 in
215 3763 310 3823 puncto
327 3754 481 3806 descendent
498 3755 524 3805 in
547 3752 698 3804 internum.“
717 3783 748 3794 -
768 3754 800 3822 3)
817 3753 864 3806 tob
882 3755 929 3816 21,
957 3755 998 3806 13.
1019 3781 1051 3822 -V
1067 3752 1100 3821 l)
1118 3751 1140 3804 F

173 3841 265 3895 quae.
283 3854 316 3864 -
335 3827 367 3894 5)
385 3825 406 3876 Ε
425 3823 654 3892 ponderantem
674 3853 706 3863 -
725 3823 757 3892 6)
775 3825 881 3893 Gregor,
895 3821 960 3874 ont.
979 3819 1021 3887 Ν,
1039 3822 1081 3874 36.
