2664 4308
156 289 196 346 42
461 285 689 348 DISTINCTIO
711 283 887 348 SEPTIMA
909 362 912 372 Ι

154 409 185 468 in
213 424 297 469 erute
329 409 462 485 expansis
487 415 564 469 stare
594 405 750 486 conspexit.
794 408 848 468 Oui
879 423 946 468 cum
974 423 1108 486 egressus
1134 423 1193 468 non

154 500 266 571 pateret
277 491 307 575 ¹),
336 494 374 555 ad
406 498 510 554 ostium
542 495 620 571 quod
653 501 713 556 erat
743 496 773 554 in
806 497 938 572 opposito
971 497 1103 555 cucurrit
1145 495 1193 555 lta

155 599 296 642 succensa
307 582 399 642 iuerat
411 584 440 642 in
462 598 559 642 amore
582 582 684 658 elerici,
705 588 738 641 ut
758 597 832 658 pene
854 584 971 642 rationis
993 597 1102 657 expers,
1124 581 1193 658 quid

156 671 232 730 cirea
258 685 292 729 se
319 669 453 730 divinitus
475 675 619 746 ageretur,
652 671 750 728 minus
779 669 949 730 adverteret
992 667 1069 745 Quid
1090 665 1193 745 plura‘l

156 753 264 816 Omnes
284 757 385 816 ianuas
409 755 486 832 adiit,
507 763 537 816 et
561 756 726 816 crucifixum
746 758 776 815 in
797 757 931 816 omnibus
950 757 1068 815 invenit
1110 756 1195 816 Tunc

154 845 278 919 primurn
310 842 348 902 ad
383 859 415 902 se
446 859 575 917 reversa,
617 850 645 902 et
676 845 773 902 territa
813 844 897 902 dixit:
934 842 1023 902 Forte
1057 839 1194 904 voluntas

154 929 212 990 Dei
233 947 291 989 non
313 935 370 1005 eet,
390 936 424 989 ut
443 947 568 1005 usquam
590 929 681 988 vadas
690 926 720 1009 ²).
763 929 854 990 Solita
874 930 967 988 iuerat
988 928 1090 988 eadem
1110 931 1193 1006 virgo

154 1017 275 1094 singulis
301 1016 402 1076 diebus
429 1016 583 1092 specialem
604 1017 749 1091 quandam
770 1019 927 1075 orationem
949 1015 1042 1076 dicere
1065 1015 1101 1075 de
1121 1033 1196 1092 pas-

154 1106 234 1164 sione
255 1105 387 1178 Domini,
416 1120 503 1179 quarn
531 1103 673 1162 Dominus
699 1106 729 1161 in
750 1109 830 1162 tento
851 1102 978 1179 periculo
1000 1105 1197 1162 remuneravit

154 1193 264 1251 visione
293 1197 354 1250 tem
374 1191 446 1248 utili.
496 1188 578 1266 Quae
599 1197 724 1249 tremens
745 1197 812 1250 ante
833 1193 987 1266 imaginem
1008 1190 1112 1249 beatae
1132 1189 1194 1250 Dei

155 1277 307 1338 Gerritricis
335 1293 368 1336 se
394 1279 561 1353 prostravit,
595 1277 632 1336 de
656 1283 776 1351 peccato
812 1294 865 1337 suo
892 1278 1007 1338 veniam
1034 1276 1195 1353 postulans

154 1363 184 1424 A
205 1381 264 1441 qua
278 1381 344 1424 oum
364 1365 460 1442 imago
480 1364 582 1424 faeiem
604 1359 785 1443 averteret³),
807 1370 837 1423 et
856 1363 905 1422 illa
927 1364 1058 1423 obnixius
1079 1361 1196 1439 suppli·

155 1451 383 1529 caturapropiirs
396 1449 553 1525 accederet,
574 1453 669 1528 imago
685 1450 831 1509 maxillam
853 1453 914 1510 eius
934 1467 1022 1509 manu
1042 1452 1196 1526 percussit,

155 1537 267 1599 dicens:
308 1537 373 1614 Quo
402 1541 446 1598 vis
467 1539 509 1597 lre
538 1535 643 1596 iatuai
699 1536 788 1596 Vade
815 1539 845 1596 in
878 1536 1073 1596 dormitorium
1100 1543 1195 1596 tuum.

154 1626 229 1685 Tam
248 1625 327 1684 sortis
349 1631 410 1685 erat
430 1624 553 1700 alapha,
574 1631 607 1682 ut
628 1626 656 1682 in
677 1631 782 1683 terram
803 1641 889 1683 ruens
911 1626 952 1684 sic
972 1625 1080 1684 iaceret
1099 1641 1195 1700 usque

154 1711 193 1773 ad
213 1718 328 1789 tempus
342 1712 517 1771 matutinale.
562 1711 692 1786 Cumque
710 1714 792 1787 signa
812 1713 842 1769 in
864 1711 1028 1771 dormitorio
1049 1718 1196 1786 sonarent,

155 1805 185 1860 et
204 1799 254 1859 ille
274 1802 304 1858 in
317 1802 441 1859 oratorio
462 1815 520 1858 non
533 1797 670 1874 pulsaret,
690 1804 825 1873 putantes
840 1815 906 1857 eam
920 1813 984 1857 esse
1004 1799 1034 1856 in
1054 1800 1195 1873 oratione,

154 1885 202 1947 vel
223 1903 352 1962 pressam
374 1902 491 1962 sopore,
520 1887 657 1944 intrantes
685 1891 714 1944 et
728 1887 769 1943 dn
798 1885 887 1944 multo
910 1883 1024 1944 deiectu
1044 1885 1122 1944 illam
1143 1901 1195 1944 re-

154 1975 306 2049 perientes,
326 1979 479 2050 postquam
500 1971 657 2032 refocillata
678 1971 757 2048 loqui
778 1973 878 2047 potuit,
901 1974 997 2030 omnia
1019 1987 1093 2047 quae
1116 1973 1195 2033 circa

154 2077 187 2120 se
215 2067 298 2138 gesta
324 2066 406 2136 sunt,
434 2059 472 2120 ed
500 2058 638 2118 honorem
659 2058 716 2118 Dei
744 2060 946 2120 consororibus
972 2060 1031 2118 suis
1052 2060 1194 2118 recitavit.

154 2146 238 2207 Licet
264 2149 361 2225 gravis
390 2154 466 2207 esset
494 2146 614 2222 cleopha,
642 2162 760 2222 prorsus
787 2151 884 2205 temen
913 2163 932 2206 a
954 2147 1111 2206 tentatione
1138 2161 1195 2222 per

154 2233 233 2294 illem
260 2235 314 2294 luit
346 2233 475 2294 liberata
524 2233 622 2292 Durus
655 2233 773 2292 morbus
806 2231 907 2292 duram
934 2233 1052 2308 requirit
1071 2231 1196 2292 medici-

154 2317 266 2402 Μ’).
307 2319 509 2382 NOVICIUS:
539 2319 633 2380 Valde
661 2319 818 2379 accendere
846 2319 933 2380 debet
960 2335 1061 2378 sexum
1081 2319 1197 2380 virilem

155 2409 185 2466 in
213 2404 368 2487 amorem⁵)
396 2405 542 2484 Dominae
568 2414 698 2481 nostrae,
727 2405 804 2481 quod
831 2407 861 2465 in
889 2405 977 2465 milite
1005 2409 1196 2466 tentationem

156 2497 332 2570 compescuit
359 2497 453 2570 ipsum
482 2493 690 2568 deosculando,
718 2495 747 2552 in
774 2494 880 2554 femina
900 2492 1045 2552 maxillam
1066 2495 1127 2554 eius
1145 2493 1196 2554 ie-

155 2583 268 2658 tiendo,
290 2599 356 2642 cum
384 2578 514 2660 tamen‘)
536 2583 684 2655 utriusque
706 2580 838 2640 voluntas
867 2580 943 2639 mala
963 2580 1047 2639 fuerit
1067 2596 1102 2640 ac
1122 2597 1195 2656 per-

154 2686 248 2730 versa.
290 2666 523 2728 MONACHUS:
552 2667 609 2726 Per
636 2667 693 2728 hoo
723 2671 798 2726 enim
819 2666 958 2742 ostendit,
990 2666 1069 2741 quod
1090 2683 1196 2728 sexum

154 2762 284 2816 nostrum
303 2772 362 2814 non
379 2755 540 2830 abhorreat,
560 2756 617 2813 imo
641 2771 733 2830 aeque
754 2760 787 2812 ut
800 2755 954 2813 femineum
968 2753 1074 2830 diligat.
1095 2753 1196 2832 Magis

155 2841 242 2906 e'tiam
264 2842 354 2917 decet,
376 2848 409 2900 ut
415 2841 537 2902 domina
549 2840 681 2900 ancillam
695 2848 863 2916 peccantem
877 2842 1005 2917 castiget,
1027 2857 1114 2916 quam
1128 2857 1197 2900 ser-

154 2948 233 2991 vum.
274 2927 476 2990 NOVIOIUS:
498 2928 600 2988 Placet
623 2928 701 3004 quod
723 2927 802 2987 dicis
844 2925 1080 2988 MouAcHUs:
1101 2925 1195 2988 Refe-

154 3034 216 3079 ram
236 3017 288 3078 tibi
308 3013 387 3076 aliud
401 3016 584 3093 benignitatis
606 3017 667 3076 eius
683 3014 827 3090 indicium,
848 3013 944 3076 adhuc
964 3016 1019 3075 iste
1033 3013 1197 3092 gloriosius

470 3203 704 3274 CAPITULUM
727 3203 877 3265 XXXIV.

451 3327 529 3388 Item
554 3328 589 3388 de
609 3329 748 3388 Beateice
768 3328 896 3390 custode.

193 3467 198 3480 ·
217 3451 254 3511 Iu
266 3451 438 3511 monasterio
452 3450 577 3526 quodam
592 3447 858 3523 sanctimonialium,
873 3449 953 3508 euius
966 3462 1071 3508 nomen
1082 3446 1198 3524 ignoro,

154 3543 222 3600 ente
243 3554 301 3598 non
322 3536 428 3598 multos
449 3554 540 3598 annos
564 3539 645 3614 virgo
668 3535 811 3612 quaedam
833 3535 958 3622 degebat
977 3535 1091 3594 nomine
1111 3533 1197 3596 Bes-

173 3725 204 3796 l)
221 3724 243 3779 B
260 3739 415 3794 egressus
432 3732 566 3792 pateret
583 3723 715 3776 minime.
727 3721 838 3790 -2)B
854 3721 973 3776 radam.
999 3717 1072 3774 Ocni.
1089 3719 1132 3785 IV,
1149 3723 1197 3776 56.

224 3823 257 3836 -
276 3795 309 3864 ³)
326 3794 411 3848 ABDP
428 3801 629 3848 verteret-
646 3793 678 3861 4)
696 3792 717 3845 Β
735 3791 845 3844 durum
863 3821 896 3836 -
914 3789 1196 3846 medicamentum.

224 3893 257 3905 -
275 3867 308 3936 5)
325 3865 368 3923 BG
384 3880 499 3919 amore.
519 3895 550 3906 -
570 3864 601 3934 6)
620 3872 725 3917 lernen
742 3861 791 3916 add
809 3861 838 3915 l).
