2654 4308
173 239 212 298 oe
476 199 704 300 orsumooro
726 235 900 300 seruum

172 375 294 420 coronae
326 360 482 435 exprimere
510 377 568 419 non
597 365 724 436 poterat,
743 365 852 436 ¹utpote
879 359 985 433 laicus,
1016 360 1207 435 interrogatus

171 444 208 505 de
228 445 285 506 hoc
305 444 466 522 respondit:
496 445 620 522 Quando
641 446 861 519 nominataiuit
880 444 981 506 Maria.
1023 443 1095 505 Mox
1116 445 1209 505 Priori

170 535 307 609 occurrit,
334 531 412 608 quod
433 534 462 590 in
482 533 555 594 festo
578 533 780 594 confessorum
800 531 931 594 Ecclesia
953 530 1046 593 Credo
1066 533 1097 590 in
1117 549 1209 591 unum

169 618 275 694 Deum,
297 618 391 679 dicere
412 636 470 678 non
491 622 679 680 consueverit
720 620 895 696 Vocensque
916 621 1026 680 socium
1047 636 1133 678 suum
1154 620 1208 678 aitt
1304 611 1305 618 '

169 704 289 766 Dixistis
308 723 362 766 vos
378 707 496 765 missam
515 709 545 764 in
563 711 705 766 conventu
725 707 755 764 in
777 705 823 765 die
837 707 930 766 sancti
944 703 1108 782 Nyoholai?
1140 705 1210 781 Ipse
1304 723 1305 772 r

169 798 239 852 tunc
260 791 337 852 domi
357 809 415 852 non
435 791 528 853 fueram
543 789 569 873 ¹).
611 791 814 868 Respondenta
834 792 900 867 illo,
922 795 1023 868 etiam,
1045 792 1210 851 subiunxitz
1305 857 1306 864 χ

169 878 289 940 Dixisiis
303 879 396 940 Credo
416 879 447 939 in
462 897 550 938 unum
563 875 606 960 ²)?
638 880 714 955 Dixi,
735 881 834 954 inquit.
875 879 914 938 Et
929 879 1022 938 Prior:
1043 877 1110 939 Nou
1130 883 1211 940 recte
1305 873 1306 878 ’

169 966 290 1042 lecistis,
321 968 477 1026 nonenim
498 966 655 1042 Apostolus
677 967 737 1024 luit.
779 963 829 1024 Ad
851 965 929 1041 quod
950 967 1070 1025 verbum
1089 963 1139 1024 ille
1159 982 1211 1026 re-

169 1052 299 1130 spondit:
321 1051 404 1113 Certe
426 1069 481 1130 ego
495 1058 627 1112 sanctum
640 1051 820 1129 Nyeholaum
835 1051 987 1128 aequalem
1001 1050 1097 1112 habeo
1110 1052 1212 1113 multis

169 1139 326 1216 Apostolis.
368 1139 473 1214 sicque
494 1139 577 1199 Prior
609 1139 644 1198 de
672 1141 782 1199 visione
805 1139 975 1199 certificatus
997 1145 1049 1198 est.
1091 1137 1212 1198 NOVI-

170 1225 271 1288 oms:
294 1226 464 1304 Mysterium
477 1227 594 1286 visionis
606 1226 692 1285 huius
704 1225 790 1286 nosse
804 1225 944 1286 desidero.
971 1221 1211 1286 MONAOHUS:

169 1311 324 1391 Dyadema
344 1315 454 1389 regium
475 1311 587 1372 videtur
612 1311 754 1372 hocloco
776 1313 890 1389 signare
901 1309 922 1392 Ρ)
945 1329 1060 1372 carnem
1082 1312 1212 1389 Virginis

169 1399 332 1478 gloriosam,
354 1416 441 1475 quam
463 1398 498 1458 de
520 1401 628 1460 semine
650 1399 736 1459 traxit
755 1403 844 1476 regio.
888 1399 1016 1459 Christus
1032 1415 1101 1458 vero
1124 1415 1212 1459 cero·

169 1504 238 1545 nam
265 1491 423 1546 maiomam
450 1488 536 1562 capiti
555 1487 845 1563 proprio'imposuit,
877 1503 942 1546 oum
970 1502 1022 1563 per
1042 1501 1212 1546 sacramen-

169 1577 232 1632 tum
257 1573 458 1633 incarnationis
486 1589 599 1632 carnem
628 1570 664 1632 da
685 1573 803 1649 Virgine
825 1579 969 1648 sumptam
1001 1589 1071 1632 suae
1103 1571 1211 1632 divini-

170 1662 223 1718 tati
243 1661 343 1719 univit.
384 1659 468 1720 Unde
497 1659 535 1720 ad
563 1659 819 1720 considerationem
845 1661 918 1718 tanti
938 1660 1065 1737 mysterii
1086 1657 1212 1736 Spiritus

170 1751 287 1806 sanetus
308 1763 361 1806 nos
374 1747 506 1832 invitam,
528 1745 624 1806 dicit
616 1765 645 1804 rrr
664 1745 788 1806 canticis
806 1746 1002 1806 oanuoorum.
1024 1745 1212 1822 Epredc'mtni

168 1833 248 1910 filice
265 1832 434 1893 Jerusalem
444 1831 479 1912 ⁴)
502 1841 530 1893 et
549 1833 644 1893 videte
664 1833 775 1916 Regem
793 1833 991 1906 Salomonem,
1012 1831 1042 1891 id
1064 1837 1107 1892 est
1124 1831 1212 1892 chrr-

170 1925 247 1979 stum
270 1937 368 1980 verum
382 1920 574 1997 pacificum·
563 1937 595 1978 aa
616 1919 800 1996 dyademate,
821 1918 878 1979 hoc
894 1921 966 1980 cst
958 1937 988 1978 m
1001 1915 1021 1999 Ρ)
1044 1935 1130 1980 came
1150 1919 1211 1980 hu-

170 2023 271 2082 mana,
300 2024 360 2084 quo
382 2010 537 2066 coronavit
558 2025 625 2066 eom
646 2013 743 2066 mater
763 2023 836 2080 eoo,
858 2006 951 2083 Virgo
972 2005 1080 2080 Maria,
1108 2009 1142 2065 in
1164 2007 1212 2066 die

171 2094 404 2170 dcepoouotionte
420 2097 480 2153 eico
492 2089 523 2174 Ρ),
548 2091 663 2168 quando
678 2091 781 2169 angelo
796 2088 1016 2173 cunctantem·
1008 2111 1036 2151 rrr
1059 2094 1120 2152 cius
1142 2100 1211 2155 ute·

171 2197 203 2241 ro
225 2179 364 2240 coelestes
385 2179 546 2240 celebratae
573 2186 641 2241 sunt
667 2182 784 2256 nuptiae
812 2182 885 2239 inter
912 2185 1045 2239 naturam
1083 2178 1212 2242 divinam
1309 2245 1310 2248 ,

172 2274 201 2326 et
222 2265 386 2326 humanam.
427 2266 486 2326 Per
505 2267 561 2327 hoc
583 2273 680 2326 autam
701 2265 779 2342 quod
801 2265 839 2327 ad
860 2265 909 2325 illa
930 2265 1032 2326 verba:
1058 2266 1100 2325 Et
1120 2267 1213 2328 homo

169 2353 270 2431 foetus
292 2361 342 2427 est,
364 2369 499 2413 coronam
519 2359 648 2413 materno
671 2355 757 2429 eapiti
776 2354 911 2429 reposuit,
934 2352 1028 2413 dicere
1040 2351 1212 2414 videbatur:

171 2440 280 2516 Mater,
309 2443 382 2500 sicut
411 2457 465 2518 ege
486 2458 538 2516 per
558 2448 588 2500 te
608 2442 751 2516 particeps
771 2439 864 2499 iaetus
885 2457 951 2499 sum
970 2437 1114 2500 humanae
1136 2442 1214 2501 sub-

85 2523 87 2530 ’
171 2529 308 2603 eundae,
341 2529 382 2587 sic
410 2531 442 2586 tu
469 2544 521 2602 per
548 2543 595 2586 me
616 2529 759 2604 particeps
787 2525 864 2587 iacta
885 2543 916 2586 es
944 2533 1064 2586 naturae
1085 2526 1214 2589 divinae.

138 2627 140 2630 ·
173 2612 276 2673 Christi
296 2615 379 2690 enim,
401 2616 450 2690 qui
461 2613 544 2674 Deus
557 2619 641 2674 estet
654 2614 749 2689 homo,
771 2629 874 2690 corpus
888 2629 987 2672 sumus
999 2619 1028 2672 et
1040 2611 1215 2696 membrat).

171 2699 253 2761 Haeo
285 2700 321 2760 de
349 2701 540 2778 perlectorum
568 2699 761 2761 consolatione
791 2699 867 2760 dicta
895 2695 984 2780 sint⁹)
1016 2717 1068 2775 per
1096 2717 1214 2762 sacram

172 2789 234 2848 eius
253 2788 415 2866 imaginem.
456 2783 536 2847 Audi
555 2803 631 2846 nuno
653 2786 730 2846 aliud
751 2803 843 2864 genus
864 2786 1073 2864 consolationis,
1094 2785 1214 2850 dehoc

171 2873 251 2952 quod
277 2875 308 2933 in
335 2873 450 2934 exordio
478 2873 563 2932 huius
584 2871 771 2935 distinctionis
792 2873 900 2934 dictum
927 2878 985 2949 est,
1017 2871 1096 2949 apud
1116 2875 1214 2950 ipsam

172 2959 410 3023 esseelectuaria
431 2959 627 3022 confortativa.

190 3391 445 3462 rff-Jorerrr
469 3391 862 3460 muneremunere-
888 3389 1212 3460 ³)r0msseregenuum

240 3466 618 3601 tritittitttittuu
605 3467 684 3587 03¹?
692 3463 978 3587 ,ilrttttrtttl
973 3465 1030 3601 ¹5¹¹·
1043 3465 1090 3585 1⁶3
1092 3463 1213 3586 ,risi

242 3637 272 3648 -
292 3608 325 3674 6)
343 3607 414 3660 (lant
433 3607 459 3671 3,
477 3602 1212 3673 umuurnnuncrrnre.-sJoourrsrur

239 3679 366 3730 onim—
378 3690 499 3746 corpus
517 3691 605 3728 suum
623 3683 655 3725 et
671 3674 808 3726 membra
826 3671 953 3740 accepit
970 3671 1008 3724 de
1025 3671 1121 3724 beatu
1139 3672 1212 3725 Vir·
1236 3706 1238 3723 ,

240 3747 322 3830 gine.
346 3744 440 3813 Ephcs.
459 3746 485 3810 5,
502 3746 545 3798 30.
571 3742 661 3797 llomil.
679 3743 698 3795 l.
716 3759 742 3812 p.
761 3744 807 3796 ot:
827 3739 1213 3810 „Facturcstplurelisnnmeri

240 3817 267 3868 irr
284 3823 420 3886 augmento
437 3815 552 3884 corporis
568 3815 616 3879 sui,
633 3812 700 3883 qued
718 3821 758 3866 est
774 3812 963 3866 Ecclesiam-‘⁴
982 3811 1016 3881 9)
1033 3810 1098 3866 nco
1124 3821 1211 3864 sunt.
