2654 4308
366 272 420 333 DE
442 271 629 335 DIVERSIS
650 271 886 336 victorimus.
1105 273 1145 334 93

105 400 237 472 tempore
271 392 302 452 in
333 393 439 471 angulo
472 394 550 454 chori
582 411 784 454 conversorum
816 393 922 454 diutim
954 397 983 454 et
1015 390 1147 457 devotius

105 481 230 564 orationi
250 480 434 558 incubuisset,
455 480 585 540 divinum
604 481 760 557 implorans
780 481 926 556 auxilium,
950 497 988 540 ns
1008 481 1147 547 sineretur

104 565 166 629 labi
186 569 217 626 in
237 573 398 643 peccatum,
417 574 484 644 post
504 568 606 631 horam
628 570 756 643 surrexit,
779 573 808 627 et
828 569 954 629 recessit.
998 566 1146 644 Siquidem

104 657 136 714 in
157 655 327 722 memoriam
354 655 381 714 ei
408 656 502 730 venit,
530 654 608 730 quod
630 653 709 716 aliud
731 654 800 730 quid
821 671 907 732 agere
927 654 1056 716 habebat
1071 651 1087 745 ¹)
1111 671 1146 714 cx

103 747 272 818 praecepto.
321 737 522 822 Ascendens²)
549 744 636 818 igitur
663 758 716 817 per
744 740 842 817 stella,
875 743 1025 807 transitum
1045 739 1148 802 habuit

104 825 187 909 per³)
210 827 378 888 antealtare
398 827 574 888 infirmorum
596 835 626 888 et
639 843 850 888 conversorum.
882 823 968 908 Uhi⁴)
992 846 1058 888 eum
1078 845 1146 905 pcr-

104 917 242 990 venisset,
262 916 377 974 veniam
391 915 520 974 celeriter
539 921 709 991 accepturus
727 931 824 975 eoram
845 914 936 990 altari,
958 915 1147 977 et‘abcessu·

104 1020 170 1077 rus,
200 1002 256 1062 suh
277 1000 411 1077 lampade
432 1018 464 1060 se
485 1002 658 1078 humiliavit3
689 999 717 1060 et
746 1019 818 1070 ecce¹
834 1001 874 1062 ibi
894 1001 1037 1062 Dominus
1058 1001 1146 1062 lesus

105 1096 188 1150 stans
217 1094 284 1148 ante
313 1106 395 1164 eum,
422 1087 472 1148 vel
497 1091 593 1164 potius
623 1091 706 1164 quasi
732 1088 859 1166 pendens
887 1091 917 1147 in
945 1103 1038 1150 cruce.
1089 1088 1147 1165 Qui

105 1177 235 1253 piissima
261 1176 382 1235 brachio
408 1193 463 1236 sua
483 1174 652 1235 abstrahens
673 1194 692 1236 a
713 1192 812 1251 cruce,
840 1189 955 1236 servum
975 1192 1061 1241 suum
1082 1193 1147 1234 am-

104 1262 240 1339 plexatus
262 1269 314 1338 est,
336 1253 365 1322 et
378 1267 515 1337 tanquam
528 1261 751 1338 praecordialem
773 1263 835 1337 sibi,
855 1263 1013 1338 insignum
1029 1268 1147 1323 mutuas

105 1349 315 1422 familiaritatis,
338 1367 404 1408 eum
426 1348 462 1408 ad
485 1358 586 1424 pectus
607 1367 691 1409 suum
719 1349 888 1409 attrahendo
910 1351 1030 1423 strinxit,
1051 1355 1147 1409 tente-

106 1440 259 1512 tionesque
280 1435 354 1496 illius
370 1434 561 1496 validissimas
578 1435 741 1513 stringendo
764 1438 948 1512 compescuit.
983 1435 1059 1496 Sane
1081 1454 1148 1498 cum

105 1531 201 1584 terrae
229 1523 445 1599 procumberet,
474 1525 580 1599 optime
608 1526 652 1582 sui
682 1539 799 1598 compos
827 1529 903 1599 erat3
932 1521 983 1583 scd
1003 1523 1078 1583 felici
1098 1523 1148 1584 illa

105 1613 219 1670 visione
239 1611 280 1668 ita
301 1627 320 1668 a
341 1623 501 1670 sensu'suo
524 1610 687 1670 abstractus
708 1617 738 1670 et
757 1612 798 1670 ita
816 1609 934 1670 dulciter
946 1611 1075 1674 ‚affectus
1096 1616 1148 1686 ost,

107 1704 142 1757 nt
162 1713 221 1755 non
241 1696 325 1771 plens
347 1699 419 1755 scire
440 1691 578 1772 potuerit,
611 1703 706 1755 utrum
728 1699 870 1771 corporeis
893 1697 997 1772 oeulis,
1026 1715 1063 1757 arr
1085 1697 1146 1757 solo

107 1785 209 1860 spiritu
231 1781 434 1842 revelationem
454 1783 533 1843 illam
558 1787 721 1858 recepisset.
763 1783 900 1847 Attamen
922 1777 1020 1864 cum⁶)
1042 1784 1148 1844 multas

107 1877 170 1930 tam
191 1875 258 1929 ante
279 1887 366 1946 quam
387 1876 488 1946 postea
510 1870 719 1931 consolationes
737 1871 887 1946 acceperit,
907 1870 963 1929 hoc
985 1877 1082 1931 tamen
1101 1871 1147 1930 la-

107 1964 201 2033 tetur,
234 1956 312 2032 quod
333 1959 389 2016 ista
409 1973 593 2034 supergressa
615 1963 659 2016 est
678 1951 869 2035 universas⁶).
912 1957 1042 2017 Tantam
1058 1958 1149 2034 siqui·

25 2105 28 2112 ,
108 2045 176 2104 dem
198 2049 350 2119 acceperat
371 2046 492 2120 gratiam
513 2043 694 2104 lacrimamm
716 2043 885 2118 aDomino,
906 2048 939 2102 ut
958 2045 1032 2104 infra
1052 2049 1149 2104 matu-

107 2135 185 2192 tinus
206 2133 255 2190 vix
277 2131 377 2205 aliqua
394 2130 466 2191 hora
487 2131 562 2190 oculi
583 2133 644 2190 eius
665 2133 847 2191 siccarentur.
889 2129 984 2190 Huius
1005 2133 1047 2190 rei
1069 2133 1150 2190 testis

109 2237 177 2280 sum
205 2234 277 2294 ego,
306 2219 355 2292 qui
383 2219 463 2277 iuxta
490 2217 572 2290 illum
598 2217 636 2277 ad
656 2216 846 2294 psalmodiam
867 2217 982 2278 stabam
1003 2218 1150 2295 aliquanto

109 2314 250 2381 tempore.
288 2303 338 2363 'Ita
359 2307 434 2364 enim
455 2305 585 2364 servabat
606 2307 635 2363 in
658 2305 761 2364 Christi
782 2305 924 2380 passione,
946 2310 977 2363 ut
998 2322 1050 2382 spe
1071 2322 1151 2363 mar·

109 2395 179 2470 tyrii
200 2389 409 2457 Theodericum
423 2391 599 2468 Episcopum
616 2391 755 2451 Livoniae
776 2396 949 2466 sequeretur,
970 2394 1032 2452 sinc
1046 2390 1151 2451 Abba·

109 2482 149 2540 tis
178 2479 224 2540 sui
254 2479 449 2554 permissione.
489 2477 661 2560 ¹Acceperat
688 2479 736 2538 ille
764 2480 964 2538 auctoritatem
991 2497 1010 2538 a
1036 2477 1151 2538 domino

109 2567 195 2641 Papa
209 2564 385 2640 Irmoecntio,
407 2582 505 2624 seeum
523 2565 627 2626 ducere
643 2583 742 2625 omnes
764 2567 813 2642 qui
832 2568 874 2624 ire
895 2559 1003 2637 vellent
1023 2565 1062 2625 ad
1082 2582 1152 2642 pro·

110 2651 278 2729 pagendam
299 2653 414 2710 vineam
434 2651 552 2711 Domini
573 2652 702 2713 Sabaoth
732 2654 761 2710 in
782 2652 889 2729 populo
911 2653 1044 2713 barbaro.
1086 2650 1152 2712 Ad-

110 2740 171 2798 huc
199 2739 244 2798 vir
265 2737 322 2797 Dei
335 2735 354 2817 ⁷)
376 2740 473 2812 vivit,
492 2745 521 2798 et
543 2756 577 2798 ex
598 2745 752 2816 praecepto
775 2737 900 2799 Abbatis
921 2741 966 2798 sui
987 2739 1153 2815 parochiam

111 2829 142 2885 in
164 2825 287 2884 Livoniu
315 2825 401 2905 regit,
430 2825 480 2886 ubi
508 2825 654 2902 praedicat
683 2833 712 2886 et
738 2827 882 2902 baptizat,
909 2825 1071 2902 multosque
1092 2832 1153 2886 tam

112 2912 204 2973 verbo
227 2929 316 2990 quam
337 2911 468 2989 exemplo
491 2912 624 2972 aedificat
646 2918 675 2972 et
694 2915 725 2970 in
745 2912 803 2974 tide
825 2911 982 2973 confirmat

462 3101 695 3166 CAPITULUM
723 3103 810 3166 XIV.

114 3225 191 3285 Iton
213 3225 249 3286 de
270 3225 416 3285 monacho
438 3227 565 3286 amdam
581 3225 711 3286 coenobii
732 3232 854 3298 tentato,
876 3229 909 3286 to
930 3229 1013 3286 coito
1035 3231 1154 3303 aspecto

364 3313 495 3390 emori-oi
515 3315 643 3374 onlnem
658 3319 809 3390 panormio
829 3319 908 3373 aaut

180 3451 215 3510 In
237 3450 402 3528 supradicto
426 3451 557 3513 Glaustro
586 3452 659 3514 alius
688 3451 805 3528 quidam
825 3451 911 3513 trater
932 3444 1068 3530 magnam
1089 3451 1154 3512 lon·

137 3636 167 3704 1)
185 3636 205 3690 Β
223 3635 372 3690 haberet.
397 3667 428 3678 -
451 3638 485 3707 2)
502 3637 523 3691 B
549 3611 763 3691 descendens.
782 3669 814 3680 -
833 3639 865 3707 ³)
882 3654 938 3706 per
960 3654 1001 3690 om
1018 3636 1069 3690 BD.
1104 3636 1154 3689 vn.

187 3705 309 3770 chard.
328 3707 386 3770 llll,
406 3708 454 3760 29:
473 3724 535 3778 ,per
552 3718 611 3763 ante
628 3711 762 3762 universos
777 3709 892 3762 novicios
905 3707 1053 3761 transiens.“
1073 3735 1105 3748 -
1123 3705 1155 3772 4)

187 3775 208 3828 Β
232 3791 302 3845 quo.
321 3806 352 3846 7
371 3777 403 3844 5)
420 3777 442 3829 Β
464 3787 497 3830 at
520 3795 593 3833 cum.
612 3808 642 3820 —
663 3779 695 3847 6)
713 3778 832 3833 Proverb.
851 3779 894 3845 st,
911 3778 953 3832 29.
971 3807 1003 3816 -
1023 3776 1054 3844 7)
1071 3773 1156 3830 ocu?

177 3844 297 3900 ,adhuc
320 3854 354 3897 ut
377 3845 499 3904 dicunt.
