2654 4308
162 262 224 322 130
471 253 699 320 DISTINOTIO
724 253 889 319 octava

161 384 191 440 in
213 379 332 441 Colonia
353 382 521 458 canonicus,
541 383 697 458 sicutipse
718 380 787 440 mihi
807 378 919 453 retulit,
946 377 1072 454 quinque
1093 376 1200 438 solidos

161 467 216 528 illis
238 467 330 542 dedIt,
356 475 457 543 petens
484 475 517 526 ut
545 485 581 526 ex
609 469 650 528 eis
679 474 878 543 compararent
897 463 1001 542 pellem
1023 467 1081 524 ursi
1102 465 1201 524 albam

165 554 264 630 quales
284 556 363 631 regio
383 554 432 613 ille
449 556 559 632 gingnit
570 550 596 634 ¹),
617 553 656 614 ad
669 555 888 616 substratorium
902 568 1000 612 coram
1013 551 1096 612 altari
1109 555 1201 612 sancti

163 639 307 702 Andreae.
348 640 434 716 Quod
456 659 522 701 cum
542 641 690 715 iecissent,
722 647 752 700 et
778 644 1002 713 reverterentur,
1028 645 1110 698 tanta
1139 645 1203 698 orta

164 733 210 790 cst
235 730 264 786 in
292 730 363 788 mari
391 733 562 804 tempestas,
589 735 622 786 ut
647 745 747 788 ornnes
768 729 893 786 mitteret
913 728 942 784 in
965 724 1203 802 desperationem.

164 814 230 874 Hoc
260 814 326 874 ideo
357 815 465 874 Iactum
491 829 569 890 reor,
601 820 634 874 ut
660 814 804 874 Dominus
832 812 965 890 Apostoli
992 815 1037 872 sui
1065 815 1203 873 mortem

164 900 334 961 ostenderet.
386 901 540 961 Recordati
574 917 642 962 vero
676 900 816 977 praedicti
846 903 965 959 iuvenes
996 899 1079 975 pellis
1110 901 1204 958 sancti

165 987 308 1062 Andreae,
329 994 428 1048 contra
448 987 589 1063 procellas
609 989 839 1066 intumescentes,
860 994 1020 1062 ventosque
1041 987 1204 1061 frementes,

162 1074 241 1134 illam
255 1091 320 1134 cum
334 1072 420 1154 fide²)
440 1075 617 1133 levaverunt.
648 1073 687 1132 Et
706 1091 773 1134 ecce
787 1074 929 1132 Dominus
940 1075 1048 1133 meritis
1065 1072 1201 1150 Apostoli

165 1164 222 1236 sui,
244 1178 330 1238 quem
352 1160 388 1220 de
409 1162 480 1220 mari
501 1163 631 1236 vocavit,
653 1161 889 1238 suffragantibus,
910 1162 1060 1236 imperauit
1080 1162 1154 1220 mari
1175 1165 1205 1220 et

167 1249 273 1323 sentis,
295 1256 324 1307 et
345 1247 421 1307 lacta
442 1253 486 1307 est
505 1249 619 1322 inipso
639 1246 711 1306 hora
731 1247 919 1322 tranquillitas
940 1254 1000 1306 tam
1021 1263 1142 1323 magna,
1171 1253 1205 1306 ut

166 1350 264 1394 omnes
279 1337 327 1410 qui
339 1337 368 1392 in
383 1337 450 1394 navi
462 1340 544 1394 erant
556 1335 731 1394 mirarentur.
773 1334 961 1394 Revertentes
971 1350 1041 1393 vero
1055 1333 1205 1394 Coloniam

166 1422 297 1482 denarios
311 1421 503 1496 reddiderunt,
522 1420 627 1497 pellem
647 1421 734 1482 beato
748 1407 883 1508 Andreae
903 1417 1021 1502 gratis³)
1044 1421 1205 1495 offerentes,

167 1507 262 1570 collati
281 1524 339 1567 non
360 1510 540 1568 immemores
561 1507 702 1568 beneficii.

504 1697 736 1759 GAPITULUM
756 1699 865 1759 LVIII.
915 1725 919 1733 ·

206 1823 254 1882 De
274 1821 391 1880 homine
407 1839 464 1896 pec
484 1827 620 1881 sanctum
640 1819 790 1880 Jocolmm
812 1839 833 1879 a
854 1821 1010 1897 suspendio
1031 1819 1166 1880 liberato.

233 1943 312 2004 Giris
334 1943 450 2019 quidam
473 1943 508 2002 de
530 1942 661 2002 Treiecto
683 1942 820 2016 interiori,
849 1959 915 2002 cum
935 1941 993 2002 filio
1015 1941 1054 2002 ad
1074 1948 1208 2002 sanctum

128 2049 130 2054 ’
168 2031 313 2094 Iacobum
325 2031 469 2106 proiectus
483 2036 536 2089 eet.
565 2029 680 2089 Accidit
701 2031 725 2088 si
746 2030 821 2089 benc
842 2032 956 2088 memmi
977 2036 1009 2087 ut
1029 2031 1057 2086 in
1081 2029 1208 2104 quodam

168 2119 232 2181 loco
258 2117 364 2193 hospes
393 2119 453 2177 eius
474 2118 571 2176 nescio
594 2116 662 2192 quid
683 2116 830 2191 perderet,
852 2124 881 2175 et
902 2117 1092 2191 suspicionem
1114 2116 1156 2176 de.
1172 2131 1207 2176 eo

169 2205 289 2280 habens,
309 2203 415 2264 lurtum
428 2204 469 2262 illi
487 2220 583 2264 coram
604 2203 698 2262 iudice
720 2205 841 2264 civilatis
859 2205 1026 2278 inponeret.
1065 2202 1132 2278 Quo
1153 2219 1209 2263 ne·

169 2299 257 2370 gente
286 2297 314 2352 et
342 2289 467 2364 dicente,
495 2289 576 2350 Deus
604 2293 685 2350 novit
706 2297 735 2350 et
756 2296 874 2350 sanctus
894 2289 1025 2350 Jacobus
1046 2291 1127 2350 testis
1148 2295 1209 2364 est,

169 2396 217 2439 me
245 2387 392 2453 nunquam
419 2377 506 2436 fuisse
534 2376 641 2452 mrem,
668 2393 761 2452 neque
790 2377 859 2435 iuris
880 2379 1002 2452 socium;
1030 2375 1117 2434 index
1138 2393 1209 2436 ver-

169 2462 244 2546 bist)
266 2481 323 2525 non
345 2463 472 2538 credidit,
491 2463 543 2522 sed
558 2463 704 2539 suspendii
723 2466 864 2523 sententia
883 2466 1065 2523 innocentem
1086 2462 1209 2524 damna-

170 2556 220 2612 vit.
262 2550 372 2616 Videns
392 2550 467 2610 titus
487 2555 599 2626 patrem
621 2550 796 2625 damnatum,
819 2567 873 2610 nec
894 2549 1001 2626 aliquid
1024 2553 1050 2610 ei
1070 2550 1209 2626 prodesse

169 2639 287 2699 fratrum
316 2639 493 2711 testimonia,
521 2637 592 2696 flens
621 2643 650 2696 et
678 2636 787 2696 eiulans
808 2636 878 2695 dlxit
899 2637 936 2696 ad
957 2636 1095 2697 iudicem:
1123 2637 1209 2714 Rogo

171 2743 224 2788 vos
246 2725 358 2785 domine
373 2722 521 2800 *quatenus
541 2725 645 2783 intuitu
658 2721 716 2782 Dei
737 2728 767 2782 et
787 2726 878 2782 sancti
890 2723 995 2783 Jacobi
1016 2741 1063 2783 me
1084 2741 1210 2800 suspen·

172 2813 260 2890 datis,
286 2817 367 2888 patre
388 2828 454 2871 meo
476 2811 602 2869 dimism.
643 2809 706 2886 Ego
729 2812 805 2870 enim
825 2812 894 2869 novi
913 2813 1105 2871 innocentiam
1123 2811 1210 2870 illius.

174 2901 260 2961 Cuius
274 2900 387 2958 fletibus
406 2905 434 2957 et
454 2899 589 2956 instantia
609 2896 725 2958 tandem
746 2897 832 2956 iudex
853 2899 955 2974 victus,
976 2903 1086 2974 patrem
1108 2897 1210 2958 absol·

172 2990 227 3062 vit,
250 2989 401 3063 ipsumque
409 2981 430 3063 ⁶)
462 2984 617 3059 suspendit.
659 2984 746 3044 Pater
766 3001 836 3043 vero
856 2986 943 3043 tristis
964 2986 1048 3044 nimIs
1070 3001 1136 3045 cum
1157 3001 1208 3045 so-

173 3077 223 3134 ciis
251 3073 423 3150 procedens,
457 3077 486 3130 et
512 3070 609 3129 limina
637 3071 714 3129 beati
734 3069 840 3130 Jacobi
860 3073 995 3145 visitans,
1023 3073 1135 3148 ipsique
1154 3089 1209 3148 pro

172 3164 267 3222 anima
288 3159 337 3218 filii
357 3158 533 3234 supplicans,
554 3163 707 3234 postquam
728 3157 766 3216 ad
787 3158 883 3218 locum
903 3160 1098 3234 suspensionis
1117 3159 1210 3234 rediit,

171 3251 212 3308 ait
237 3247 384 3306 fratribus:
405 3245 482 3306 Ecce
502 3246 602 3306 fratres
622 3244 698 3304 filius
719 3261 816 3321 meus;
844 3239 978 3325 precor⁶)
1007 3251 1040 3304 ut
1059 3244 1210 3322 paululum

171 3335 346 3408 substatatis,
379 3332 470 3393 donec
496 3331 577 3392 illum
605 3330 747 3407 deponam
768 3337 798 3392 ct
817 3331 964 3407 sepeliam.
1006 3331 1115 3392 Audita
1135 3350 1210 3395 uoce

170 3424 260 3498 patris
279 3413 385 3498 filiusr)
406 3418 565 3494 respondit:
592 3418 772 3478 Benevenias
792 3425 891 3502 pater,
918 3417 1013 3479 adhuc
1035 3421 1110 3480 enim
1131 3421 1210 3482 vivo.

170 3507 326 3585 Depositus
354 3506 391 3566 ab
422 3522 470 3581 eo,
492 3511 521 3566 et
547 3507 737 3582 interrogatus
767 3522 909 3581 quaenam
931 3511 1008 3568 essct
1029 3522 1118 3568 cause
1137 3509 1211 3568 tanti

189 3696 221 3766 l)
238 3691 325 3748 ABCP
342 3693 458 3815 gignit.
470 3719 501 3732 -
513 3692 545 3758 2)
562 3689 669 3744 Bcum
686 3705 766 3743 rora
783 3688 946 3759 tide—³)
963 3688 985 3743 B
1000 3700 1210 3746 reverenter.

240 3793 274 3803 -
291 3764 324 3831 d)
380 3762 492 3815 verbis
509 3763 588 3814 ciue.
601 3791 634 3800 —
660 3761 692 3828 5)
709 3759 731 3813 Ι)
748 3760 934 3828 liliumque,
952 3759 973 3814 C
991 3769 1023 3813 et
1040 3759 1155 3814 fillum.
1175 3793 1210 3802 -

239 3833 271 3902 6)
290 3831 310 3887 C
328 3848 445 3902 precor
462 3847 531 3886 vos.
550 3861 581 3873 -
601 3832 633 3900 7)
651 3830 745 3884 lilius
763 3829 813 3883 add
830 3829 906 3884 aco.
