<?xml version="1.0" encoding="UTF-8"?>
<!DOCTYPE html PUBLIC "-//W3C//DTD XHTML 1.0 Transitional//EN"
    "http://www.w3.org/TR/xhtml1/DTD/xhtml1-transitional.dtd">
<html xmlns="http://www.w3.org/1999/xhtml" xml:lang="en" lang="en">
 <head>
  <title>
</title>
<meta http-equiv="Content-Type" content="text/html;charset=utf-8" />
  <meta name='ocr-system' content='tesseract 3.04.00' />
  <meta name='ocr-capabilities' content='ocr_page ocr_carea ocr_par ocr_line ocrx_word'/>
</head>
<body>
  <div class='ocr_page' id='page_1' title='image "./caesariiheister05stragoog_0149.png"; bbox 0 0 2538 4314; ppageno 0'>
   <div class='ocr_carea' id='block_1_1' title="bbox 140 217 855 283">
    <p class='ocr_par' dir='ltr' id='par_1_1' title="bbox 140 217 855 283">
     <span class='ocr_line' id='line_1_1' title="bbox 140 217 855 283; baseline -0.003 -1"><span class='ocrx_word' id='word_1_1' title='bbox 140 223 200 283; x_wconf 78' lang='lat'>134</span> <span class='ocrx_word' id='word_1_2' title='bbox 452 219 681 283; x_wconf 81' lang='lat' dir='ltr'>DISTINOTIO</span> <span class='ocrx_word' id='word_1_3' title='bbox 706 217 855 282; x_wconf 71' lang='lat' dir='ltr'>maura</span> 
     </span>
    </p>
   </div>
   <div class='ocr_carea' id='block_1_2' title="bbox 134 339 1183 1119">
    <p class='ocr_par' dir='ltr' id='par_1_2' title="bbox 134 339 1183 1119">
     <span class='ocr_line' id='line_1_2' title="bbox 137 339 1179 419; baseline -0.001 -16"><span class='ocrx_word' id='word_1_4' title='bbox 137 346 254 405; x_wconf 88' lang='lat' dir='ltr'>resumti</span> <span class='ocrx_word' id='word_1_5' title='bbox 276 346 394 419; x_wconf 88' lang='lat' dir='ltr'>erroris,</span> <span class='ocrx_word' id='word_1_6' title='bbox 423 361 540 404; x_wconf 85' lang='lat' dir='ltr'>consors</span> <span class='ocrx_word' id='word_1_7' title='bbox 561 344 638 406; x_wconf 85' lang='lat' dir='ltr'>iacta</span> <span class='ocrx_word' id='word_1_8' title='bbox 660 353 705 408; x_wconf 89' lang='lat' dir='ltr'>est</span> <span class='ocrx_word' id='word_1_9' title='bbox 725 343 845 404; x_wconf 80' lang='lat' dir='ltr'><strong>redivivi</strong></span> <span class='ocrx_word' id='word_1_10' title='bbox 867 341 982 404; x_wconf 90' lang='lat' dir='ltr'>doloris.</span> <span class='ocrx_word' id='word_1_11' title='bbox 1025 339 1099 402; x_wconf 82' lang='lat' dir='ltr'>Tam</span> <span class='ocrx_word' id='word_1_12' title='bbox 1121 357 1179 402; x_wconf 78' lang='lat' dir='ltr'>ve-</span> 
     </span>
     <span class='ocr_line' id='line_1_3' title="bbox 136 429 1182 507; baseline -0.003 -17"><span class='ocrx_word' id='word_1_13' title='bbox 136 432 255 491; x_wconf 92' lang='lat' dir='ltr'>hemens</span> <span class='ocrx_word' id='word_1_14' title='bbox 277 438 338 491; x_wconf 91' lang='lat' dir='ltr'>erat</span> <span class='ocrx_word' id='word_1_15' title='bbox 357 433 528 506; x_wconf 81' lang='lat' dir='ltr'><strong>incendium,</strong></span> <span class='ocrx_word' id='word_1_16' title='bbox 551 439 584 491; x_wconf 91' lang='lat' dir='ltr'>ut</span> <span class='ocrx_word' id='word_1_17' title='bbox 605 448 672 491; x_wconf 89' lang='lat' dir='ltr'>ossa</span> <span class='ocrx_word' id='word_1_18' title='bbox 692 449 829 491; x_wconf 87' lang='lat' dir='ltr'>manuum</span> <span class='ocrx_word' id='word_1_19' title='bbox 850 435 1020 507; x_wconf 84' lang='lat' dir='ltr'>penetraret</span> <span class='ocrx_word' id='word_1_20' title='bbox 1056 429 1182 507; x_wconf 85' lang='lat' dir='ltr'>Etcum</span> 
     </span>
     <span class='ocr_line' id='line_1_4' title="bbox 136 514 1181 594; baseline -0.005 -16"><span class='ocrx_word' id='word_1_21' title='bbox 136 521 180 578; x_wconf 90' lang='lat' dir='ltr'>uti</span> <span class='ocrx_word' id='word_1_22' title='bbox 200 534 259 577; x_wconf 92' lang='lat' dir='ltr'>non</span> <span class='ocrx_word' id='word_1_23' title='bbox 282 517 420 578; x_wconf 85' lang='lat' dir='ltr'>auderent</span> <span class='ocrx_word' id='word_1_24' title='bbox 441 518 613 594; x_wconf 77' lang='lat' dir='ltr'>clamoribus</span> <span class='ocrx_word' id='word_1_25' title='bbox 633 522 663 577; x_wconf 92' lang='lat' dir='ltr'>in</span> <span class='ocrx_word' id='word_1_26' title='bbox 684 519 768 593; x_wconf 88' lang='lat' dir='ltr'>villa,</span> <span class='ocrx_word' id='word_1_27' title='bbox 791 534 862 594; x_wconf 90' lang='lat' dir='ltr'>quos</span> <span class='ocrx_word' id='word_1_28' title='bbox 884 519 928 577; x_wconf 86' lang='lat' dir='ltr'>vis</span> <span class='ocrx_word' id='word_1_29' title='bbox 951 519 1069 576; x_wconf 85' lang='lat' dir='ltr'>extorsit</span> <span class='ocrx_word' id='word_1_30' title='bbox 1089 514 1181 574; x_wconf 90' lang='lat' dir='ltr'>dolo-</span> 
     </span>
     <span class='ocr_line' id='line_1_5' title="bbox 136 601 1183 682; baseline -0.005 -16"><span class='ocrx_word' id='word_1_31' title='bbox 136 609 183 682; x_wconf 90' lang='lat' dir='ltr'>ris,</span> <span class='ocrx_word' id='word_1_32' title='bbox 204 605 338 682; x_wconf 82' lang='lat' dir='ltr'>fugerunt</span> <span class='ocrx_word' id='word_1_33' title='bbox 358 609 388 664; x_wconf 93' lang='lat' dir='ltr'>in</span> <span class='ocrx_word' id='word_1_34' title='bbox 409 623 511 666; x_wconf 87' lang='lat' dir='ltr'>nemus</span> <span class='ocrx_word' id='word_1_35' title='bbox 533 608 671 680; x_wconf 90' lang='lat' dir='ltr'>vicinum,</span> <span class='ocrx_word' id='word_1_36' title='bbox 691 605 748 665; x_wconf 92' lang='lat' dir='ltr'>illic</span> <span class='ocrx_word' id='word_1_37' title='bbox 770 613 803 664; x_wconf 91' lang='lat' dir='ltr'>ut</span> <span class='ocrx_word' id='word_1_38' title='bbox 823 605 884 680; x_wconf 90' lang='lat' dir='ltr'>lupi</span> <span class='ocrx_word' id='word_1_39' title='bbox 904 604 1055 664; x_wconf 83' lang='lat' dir='ltr'>ululantes.</span> <span class='ocrx_word' id='word_1_40' title='bbox 1099 601 1183 678; x_wconf 78' lang='lat' dir='ltr'>Qud</span> 
     </span>
     <span class='ocr_line' id='line_1_6' title="bbox 136 690 1182 768; baseline -0.003 -18"><span class='ocrx_word' id='word_1_41' title='bbox 136 693 231 752; x_wconf 84' lang='lat' dir='ltr'>verbis</span> <span class='ocrx_word' id='word_1_42' title='bbox 264 692 419 752; x_wconf 82' lang='lat' dir='ltr'>immorer?</span> <span class='ocrx_word' id='word_1_43' title='bbox 467 692 577 752; x_wconf 93' lang='lat' dir='ltr'>Proditi</span> <span class='ocrx_word' id='word_1_44' title='bbox 605 699 686 768; x_wconf 88' lang='lat' dir='ltr'>sunt,</span> <span class='ocrx_word' id='word_1_45' title='bbox 717 695 747 750; x_wconf 95' lang='lat' dir='ltr'>in</span> <span class='ocrx_word' id='word_1_46' title='bbox 779 693 924 752; x_wconf 87' lang='lat' dir='ltr'>civitatem</span> <span class='ocrx_word' id='word_1_47' title='bbox 955 690 1065 751; x_wconf 90' lang='lat' dir='ltr'>reducti</span> <span class='ocrx_word' id='word_1_48' title='bbox 1093 695 1182 764; x_wconf 90' lang='lat' dir='ltr'>sunt,</span> 
     </span>
     <span class='ocr_line' id='line_1_7' title="bbox 134 777 1182 857; baseline -0.003 -19"><span class='ocrx_word' id='word_1_49' title='bbox 134 779 276 854; x_wconf 90' lang='lat' dir='ltr'>simulque</span> <span class='ocrx_word' id='word_1_50' title='bbox 297 783 326 838; x_wconf 90' lang='lat' dir='ltr'>in</span> <span class='ocrx_word' id='word_1_51' title='bbox 347 783 444 857; x_wconf 89' lang='lat' dir='ltr'>ignem</span> <span class='ocrx_word' id='word_1_52' title='bbox 464 780 593 839; x_wconf 91' lang='lat' dir='ltr'>nondum</span> <span class='ocrx_word' id='word_1_53' title='bbox 614 779 698 855; x_wconf 83' lang='lat' dir='ltr'>plene</span> <span class='ocrx_word' id='word_1_54' title='bbox 721 782 894 838; x_wconf 87' lang='lat' dir='ltr'>exstinctum</span> <span class='ocrx_word' id='word_1_55' title='bbox 914 780 1008 852; x_wconf 87' lang='lat' dir='ltr'>missi,</span> <span class='ocrx_word' id='word_1_56' title='bbox 1030 777 1110 836; x_wconf 91' lang='lat' dir='ltr'>etin</span> <span class='ocrx_word' id='word_1_57' title='bbox 1132 778 1182 836; x_wconf 90' lang='lat' dir='ltr'>ci-</span> 
     </span>
     <span class='ocr_line' id='line_1_8' title="bbox 134 863 1182 947; baseline -0.004 -21"><span class='ocrx_word' id='word_1_58' title='bbox 134 884 232 926; x_wconf 92' lang='lat' dir='ltr'>nerem</span> <span class='ocrx_word' id='word_1_59' title='bbox 245 863 262 947; x_wconf 87' lang='lat'>¹)</span> <span class='ocrx_word' id='word_1_60' title='bbox 294 867 411 928; x_wconf 88' lang='lat' dir='ltr'>redacti.</span> <span class='ocrx_word' id='word_1_61' title='bbox 461 865 665 928; x_wconf 82' lang='lat' dir='ltr'>NOVIOIUS:</span> <span class='ocrx_word' id='word_1_62' title='bbox 696 865 782 928; x_wconf 87' lang='lat' dir='ltr'>Juste</span> <span class='ocrx_word' id='word_1_63' title='bbox 810 873 921 926; x_wconf 87' lang='lat' dir='ltr'>aetum-</span> <span class='ocrx_word' id='word_1_64' title='bbox 936 872 981 924; x_wconf 87' lang='lat' dir='ltr'>est</span> <span class='ocrx_word' id='word_1_65' title='bbox 1009 882 1076 926; x_wconf 88' lang='lat' dir='ltr'>cum</span> <span class='ocrx_word' id='word_1_66' title='bbox 1102 865 1182 923; x_wconf 89' lang='lat' dir='ltr'>istis.</span> 
     </span>
     <span class='ocr_line' id='line_1_9' title="bbox 134 951 1183 1032; baseline -0.001 -20"><span class='ocrx_word' id='word_1_67' title='bbox 134 951 369 1014; x_wconf 84' lang='lat' dir='ltr'><strong>MONACHUS:</strong></span> <span class='ocrx_word' id='word_1_68' title='bbox 393 953 577 1016; x_wconf 78' lang='lat' dir='ltr'>Confessione</span> <span class='ocrx_word' id='word_1_69' title='bbox 598 972 672 1031; x_wconf 88' lang='lat' dir='ltr'>pura</span> <span class='ocrx_word' id='word_1_70' title='bbox 688 959 850 1032; x_wconf 78' lang='lat' dir='ltr'>pugnantes</span> <span class='ocrx_word' id='word_1_71' title='bbox 863 952 1183 1025; x_wconf 82' lang='lat' dir='ltr'>merenturvictoriam,</span> 
     </span>
     <span class='ocr_line' id='line_1_10' title="bbox 136 1039 528 1119; baseline 0.003 -19"><span class='ocrx_word' id='word_1_72' title='bbox 136 1039 290 1100; x_wconf 89' lang='lat' dir='ltr'>damnandi</span> <span class='ocrx_word' id='word_1_73' title='bbox 310 1041 528 1119; x_wconf 75' lang='lat' dir='ltr'>indulgentiam.</span> 
     </span>
    </p>
   </div>
   <div class='ocr_carea' id='block_1_3' title="bbox 469 1229 844 1293">
    <p class='ocr_par' dir='ltr' id='par_1_3' title="bbox 469 1229 844 1293">
     <span class='ocr_line' id='line_1_11' title="bbox 469 1229 844 1293; baseline -0.005 -1"><span class='ocrx_word' id='word_1_74' title='bbox 469 1229 703 1292; x_wconf 78' lang='lat' dir='ltr'>eAPITULUM</span> <span class='ocrx_word' id='word_1_75' title='bbox 725 1230 844 1293; x_wconf 86' lang='lat' dir='ltr'>XVIII.</span> 
     </span>
    </p>
   </div>
   <div class='ocr_carea' id='block_1_4' title="bbox 179 1351 1138 1518">
    <p class='ocr_par' dir='ltr' id='par_1_4' title="bbox 179 1351 1138 1518">
     <span class='ocr_line' id='line_1_12' title="bbox 179 1351 1138 1440; baseline 0.002 -28"><span class='ocrx_word' id='word_1_76' title='bbox 179 1353 227 1413; x_wconf 88' lang='lat' dir='ltr'>De</span> <span class='ocrx_word' id='word_1_77' title='bbox 248 1353 353 1427; x_wconf 83' lang='lat' dir='ltr'>milite,</span> <span class='ocrx_word' id='word_1_78' title='bbox 375 1358 428 1430; x_wconf 82' lang='lat' dir='ltr'>qui</span> <span class='ocrx_word' id='word_1_79' title='bbox 449 1351 486 1412; x_wconf 88' lang='lat' dir='ltr'>ob</span> <span class='ocrx_word' id='word_1_80' title='bbox 507 1357 647 1413; x_wconf 80' lang='lat' dir='ltr'>meritum</span> <span class='ocrx_word' id='word_1_81' title='bbox 668 1353 856 1431; x_wconf 69' lang='lat' dir='ltr'>confessionis</span> <span class='ocrx_word' id='word_1_82' title='bbox 879 1371 981 1412; x_wconf 80' lang='lat' dir='ltr'>coram</span> <span class='ocrx_word' id='word_1_83' title='bbox 1001 1352 1138 1440; x_wconf 67' lang='lat' dir='ltr'>Henaton</span> 
     </span>
     <span class='ocr_line' id='line_1_13' title="bbox 363 1439 949 1518; baseline 0.003 -20"><span class='ocrx_word' id='word_1_84' title='bbox 363 1439 548 1517; x_wconf 77' lang='lat' dir='ltr'>Imperatore</span> <span class='ocrx_word' id='word_1_85' title='bbox 569 1444 602 1499; x_wconf 82' lang='lat' dir='ltr'>in</span> <span class='ocrx_word' id='word_1_86' title='bbox 623 1441 721 1500; x_wconf 83' lang='lat' dir='ltr'>duello</span> <span class='ocrx_word' id='word_1_87' title='bbox 745 1441 949 1518; x_wconf 82' lang='lat' dir='ltr'>triumphavit.</span> 
     </span>
    </p>
   </div>
   <div class='ocr_carea' id='block_1_5' title="bbox 137 1578 1268 3486">
    <p class='ocr_par' dir='ltr' id='par_1_5' title="bbox 137 1578 1268 3486">
     <span class='ocr_line' id='line_1_14' title="bbox 201 1578 1190 1658; baseline 0.001 -19"><span class='ocrx_word' id='word_1_88' title='bbox 201 1579 344 1656; x_wconf 82' lang='lat' dir='ltr'>Tempore</span> <span class='ocrx_word' id='word_1_89' title='bbox 364 1580 413 1640; x_wconf 93' lang='lat' dir='ltr'>illo</span> <span class='ocrx_word' id='word_1_90' title='bbox 436 1597 494 1656; x_wconf 90' lang='lat' dir='ltr'>quo</span> <span class='ocrx_word' id='word_1_91' title='bbox 513 1581 657 1641; x_wconf 87' lang='lat' dir='ltr'>Henrions</span> <span class='ocrx_word' id='word_1_92' title='bbox 673 1581 841 1658; x_wconf 83' lang='lat' dir='ltr'>Imperator,</span> <span class='ocrx_word' id='word_1_93' title='bbox 861 1578 1106 1658; x_wconf 82' lang='lat' dir='ltr'>peterFrcderiei,</span> <span class='ocrx_word' id='word_1_94' title='bbox 1129 1585 1190 1657; x_wconf 79' lang='lat' dir='ltr'>qni</span> 
     </span>
     <span class='ocr_line' id='line_1_15' title="bbox 137 1666 1188 1749; baseline 0.002 -23"><span class='ocrx_word' id='word_1_95' title='bbox 137 1683 214 1727; x_wconf 91' lang='lat' dir='ltr'>nunc</span> <span class='ocrx_word' id='word_1_96' title='bbox 235 1674 352 1744; x_wconf 87' lang='lat' dir='ltr'>regnet,</span> <span class='ocrx_word' id='word_1_97' title='bbox 372 1672 526 1728; x_wconf 84' lang='lat' dir='ltr'>novissime</span> <span class='ocrx_word' id='word_1_98' title='bbox 548 1671 665 1727; x_wconf 87' lang='lat' dir='ltr'>intravit</span> <span class='ocrx_word' id='word_1_99' title='bbox 686 1666 938 1749; x_wconf 81' lang='lat' dir='ltr'>Lombardiam.²),</span> <span class='ocrx_word' id='word_1_100' title='bbox 960 1673 1112 1728; x_wconf 84' lang='lat' dir='ltr'>accusatus</span> <span class='ocrx_word' id='word_1_101' title='bbox 1136 1675 1188 1728; x_wconf 83' lang='lat' dir='ltr'>est</span> 
     </span>
     <span class='ocr_line' id='line_1_16' title="bbox 138 1753 1187 1837; baseline 0.003 -24"><span class='ocrx_word' id='word_1_102' title='bbox 138 1753 216 1831; x_wconf 89' lang='lat' dir='ltr'>apud</span> <span class='ocrx_word' id='word_1_103' title='bbox 239 1771 305 1814; x_wconf 89' lang='lat' dir='ltr'>eum</span> <span class='ocrx_word' id='word_1_104' title='bbox 328 1756 366 1814; x_wconf 91' lang='lat' dir='ltr'>ab</span> <span class='ocrx_word' id='word_1_105' title='bbox 389 1756 497 1815; x_wconf 90' lang='lat' dir='ltr'>eisdem</span> <span class='ocrx_word' id='word_1_106' title='bbox 514 1754 714 1837; x_wconf 80' lang='lat' dir='ltr'>Lombardis⁸)</span> <span class='ocrx_word' id='word_1_107' title='bbox 737 1757 909 1819; x_wconf 84' lang='lat' dir='ltr'>castellanus</span> <span class='ocrx_word' id='word_1_108' title='bbox 932 1754 1047 1830; x_wconf 76' lang='lat' dir='ltr'>qudam</span> <span class='ocrx_word' id='word_1_109' title='bbox 1070 1754 1106 1814; x_wconf 90' lang='lat' dir='ltr'>de</span> <span class='ocrx_word' id='word_1_110' title='bbox 1127 1771 1187 1816; x_wconf 83' lang='lat' dir='ltr'>ra·</span> 
     </span>
     <span class='ocr_line' id='line_1_17' title="bbox 138 1841 1187 1920; baseline 0.004 -20"><span class='ocrx_word' id='word_1_111' title='bbox 138 1844 212 1918; x_wconf 89' lang='lat' dir='ltr'>pinis</span> <span class='ocrx_word' id='word_1_112' title='bbox 244 1841 364 1918; x_wconf 74' lang='lat' dir='ltr'>alisque</span> <span class='ocrx_word' id='word_1_113' title='bbox 392 1843 550 1902; x_wconf 84' lang='lat' dir='ltr'>insolentiis</span> <span class='ocrx_word' id='word_1_114' title='bbox 581 1844 687 1902; x_wconf 90' lang='lat' dir='ltr'>multis.</span> <span class='ocrx_word' id='word_1_115' title='bbox 729 1843 758 1904; x_wconf 89' lang='lat' dir='ltr'>A</span> <span class='ocrx_word' id='word_1_116' title='bbox 788 1845 891 1920; x_wconf 87' lang='lat' dir='ltr'>quibus</span> <span class='ocrx_word' id='word_1_117' title='bbox 920 1844 1007 1901; x_wconf 62' lang='lat' dir='ltr'>mam</span> <span class='ocrx_word' id='word_1_118' title='bbox 1035 1841 1187 1904; x_wconf 79' lang='lat' dir='ltr'>adductus</span> 
     </span>
     <span class='ocr_line' id='line_1_18' title="bbox 138 1928 1186 2007; baseline 0.002 -19"><span class='ocrx_word' id='word_1_119' title='bbox 138 1934 183 1988; x_wconf 92' lang='lat' dir='ltr'>est</span> <span class='ocrx_word' id='word_1_120' title='bbox 203 1929 283 2006; x_wconf 83' lang='lat' dir='ltr'>pugil</span> <span class='ocrx_word' id='word_1_121' title='bbox 304 1928 419 2004; x_wconf 88' lang='lat' dir='ltr'>quidam</span> <span class='ocrx_word' id='word_1_122' title='bbox 440 1930 624 2006; x_wconf 87' lang='lat' dir='ltr'>fortissimus,</span> <span class='ocrx_word' id='word_1_123' title='bbox 652 1933 805 2007; x_wconf 79' lang='lat' dir='ltr'>giganteae</span> <span class='ocrx_word' id='word_1_124' title='bbox 832 1929 1005 2004; x_wconf 82' lang='lat' dir='ltr'>altitudinis,</span> <span class='ocrx_word' id='word_1_125' title='bbox 1033 1931 1081 2004; x_wconf 88' lang='lat' dir='ltr'>qui</span> <span class='ocrx_word' id='word_1_126' title='bbox 1111 1945 1186 1990; x_wconf 89' lang='lat' dir='ltr'>eum</span> 
     </span>
     <span class='ocr_line' id='line_1_19' title="bbox 139 2015 1268 2093; baseline 0.002 -19"><span class='ocrx_word' id='word_1_127' title='bbox 139 2016 340 2076; x_wconf 88' lang='lat' dir='ltr'>monomachia</span> <span class='ocrx_word' id='word_1_128' title='bbox 367 2020 524 2092; x_wconf 90' lang='lat' dir='ltr'>impeteret.</span> <span class='ocrx_word' id='word_1_129' title='bbox 567 2015 675 2076; x_wconf 87' lang='lat' dir='ltr'>Nolens</span> <span class='ocrx_word' id='word_1_130' title='bbox 705 2021 746 2077; x_wconf 87' lang='lat' dir='ltr'>eis</span> <span class='ocrx_word' id='word_1_131' title='bbox 774 2018 934 2093; x_wconf 79' lang='lat' dir='ltr'>Imperator</span> <span class='ocrx_word' id='word_1_132' title='bbox 958 2033 1066 2092; x_wconf 89' lang='lat' dir='ltr'>negare</span> <span class='ocrx_word' id='word_1_133' title='bbox 1094 2017 1188 2076; x_wconf 81' lang='lat' dir='ltr'>iusti·</span> <span class='ocrx_word' id='word_1_134' title='bbox 1267 2081 1268 2086; x_wconf 8' lang='grc' dir='ltr'>γ</span> 
     </span>
     <span class='ocr_line' id='line_1_20' title="bbox 138 2101 1268 2184; baseline 0.002 -21"><span class='ocrx_word' id='word_1_135' title='bbox 138 2105 223 2177; x_wconf 90' lang='lat' dir='ltr'>tiam,</span> <span class='ocrx_word' id='word_1_136' title='bbox 255 2104 375 2162; x_wconf 89' lang='lat' dir='ltr'>militem</span> <span class='ocrx_word' id='word_1_137' title='bbox 403 2104 505 2163; x_wconf 88' lang='lat' dir='ltr'>adesse</span> <span class='ocrx_word' id='word_1_138' title='bbox 533 2107 688 2180; x_wconf 87' lang='lat' dir='ltr'>praecepit.</span> <span class='ocrx_word' id='word_1_139' title='bbox 732 2105 825 2184; x_wconf 83' lang='lat' dir='ltr'>Quem</span> <span class='ocrx_word' id='word_1_140' title='bbox 854 2121 920 2164; x_wconf 91' lang='lat' dir='ltr'>cum</span> <span class='ocrx_word' id='word_1_141' title='bbox 949 2105 1030 2180; x_wconf 83' lang='lat' dir='ltr'>gigas</span> <span class='ocrx_word' id='word_1_142' title='bbox 1057 2101 1106 2162; x_wconf 91' lang='lat' dir='ltr'>ille</span> <span class='ocrx_word' id='word_1_143' title='bbox 1142 2104 1187 2164; x_wconf 89' lang='lat' dir='ltr'>ad</span> <span class='ocrx_word' id='word_1_144' title='bbox 1267 2121 1268 2125; x_wconf 71' lang='grc'>’</span> 
     </span>
     <span class='ocr_line' id='line_1_21' title="bbox 139 2190 1186 2274; baseline 0.001 -24"><span class='ocrx_word' id='word_1_145' title='bbox 139 2190 265 2250; x_wconf 89' lang='lat' dir='ltr'>duellum</span> <span class='ocrx_word' id='word_1_146' title='bbox 287 2190 455 2274; x_wconf 56' lang='lat' dir='ltr'>secundum¹</span> <span class='ocrx_word' id='word_1_147' title='bbox 467 2194 511 2249; x_wconf 92' lang='lat' dir='ltr'>ins</span> <span class='ocrx_word' id='word_1_148' title='bbox 534 2191 617 2250; x_wconf 88' lang='lat' dir='ltr'>civile</span> <span class='ocrx_word' id='word_1_149' title='bbox 639 2194 746 2266; x_wconf 89' lang='lat' dir='ltr'>citaret,</span> <span class='ocrx_word' id='word_1_150' title='bbox 766 2193 853 2252; x_wconf 85' lang='lat' dir='ltr'>irater</span> <span class='ocrx_word' id='word_1_151' title='bbox 874 2190 1001 2251; x_wconf 91' lang='lat' dir='ltr'>eiusdem</span> <span class='ocrx_word' id='word_1_152' title='bbox 1022 2190 1120 2249; x_wconf 87' lang='lat' dir='ltr'>militis</span> <span class='ocrx_word' id='word_1_153' title='bbox 1142 2192 1186 2251; x_wconf 86' lang='lat' dir='ltr'>ad</span> 
     </span>
     <span class='ocr_line' id='line_1_22' title="bbox 137 2277 1188 2354; baseline 0.002 -18"><span class='ocrx_word' id='word_1_154' title='bbox 137 2277 227 2354; x_wconf 88' lang='lat' dir='ltr'>pedes</span> <span class='ocrx_word' id='word_1_155' title='bbox 248 2277 431 2353; x_wconf 89' lang='lat' dir='ltr'>Imperatoris</span> <span class='ocrx_word' id='word_1_156' title='bbox 453 2295 484 2338; x_wconf 88' lang='lat' dir='ltr'>se</span> <span class='ocrx_word' id='word_1_157' title='bbox 505 2281 676 2354; x_wconf 85' lang='lat' dir='ltr'>prostravit,</span> <span class='ocrx_word' id='word_1_158' title='bbox 709 2285 739 2338; x_wconf 91' lang='lat' dir='ltr'>et</span> <span class='ocrx_word' id='word_1_159' title='bbox 769 2286 802 2338; x_wconf 90' lang='lat' dir='ltr'>ut</span> <span class='ocrx_word' id='word_1_160' title='bbox 824 2279 879 2338; x_wconf 91' lang='lat' dir='ltr'>sibi</span> <span class='ocrx_word' id='word_1_161' title='bbox 898 2295 950 2353; x_wconf 89' lang='lat' dir='ltr'>pro</span> <span class='ocrx_word' id='word_1_162' title='bbox 972 2293 1110 2354; x_wconf 88' lang='lat' dir='ltr'>germano</span> <span class='ocrx_word' id='word_1_163' title='bbox 1132 2284 1188 2338; x_wconf 92' lang='lat' dir='ltr'>te-</span> 
     </span>
     <span class='ocr_line' id='line_1_23' title="bbox 139 2362 1188 2445; baseline 0.004 -23"><span class='ocrx_word' id='word_1_164' title='bbox 139 2367 260 2424; x_wconf 88' lang='lat' dir='ltr'>nerrime</span> <span class='ocrx_word' id='word_1_165' title='bbox 290 2364 393 2424; x_wconf 89' lang='lat' dir='ltr'>dilecto</span> <span class='ocrx_word' id='word_1_166' title='bbox 421 2381 550 2442; x_wconf 89' lang='lat' dir='ltr'>pugnare</span> <span class='ocrx_word' id='word_1_167' title='bbox 582 2364 695 2441; x_wconf 87' lang='lat' dir='ltr'>liceret,</span> <span class='ocrx_word' id='word_1_168' title='bbox 731 2367 828 2426; x_wconf 89' lang='lat' dir='ltr'>multis</span> <span class='ocrx_word' id='word_1_169' title='bbox 842 2362 864 2445; x_wconf 75' lang='lat'>⁴)</span> <span class='ocrx_word' id='word_1_170' title='bbox 893 2365 1016 2424; x_wconf 90' lang='lat' dir='ltr'>lacrimis</span> <span class='ocrx_word' id='word_1_171' title='bbox 1045 2365 1188 2426; x_wconf 85' lang='lat' dir='ltr'>obtinuit.</span> 
     </span>
     <span class='ocr_line' id='line_1_24' title="bbox 140 2450 1188 2530; baseline 0.005 -22"><span class='ocrx_word' id='word_1_172' title='bbox 140 2450 196 2527; x_wconf 87' lang='lat' dir='ltr'>Qui</span> <span class='ocrx_word' id='word_1_173' title='bbox 218 2467 284 2511; x_wconf 88' lang='lat' dir='ltr'>cum</span> <span class='ocrx_word' id='word_1_174' title='bbox 298 2469 338 2530; x_wconf 45' lang='lat' dir='ltr'>‚se</span> <span class='ocrx_word' id='word_1_175' title='bbox 358 2459 559 2527; x_wconf 81' lang='lat' dir='ltr'>praeparasset</span> <span class='ocrx_word' id='word_1_176' title='bbox 581 2451 793 2529; x_wconf 82' lang='lat' dir='ltr'>diligentissime</span> <span class='ocrx_word' id='word_1_177' title='bbox 814 2469 866 2528; x_wconf 91' lang='lat' dir='ltr'>per</span> <span class='ocrx_word' id='word_1_178' title='bbox 877 2454 1082 2526; x_wconf 91' lang='lat' dir='ltr'>contritionem,</span> <span class='ocrx_word' id='word_1_179' title='bbox 1106 2468 1188 2513; x_wconf 88' lang='lat' dir='ltr'>oon-</span> 
     </span>
     <span class='ocr_line' id='line_1_25' title="bbox 138 2537 1189 2617; baseline 0.003 -21"><span class='ocrx_word' id='word_1_180' title='bbox 138 2538 291 2598; x_wconf 85' lang='lat' dir='ltr'>fessionem</span> <span class='ocrx_word' id='word_1_181' title='bbox 313 2543 529 2616; x_wconf 81' lang='lat' dir='ltr'>cierationem,</span> <span class='ocrx_word' id='word_1_182' title='bbox 551 2555 665 2598; x_wconf 89' lang='lat' dir='ltr'>ornnem</span> <span class='ocrx_word' id='word_1_183' title='bbox 687 2557 770 2599; x_wconf 89' lang='lat' dir='ltr'>suam</span> <span class='ocrx_word' id='word_1_184' title='bbox 791 2557 872 2616; x_wconf 88' lang='lat' dir='ltr'>spem</span> <span class='ocrx_word' id='word_1_185' title='bbox 893 2541 923 2597; x_wconf 93' lang='lat' dir='ltr'>in</span> <span class='ocrx_word' id='word_1_186' title='bbox 938 2537 1050 2597; x_wconf 86' lang='lat' dir='ltr'>Christo</span> <span class='ocrx_word' id='word_1_187' title='bbox 1072 2543 1189 2617; x_wconf 82' lang='lat' dir='ltr'>posuit,</span> 
     </span>
     <span class='ocr_line' id='line_1_26' title="bbox 139 2625 1189 2709; baseline 0.002 -25"><span class='ocrx_word' id='word_1_188' title='bbox 139 2627 219 2684; x_wconf 92' lang='lat' dir='ltr'>cuins</span> <span class='ocrx_word' id='word_1_189' title='bbox 241 2625 419 2702; x_wconf 80' lang='lat' dir='ltr'>signaculum</span> <span class='ocrx_word' id='word_1_190' title='bbox 440 2632 500 2685; x_wconf 89' lang='lat' dir='ltr'>tam</span> <span class='ocrx_word' id='word_1_191' title='bbox 521 2627 551 2684; x_wconf 92' lang='lat' dir='ltr'>iu</span> <span class='ocrx_word' id='word_1_192' title='bbox 571 2633 655 2685; x_wconf 86' lang='lat' dir='ltr'>veste</span> <span class='ocrx_word' id='word_1_193' title='bbox 675 2643 763 2702; x_wconf 87' lang='lat' dir='ltr'>quarn</span> <span class='ocrx_word' id='word_1_194' title='bbox 784 2629 814 2686; x_wconf 94' lang='lat' dir='ltr'>in</span> <span class='ocrx_word' id='word_1_195' title='bbox 837 2627 927 2701; x_wconf 89' lang='lat' dir='ltr'>clipeo</span> <span class='ocrx_word' id='word_1_196' title='bbox 950 2632 1036 2700; x_wconf 90' lang='lat' dir='ltr'>atque</span> <span class='ocrx_word' id='word_1_197' title='bbox 1058 2627 1189 2709; x_wconf 62' lang='lat' dir='ltr'>manv)</span> 
     </span>
     <span class='ocr_line' id='line_1_27' title="bbox 138 2714 1190 2789; baseline -0.001 -18"><span class='ocrx_word' id='word_1_198' title='bbox 138 2719 318 2789; x_wconf 88' lang='lat' dir='ltr'>pugnaturus</span> <span class='ocrx_word' id='word_1_199' title='bbox 338 2729 390 2788; x_wconf 91' lang='lat' dir='ltr'>pro</span> <span class='ocrx_word' id='word_1_200' title='bbox 412 2715 587 2772; x_wconf 90' lang='lat' dir='ltr'>munimento</span> <span class='ocrx_word' id='word_1_201' title='bbox 611 2714 791 2773; x_wconf 86' lang='lat' dir='ltr'>circumtulit</span> <span class='ocrx_word' id='word_1_202' title='bbox 833 2714 904 2772; x_wconf 84' lang='lat' dir='ltr'>Erat</span> <span class='ocrx_word' id='word_1_203' title='bbox 925 2715 999 2772; x_wconf 90' lang='lat' dir='ltr'>enim</span> <span class='ocrx_word' id='word_1_204' title='bbox 1020 2714 1064 2772; x_wconf 87' lang='lat' dir='ltr'>vir</span> <span class='ocrx_word' id='word_1_205' title='bbox 1080 2718 1190 2789; x_wconf 81' lang='lat' dir='ltr'>graci-</span> 
     </span>
     <span class='ocr_line' id='line_1_28' title="bbox 139 2798 1190 2876; baseline 0.006 -18"><span class='ocrx_word' id='word_1_206' title='bbox 139 2798 189 2873; x_wconf 90' lang='lat' dir='ltr'>lis,</span> <span class='ocrx_word' id='word_1_207' title='bbox 217 2815 270 2860; x_wconf 92' lang='lat' dir='ltr'>nec</span> <span class='ocrx_word' id='word_1_208' title='bbox 299 2799 421 2858; x_wconf 90' lang='lat' dir='ltr'>multum</span> <span class='ocrx_word' id='word_1_209' title='bbox 449 2800 538 2858; x_wconf 80' lang='lat' dir='ltr'>fortis.</span> <span class='ocrx_word' id='word_1_210' title='bbox 583 2799 636 2858; x_wconf 78' lang='lat' dir='ltr'>(lui</span> <span class='ocrx_word' id='word_1_211' title='bbox 658 2817 723 2859; x_wconf 83' lang='lat' dir='ltr'>eum</span> <span class='ocrx_word' id='word_1_212' title='bbox 753 2803 922 2860; x_wconf 88' lang='lat' dir='ltr'>occurrisset</span> <span class='ocrx_word' id='word_1_213' title='bbox 948 2799 1029 2876; x_wconf 87' lang='lat' dir='ltr'>pugil</span> <span class='ocrx_word' id='word_1_214' title='bbox 1057 2810 1190 2876; x_wconf 83' lang='lat' dir='ltr'>aspectu</span> 
     </span>
     <span class='ocr_line' id='line_1_29' title="bbox 139 2885 1191 2962; baseline 0.007 -18"><span class='ocrx_word' id='word_1_215' title='bbox 139 2885 288 2960; x_wconf 86' lang='lat' dir='ltr'>horribilis,</span> <span class='ocrx_word' id='word_1_216' title='bbox 310 2886 430 2945; x_wconf 88' lang='lat' dir='ltr'>altarum</span> <span class='ocrx_word' id='word_1_217' title='bbox 453 2904 485 2945; x_wconf 91' lang='lat' dir='ltr'>se</span> <span class='ocrx_word' id='word_1_218' title='bbox 506 2887 546 2944; x_wconf 91' lang='lat' dir='ltr'>lili</span> <span class='ocrx_word' id='word_1_219' title='bbox 569 2885 706 2947; x_wconf 81' lang='lat' dir='ltr'>exhibens</span> <span class='ocrx_word' id='word_1_220' title='bbox 731 2886 864 2962; x_wconf 80' lang='lat' dir='ltr'>Goliath,</span> <span class='ocrx_word' id='word_1_221' title='bbox 886 2890 973 2946; x_wconf 89' lang='lat' dir='ltr'>ictum</span> <span class='ocrx_word' id='word_1_222' title='bbox 996 2893 1056 2946; x_wconf 91' lang='lat' dir='ltr'>tam</span> <span class='ocrx_word' id='word_1_223' title='bbox 1079 2887 1191 2952; x_wconf 84' lang='lat' dir='ltr'>valide</span> 
     </span>
     <span class='ocr_line' id='line_1_30' title="bbox 142 2971 1191 3054; baseline 0.006 -22"><span class='ocrx_word' id='word_1_224' title='bbox 142 2975 171 3032; x_wconf 92' lang='lat' dir='ltr'>in</span> <span class='ocrx_word' id='word_1_225' title='bbox 194 2973 286 3048; x_wconf 91' lang='lat' dir='ltr'>clipeo</span> <span class='ocrx_word' id='word_1_226' title='bbox 309 2975 369 3031; x_wconf 87' lang='lat' dir='ltr'>eius</span> <span class='ocrx_word' id='word_1_227' title='bbox 382 2973 467 3047; x_wconf 90' lang='lat' dir='ltr'>dedit,</span> <span class='ocrx_word' id='word_1_228' title='bbox 489 2979 522 3032; x_wconf 93' lang='lat' dir='ltr'>ut</span> <span class='ocrx_word' id='word_1_229' title='bbox 542 2977 699 3033; x_wconf 86' lang='lat' dir='ltr'>tonitruum</span> <span class='ocrx_word' id='word_1_230' title='bbox 720 2982 835 3050; x_wconf 83' lang='lat' dir='ltr'>putares</span> <span class='ocrx_word' id='word_1_231' title='bbox 843 2971 874 3054; x_wconf 82' lang='lat'>⁶).</span> <span class='ocrx_word' id='word_1_232' title='bbox 901 2973 986 3033; x_wconf 85' lang='lat' dir='ltr'>Miles</span> <span class='ocrx_word' id='word_1_233' title='bbox 1006 2989 1075 3034; x_wconf 88' lang='lat' dir='ltr'>vero</span> <span class='ocrx_word' id='word_1_234' title='bbox 1089 2976 1191 3038; x_wconf 85' lang='lat' dir='ltr'>ictum</span> 
     </span>
     <span class='ocr_line' id='line_1_31' title="bbox 138 3061 1190 3136; baseline 0.009 -19"><span class='ocrx_word' id='word_1_235' title='bbox 138 3061 207 3119; x_wconf 92' lang='lat' dir='ltr'>ictui</span> <span class='ocrx_word' id='word_1_236' title='bbox 229 3062 406 3134; x_wconf 87' lang='lat' dir='ltr'>continuans,</span> <span class='ocrx_word' id='word_1_237' title='bbox 427 3066 581 3136; x_wconf 86' lang='lat' dir='ltr'>antequam</span> <span class='ocrx_word' id='word_1_238' title='bbox 603 3078 720 3119; x_wconf 90' lang='lat' dir='ltr'>manum</span> <span class='ocrx_word' id='word_1_239' title='bbox 741 3061 904 3136; x_wconf 84' lang='lat' dir='ltr'>retraheret,</span> <span class='ocrx_word' id='word_1_240' title='bbox 926 3079 993 3122; x_wconf 92' lang='lat' dir='ltr'>cum</span> <span class='ocrx_word' id='word_1_241' title='bbox 1013 3067 1096 3120; x_wconf 82' lang='lat' dir='ltr'>tanto</span> <span class='ocrx_word' id='word_1_242' title='bbox 1114 3067 1190 3126; x_wconf 87' lang='lat' dir='ltr'>nisu</span> 
     </span>
     <span class='ocr_line' id='line_1_32' title="bbox 139 3145 1191 3226; baseline 0.008 -21"><span class='ocrx_word' id='word_1_243' title='bbox 139 3145 247 3226; x_wconf 66' lang='lat' dir='ltr'>illaml)</span> <span class='ocrx_word' id='word_1_244' title='bbox 275 3150 429 3222; x_wconf 76' lang='lat' dir='ltr'>percussit,</span> <span class='ocrx_word' id='word_1_245' title='bbox 465 3153 499 3206; x_wconf 92' lang='lat' dir='ltr'>ut</span> <span class='ocrx_word' id='word_1_246' title='bbox 529 3149 666 3207; x_wconf 90' lang='lat' dir='ltr'>baculum</span> <span class='ocrx_word' id='word_1_247' title='bbox 699 3148 813 3224; x_wconf 87' lang='lat' dir='ltr'>lapsum</span> <span class='ocrx_word' id='word_1_248' title='bbox 847 3147 944 3209; x_wconf 83' lang='lat' dir='ltr'>levare</span> <span class='ocrx_word' id='word_1_249' title='bbox 978 3165 1037 3206; x_wconf 92' lang='lat' dir='ltr'>non</span> <span class='ocrx_word' id='word_1_250' title='bbox 1070 3159 1191 3224; x_wconf 84' lang='lat' dir='ltr'>posset.</span> 
     </span>
     <span class='ocr_line' id='line_1_33' title="bbox 139 3232 1191 3312; baseline 0.007 -21"><span class='ocrx_word' id='word_1_251' title='bbox 139 3232 252 3293; x_wconf 90' lang='lat' dir='ltr'>Deinde</span> <span class='ocrx_word' id='word_1_252' title='bbox 275 3234 381 3293; x_wconf 81' lang='lat' dir='ltr'>crebris</span> <span class='ocrx_word' id='word_1_253' title='bbox 401 3235 505 3293; x_wconf 88' lang='lat' dir='ltr'>ictibus</span> <span class='ocrx_word' id='word_1_254' title='bbox 526 3242 655 3294; x_wconf 88' lang='lat' dir='ltr'>mactans</span> <span class='ocrx_word' id='word_1_255' title='bbox 676 3235 816 3312; x_wconf 65' lang='lat' dir='ltr'>pugilem</span> <span class='ocrx_word' id='word_1_256' title='bbox 837 3253 890 3311; x_wconf 90' lang='lat' dir='ltr'>per</span> <span class='ocrx_word' id='word_1_257' title='bbox 912 3233 1095 3295; x_wconf 83' lang='lat' dir='ltr'>confessionis</span> <span class='ocrx_word' id='word_1_258' title='bbox 1118 3241 1191 3298; x_wconf 78' lang='lat' dir='ltr'>vir-</span> 
     </span>
     <span class='ocr_line' id='line_1_34' title="bbox 139 3321 1191 3398; baseline 0.004 -20"><span class='ocrx_word' id='word_1_259' title='bbox 139 3327 230 3380; x_wconf 89' lang='lat' dir='ltr'>tutem</span> <span class='ocrx_word' id='word_1_260' title='bbox 251 3323 321 3379; x_wconf 87' lang='lat' dir='ltr'>vicit</span> <span class='ocrx_word' id='word_1_261' title='bbox 340 3321 569 3396; x_wconf 88' lang='lat' dir='ltr'>insuperabilem.</span> <span class='ocrx_word' id='word_1_262' title='bbox 613 3321 684 3398; x_wconf 89' lang='lat' dir='ltr'>Qui,</span> <span class='ocrx_word' id='word_1_263' title='bbox 716 3325 790 3386; x_wconf 86' lang='lat' dir='ltr'>sieut</span> <span class='ocrx_word' id='word_1_264' title='bbox 815 3323 884 3380; x_wconf 92' lang='lat' dir='ltr'>mihi</span> <span class='ocrx_word' id='word_1_265' title='bbox 913 3323 1009 3381; x_wconf 89' lang='lat' dir='ltr'>retulit</span> <span class='ocrx_word' id='word_1_266' title='bbox 1033 3322 1191 3388; x_wconf 79' lang='lat' dir='ltr'>Henricus</span> 
     </span>
     <span class='ocr_line' id='line_1_35' title="bbox 140 3405 1190 3486; baseline 0.008 -20"><span class='ocrx_word' id='word_1_267' title='bbox 140 3405 298 3466; x_wconf 83' lang='lat' dir='ltr'>monachus</span> <span class='ocrx_word' id='word_1_268' title='bbox 318 3414 431 3482; x_wconf 83' lang='lat' dir='ltr'>noster,</span> <span class='ocrx_word' id='word_1_269' title='bbox 460 3411 508 3484; x_wconf 86' lang='lat' dir='ltr'>qui</span> <span class='ocrx_word' id='word_1_270' title='bbox 536 3425 674 3484; x_wconf 88' lang='lat' dir='ltr'>praesens</span> <span class='ocrx_word' id='word_1_271' title='bbox 701 3408 769 3484; x_wconf 80' lang='lat' dir='ltr'>luit,</span> <span class='ocrx_word' id='word_1_272' title='bbox 797 3412 871 3468; x_wconf 88' lang='lat' dir='ltr'>sicut</span> <span class='ocrx_word' id='word_1_273' title='bbox 898 3411 953 3469; x_wconf 84' lang='lat' dir='ltr'>boe</span> <span class='ocrx_word' id='word_1_274' title='bbox 973 3410 1124 3486; x_wconf 86' lang='lat' dir='ltr'>mugiens,</span> <span class='ocrx_word' id='word_1_275' title='bbox 1155 3417 1190 3474; x_wconf 88' lang='lat' dir='ltr'>in</span> 
     </span>
    </p>
   </div>
   <div class='ocr_carea' id='block_1_6' title="bbox 119 3557 1190 3663">
    <p class='ocr_par' dir='ltr' id='par_1_6' title="bbox 119 3557 1190 3663">
     <span class='ocr_line' id='line_1_36' title="bbox 119 3557 1190 3663; baseline 0.007 -19"><span class='ocrx_word' id='word_1_276' title='bbox 119 3557 129 3570; x_wconf 80' lang='grc'><strong>’</strong></span> <span class='ocrx_word' id='word_1_277' title='bbox 158 3589 189 3662; x_wconf 70' lang='grc'>1)</span> <span class='ocrx_word' id='word_1_278' title='bbox 206 3591 227 3645; x_wconf 86' lang='lat' dir='ltr'>c</span> <span class='ocrx_word' id='word_1_279' title='bbox 244 3591 419 3659; x_wconf 77' lang='lat' dir='ltr'>pulverem.</span> <span class='ocrx_word' id='word_1_280' title='bbox 441 3622 472 3632; x_wconf 87' lang='lat'><em>-</em></span> <span class='ocrx_word' id='word_1_281' title='bbox 500 3594 532 3662; x_wconf 80' lang='lat' dir='ltr'>a)</span> <span class='ocrx_word' id='word_1_282' title='bbox 550 3592 590 3646; x_wconf 85' lang='lat' dir='ltr'>ar</span> <span class='ocrx_word' id='word_1_283' title='bbox 607 3593 868 3662; x_wconf 60' lang='lat' dir='ltr'>congesseram.</span> <span class='ocrx_word' id='word_1_284' title='bbox 887 3625 920 3635; x_wconf 86' lang='grc'><strong>-</strong></span> <span class='ocrx_word' id='word_1_285' title='bbox 944 3596 977 3663; x_wconf 83' lang='lat' dir='ltr'>s)</span> <span class='ocrx_word' id='word_1_286' title='bbox 994 3595 1080 3648; x_wconf 81' lang='lat' dir='ltr'>auur</span> <span class='ocrx_word' id='word_1_287' title='bbox 1099 3597 1190 3652; x_wconf 77' lang='lat' dir='ltr'>ton.</span> 
     </span>
    </p>
   </div>
   <div class='ocr_carea' id='block_1_7' title="bbox 208 3661 1187 3733">
    <p class='ocr_par' dir='ltr' id='par_1_7' title="bbox 208 3661 1187 3733">
     <span class='ocr_line' id='line_1_37' title="bbox 208 3661 1187 3733; baseline 0.004 -19"><span class='ocrx_word' id='word_1_288' title='bbox 208 3661 373 3730; x_wconf 84' lang='lat' dir='ltr'>gobardis.</span> <span class='ocrx_word' id='word_1_289' title='bbox 394 3691 424 3702; x_wconf 93' lang='lat'>-</span> <span class='ocrx_word' id='word_1_290' title='bbox 444 3663 509 3731; x_wconf 83' lang='grc' dir='ltr'>4)Β</span> <span class='ocrx_word' id='word_1_291' title='bbox 529 3679 594 3714; x_wconf 91' lang='lat' dir='ltr'>curn</span> <span class='ocrx_word' id='word_1_292' title='bbox 612 3664 733 3716; x_wconf 84' lang='lat' dir='ltr'>multis.</span> <span class='ocrx_word' id='word_1_293' title='bbox 752 3693 785 3704; x_wconf 87' lang='lat'>--</span> <span class='ocrx_word' id='word_1_294' title='bbox 805 3665 838 3732; x_wconf 88' lang='lat'>5)</span> <span class='ocrx_word' id='word_1_295' title='bbox 855 3663 876 3716; x_wconf 89' lang='lat' dir='ltr'>l)</span> <span class='ocrx_word' id='word_1_296' title='bbox 894 3674 970 3733; x_wconf 87' lang='lat' dir='ltr'>atque</span> <span class='ocrx_word' id='word_1_297' title='bbox 987 3667 1128 3719; x_wconf 81' lang='lat' dir='ltr'>inmane.</span> <span class='ocrx_word' id='word_1_298' title='bbox 1151 3701 1187 3710; x_wconf 66' lang='grc'>.-</span> 
     </span>
    </p>
   </div>
   <div class='ocr_carea' id='block_1_8' title="bbox 209 3732 1188 3870">
    <p class='ocr_par' dir='ltr' id='par_1_8' title="bbox 209 3732 1188 3870">
     <span class='ocr_line' id='line_1_38' title="bbox 209 3732 1188 3870; baseline 0.007 -85"><span class='ocrx_word' id='word_1_299' title='bbox 209 3733 241 3799; x_wconf 87' lang='grc'>6)</span> <span class='ocrx_word' id='word_1_300' title='bbox 261 3732 464 3870; x_wconf 52' lang='grc' dir='ltr'><strong>Βξὲυηξῆτοι.</strong></span> <span class='ocrx_word' id='word_1_301' title='bbox 499 3733 544 3798; x_wconf 88' lang='lat' dir='ltr'>lll,</span> <span class='ocrx_word' id='word_1_302' title='bbox 561 3733 608 3786; x_wconf 84' lang='lat'>56:</span> <span class='ocrx_word' id='word_1_303' title='bbox 625 3742 660 3785; x_wconf 90' lang='lat' dir='ltr'>ut</span> <span class='ocrx_word' id='word_1_304' title='bbox 677 3733 823 3786; x_wconf 80' lang='lat' dir='ltr'>caballos</span> <span class='ocrx_word' id='word_1_305' title='bbox 840 3733 1017 3788; x_wconf 84' lang='lat' dir='ltr'>indomitos</span> <span class='ocrx_word' id='word_1_306' title='bbox 1033 3744 1188 3803; x_wconf 73' lang='lat' dir='ltr'>patarea</span> 
     </span>
     <span class='ocr_line' id='line_1_39' title="bbox 211 3817 464 3854; baseline 0.008 -2"><span class='ocrx_word' id='word_1_307' title='bbox 211 3827 241 3842; x_wconf 86' lang='lat'><em>-</em></span> <span class='ocrx_word' id='word_1_308' title='bbox 370 3818 378 3853; x_wconf 86' lang='grc' dir='ltr'>ι</span> <span class='ocrx_word' id='word_1_309' title='bbox 411 3817 464 3854; x_wconf 89' lang='lat' dir='ltr'>um.</span> 
     </span>
    </p>
   </div>
   <div class='ocr_carea' id='block_1_9' title="bbox 0 0 1279 4314">
    <p class='ocr_par' dir='ltr' id='par_1_9' title="bbox 0 0 1279 4314">
     <span class='ocr_line' id='line_1_40' title="bbox 0 0 1279 4314; baseline 0 0"><span class='ocrx_word' id='word_1_310' title='bbox 0 0 1279 4314; x_wconf 95' lang='lat' dir='ltr'> </span> 
     </span>
    </p>
   </div>
  </div>
 </body>
</html>
