2564 4306
303 349 307 361 ,
362 282 417 344 nn
438 280 620 346 rnnnnuo
641 234 932 346 nonnnonn
1082 277 1150 342 vese

447 455 681 518 CAPITULUM
706 455 822 516 XLIX.

262 576 310 634 De
328 577 537 652 praedicatore
560 579 672 636 ordinis
693 578 1006 636 Procruoostratcuaia.

178 693 328 756 Sacerdoti
349 697 462 757 cuidem
486 698 592 758 ordinis
613 698 908 758 Praemonstratensis
934 698 964 756 in
991 696 1049 756 bac
1077 713 1153 772 quae

114 781 202 843 modo
229 783 282 843 iuit
309 782 506 860 expeditione,
528 792 728 863 xpraeceptum
757 790 818 845 erat
851 788 951 844 contm
979 783 1154 843 Sarracenos

114 887 229 930 crucem
250 871 425 947 praedicare.
469 872 600 949 Cumque
622 874 652 929 in
680 875 745 947 ipsa
771 869 984 948 praedicatione
1012 867 1153 945 corporali

113 954 247 1016 molestia
268 964 378 1032 tactus,
405 957 551 1018 hominem
574 959 745 1034 deponeret,
774 957 888 1018 cuidam
910 958 988 1018 socie
1010 972 1064 1030 suo
1087 962 1154 1033 post

114 1049 236 1103 mortem
250 1046 391 1120 apparuit.
428 1044 522 1120 Quem
545 1062 611 1106 cum
632 1044 679 1104 ille
700 1047 911 1122 interrogasset,
933 1043 1077 1119 quomodo
1098 1043 1154 1102 lra-

114 1131 205 1204 beret,
226 1130 273 1190 vel
293 1133 319 1190 si
339 1129 448 1207 aliquid
459 1127 477 1212 ¹)
499 1131 647 1192 molestiae
658 1133 783 1192 moriens
803 1131 975 1208 pertulisset,
994 1127 1155 1206 respondit:

113 1215 277 1276 Videbatur
297 1217 367 1276 mibi
395 1235 490 1294 poena
518 1236 584 1279 mea
612 1221 681 1278 satis
710 1218 806 1296 longa
856 1218 987 1293 Cumque
1013 1233 1154 1290 morerer,

114 1301 204 1384 non²)
225 1306 280 1364 nisi
302 1303 457 1365 daemones
480 1308 555 1366 circa
576 1323 623 1365 me
644 1305 716 1381 vidi,
742 1307 791 1381 qui
812 1307 938 1365 animam
961 1303 1153 1382 egredientem

115 1397 272 1466 coeperunt
292 1390 446 1451 abducere.
487 1391 533 1450 Ex
555 1393 660 1468 quibus
681 1409 755 1452 unus
783 1391 867 1450 dixit:
896 1391 1052 1467 Nunquam
1079 1392 1155 1450 bene

115 1480 238 1538 servasti
262 1478 469 1556 professionem
496 1485 592 1553 tuam,
619 1496 714 1555 neque
744 1479 937 1539 obedientiam
965 1477 1077 1538 Abbati
1103 1481 1153 1538 tuo

115 1566 297 1642 promissam.
337 1563 377 1624 Et
397 1566 544 1625 subiunxit
564 1567 661 1626 statim
682 1565 770 1626 ulter:
797 1565 954 1641 Nunquam
981 1564 1155 1641 praedicasti

115 1653 226 1714 curere
255 1651 414 1711 Dominum
442 1657 538 1726 tuum,
565 1651 597 1711 id
625 1658 669 1711 est
696 1653 794 1730 gratis.
836 1653 875 1711 Et
902 1651 1030 1712 intellexi
1058 1652 1154 1710 statim

115 1744 270 1800 accusante
294 1739 482 1814 conscientia,
504 1739 572 1815 quia
592 1745 713 1814 uterque
733 1756 835 1798 verum
857 1738 982 1800 dixisset.
1025 1738 1156 1816 Cumque

115 1827 146 1884 in
166 1823 243 1885 bunc
265 1825 383 1885 modum
413 1822 517 1885 diversi
547 1824 660 1884 diversa
689 1831 788 1885 conus
814 1823 862 1886 me
890 1830 1097 1902 proponerent,
1125 1830 1184 1884 ets

116 1928 172 1989 ego
193 1914 252 1971 iam
272 1914 383 1987 positus
403 1911 561 1971 suissemin
583 1908 821 1992 desperatione³),
843 1929 877 1972 eo
900 1912 979 1988 quod
999 1930 1058 1972 non
1079 1917 1156 1972 esset

117 2001 167 2075 qui
187 2015 240 2075 pro
262 2016 309 2058 me
330 1997 529 2074 responderet,
551 2001 675 2058 maxime
697 2016 763 2058 cum
786 1999 1032 2076 circumspiciens,
1060 1997 1155 2074 neque

57 2090 61 2110 ¹
117 2086 232 2145 beatam
253 2084 310 2144 Dei
333 2084 514 2160 Genitricem,
536 2101 630 2160 neque
651 2083 777 2161 aliquem
797 2085 974 2163 angelorum,
998 2088 1059 2146 sive
1080 2083 1155 2146 alio·
1273 2079 1278 2087 “

116 2189 181 2232 rum
203 2178 368 2232 sauctorum
390 2170 541 2247 vidissem,
564 2189 632 2232 ecce
654 2172 784 2232 Christus
806 2172 979 2247 adveniens,
999 2190 1088 2232 manu
1107 2175 1154 2231 te-

115 2260 179 2316 nuit
199 2275 246 2318 me
268 2257 380 2318 diceus:
402 2257 529 2336 Sequere
551 2276 613 2335 me,
639 2261 708 2335 quia
733 2265 765 2318 tu
786 2259 958 2335 praedicasti
978 2276 1034 2326 me.
1082 2257 1154 2318 Mox

116 2345 203 2404 turba
224 2347 317 2404 omnis
339 2347 487 2422 spirituum
506 2344 621 2404 illorum
641 2345 854 2405 immundorum
876 2345 1015 2422 disparuit
1041 2345 1080 2406 ad
1107 2347 1154 2404 in-

15 2483 22 2496 ,
114 2436 176 2492 star
196 2432 274 2506 sumi,
296 2437 325 2493 et
346 2449 400 2509 ego
420 2431 563 2492 Christum
585 2440 701 2494 secutus
722 2449 787 2493 sum
808 2431 847 2493 ad
867 2432 996 2510 gloriam.
1038 2431 1155 2492 Nullam

115 2521 191 2578 enim
219 2518 305 2578 aliam
334 2537 457 2596 poenam
488 2526 608 2596 excepto
637 2519 685 2579 illo
713 2526 819 2580 terrore
845 2537 949 2597 passus
977 2538 1051 2581 sum.
1099 2519 1154 2580 His

116 2607 203 2666 etiam
225 2607 276 2682 qui
295 2605 417 2667 libenter
438 2613 530 2684 orant,
551 2607 672 2686 referam
694 2607 857 2686 exemplum
879 2609 950 2670 satis
970 2609 1154 2670 incentivum.

489 2797 722 2860 oserruuuu
743 2799 778 2882 u.

162 2920 211 2980 De
231 2923 293 2980 cive
313 2923 346 2978 io
365 2922 451 2979 euius
472 2920 609 2980 curibus
630 2925 773 2998 sciptum
795 2927 882 2981 erut:
905 2922 968 2980 Aue
988 2921 1100 2980 Morio.
1145 2911 1151 2929 '

158 3039 236 3100 Civis
259 3041 575 3122 quidamColoniensis
597 3040 725 3103 babebat
745 3042 824 3101 ibam
846 3042 1099 3118 consuetudinem,
1122 3050 1154 3102 ut

113 3129 246 3204 quotiens
267 3127 346 3192 solus
368 3136 444 3188 esset
465 3144 578 3205 semper
595 3135 698 3188 oraret.
734 3128 838 3188 Euudo
859 3129 897 3189 ad
919 3127 1072 3188 ecclesiam
1092 3129 1154 3189 sive

112 3214 276 3291 redeundo,
304 3213 352 3274 vel
373 3217 402 3274 in
425 3217 504 3274 curie
525 3232 579 3274 sua
601 3215 828 3290 deambulando,
849 3215 1009 3294 angelicum
1029 3218 1154 3276 maxima

112 3302 277 3361 ruminabat
303 3301 513 3362 salutationem
565 3301 621 3378 Qui
653 3319 720 3361 cum
752 3310 880 3362 mortuus
917 3309 1006 3377 esset,
1040 3301 1154 3364 cuidam

112 3389 192 3462 nepti
212 3406 283 3448 suae
303 3391 334 3446 in
355 3388 456 3448 habitu
482 3386 631 3463 splendido
660 3389 829 3465 apparebat.
877 3389 912 3448 In
934 3406 1001 3464 quo,
1028 3393 1156 3453 maxime

112 3477 262 3534 tamenin
285 3475 384 3552 caligis
407 3481 435 3535 et
455 3471 515 3554 in⁸)
544 3475 656 3550 calciis,
685 3471 854 3556 scriptum)
884 3481 945 3536 erat
966 3494 1018 3552 per
1046 3481 1153 3553 totum,

111 3560 270 3622 versiculus
291 3565 356 3620 Aue
376 3561 480 3620 Morio
501 3564 603 3637 prolia
619 3563 722 3637 pleno,
745 3567 774 3622 et
796 3569 899 3622 cetera.
943 3562 1020 3639 Quia
1042 3569 1074 3622 ut
1095 3563 1153 3622 dixi

112 3648 236 3708 eundem
257 3648 429 3709 versiculum
446 3646 658 3708 deambulando
680 3649 921 3726 frequentaverat,
941 3649 1071 3709 cruribus
1091 3650 1153 3710 eius

93 3755 96 3762 ’
132 3781 164 3850 1)
181 3781 226 3836 uc
244 3781 330 3851 quse.
349 3811 379 3823 -
400 3783 432 3851 2)
449 3781 472 3835 n
490 3779 543 3833 nu.
562 3780 639 3849 -³)
656 3780 724 3835 nor
741 3777 1014 3851 desperationem.
1027 3811 1057 3822 -
1070 3782 1103 3851 r)
1120 3783 1152 3834 rs

181 3867 222 3906 om
238 3852 293 3907 BC.
311 3882 344 3893 -
363 3852 395 3921 5)
413 3851 456 3906 CF
474 3853 625 3919 scriptur.
