2654 4308
181 289 242 351 rra
500 285 728 348 marmorio
750 257 919 350 corsus

179 416 209 472 et
226 410 329 488 accipe
346 419 452 486 corpus
472 407 604 486 Domini,
632 415 662 470 ct
681 427 822 489 praepara
843 416 888 486 te,
909 409 979 488 quia
998 405 1085 470 hodic
1105 413 1140 470 nt
1159 405 1216 470 diri

177 498 315 558 monens.
353 495 460 572 Siccae
472 496 620 573 disparuit
663 497 793 574 Cumque
813 513 886 575 pucr
906 513 973 558 oum
994 497 1098 558 cribra
1117 511 1217 557 rerer·

177 601 227 647 sus
252 583 367 659 inisset,
394 589 423 644 et
448 583 564 644 demina
593 585 653 644 eius
677 601 745 644 eum
756 581 773 667 ¹)
804 588 1018 662 interrogasset,
1047 599 1136 661 quare
1156 589 1217 644 tam

177 668 317 751 matum)
347 672 484 746 emisset,
514 670 676 748 respondit:
704 671 867 733 Necessitas
895 670 1033 748 comparili
1059 687 1121 746 me,
1147 670 1218 746 quia

177 764 245 818 ante
271 764 386 819 noman
413 760 566 819 moriturus
592 775 682 818 suna·
707 759 747 818 Et
770 757 832 820 ilia:
861 758 983 818 Deliras.
1024 757 1127 818 Reduc
1148 773 1217 834 ergo

176 845 476 923 gregemadpsstum‚
498 846 637 920 quianon
653 847 791 906 morieris.
833 845 892 922 Qut
912 847 1009 905 statim
1028 846 1059 904 iu
1079 837 1217 925 lectumi

176 948 262 992 mum
275 949 307 994 se
322 932 471 1006 recinens,
491 947 560 992 cum
580 930 759 994 sacerdotem
779 934 936 1009 petivisset,
958 937 987 991 et
1006 931 1054 992 iile
1075 933 1219 1008 venisset,

176 1019 218 1078 ait
235 1019 265 1078 ei
279 1025 427 1080 metron:
445 1019 546 1078 'timeo
567 1036 689 1096 puerum
708 1022 794 1080 istum
813 1017 923 1095 aliquid
942 1018 1082 1079 fantasiae
1102 1017 1219 1092 vidisse,

176 1107 346 1182 investigate
373 1107 413 1166 ab
442 1122 477 1165 co
507 1105 670 1183 diiigenter,
696 1105 767 1182 quid
787 1105 905 1182 viderit,
930 1104 1002 1182 quid
1021 1105 1143 1181 habeat,
1170 1105 1219 1165 rei

177 1207 266 1269 quare
291 1193 362 1252 talia
388 1193 548 1268 loquatur.¹
575 1191 661 1268 Quod
688 1209 754 1253 cum
779 1193 894 1254 fecisset
921 1192 1071 1269 sacerdos,
1097 1193 1218 1269 puerei

176 1280 379 1356 uncaemper
393 1279 523 1340 ordinem
541 1281 681 1340 reciarit
722 1279 769 1340 De
791 1283 872 1340 cuius
893 1280 1026 1340 manibus
1047 1296 1113 1340 cum
1134 1295 1218 1340 com-

176 1367 363 1442 municasset,
397 1365 470 1426 hora
494 1366 643 1442 praedicta
669 1369 833 1442 exspiravit.
874 1365 951 1426 Ecce
972 1367 1002 1424 in
1029 1366 1074 1426 his
1103 1365 1218 1426 duobus

175 1455 271 1530 pueris
298 1469 470 1530 cognoscere
496 1456 603 1529 poteris
626 1455 763 1530 pietatem
784 1455 876 1514 sancti
896 1453 1052 1515 Pontificis.
1093 1451 1218 1514 Schola·

175 1556 237 1600 rem
259 1540 376 1600 oonsilio
397 1542 489 1600 sancti
509 1540 674 1601 Patamiani
695 1539 804 1600 dissilit
823 1555 875 1616 spe
895 1541 973 1600 vitae
994 1539 1132 1616 melioris3
1160 1557 1217 1615 pa·

175 1633 282 1687 starem
308 1626 385 1686 hunc
410 1626 525 1687 fidelem
550 1643 650 1688 secum
670 1627 752 1687 duxit
771 1627 810 1687 ad
829 1643 940 1704 pascua
960 1634 1095 1688 aeternae
1115 1625 1218 1686 viridi-

175 1715 251 1774 tatis.
293 1712 496 1774 NOVIGIUS:
517 1713 594 1804 Quia
615 1721 731 1775 sancms
748 1713 915 1792 Nyohoiaus
936 1715 1063 1774 erebrius
1085 1707 1217 1794 ceteris‘)

175 1798 363 1860 Pontificibus
391 1801 420 1859 in
449 1800 575 1862 sccksiis
603 1807 664 1861 tam
691 1803 721 1860 in
749 1801 901 1877 sculpturis
929 1817 1017 1877 qnam
1044 1802 1075 1860 in
1096 1802 1217 1877 picturis

174 1893 412 1963 repraesentatur,
433 1887 572 1948 vcllemsi
593 1904 656 1948 esse
677 1895 776 1964 posset
796 1888 921 1964 aliquam
941 1887 1040 1948 videre
1058 1888 1217 1964 imaginem

175 1971 259 2034 facici
277 1973 352 2033 illius
379 1973 565 2051 simitlimam,
590 1991 643 2051 per
671 1992 758 2051 qnam
782 1977 920 2036 memoria
940 1976 1002 2034 eius
1022 1977 1112 2034 menti
1131 1991 1216 2035 meae

175 2062 303 2120 tenacius
323 2062 538 2137 imprimeretur.
569 2059 804 2122 MONACHUSr
827 2060 985 2122 Ostendam
998 2063 1049 2121 tibi
1068 2061 1216 2136 quandam
1318 2101 1319 2106 κ

174 2147 290 2208 mirifici
305 2150 399 2226 operis
419 2165 557 2226 ysenam,
588 2166 665 2225 quac
686 2150 723 2209 ab
746 2165 781 2208 eo
811 2151 860 2225 qni
880 2155 1011 2208 sanetum
1032 2147 1215 2226 Nyoholaum

175 2235 205 2294 in
219 2249 303 2296 carne
317 2235 389 2295 vidit
399 2235 488 2297 fertur
502 2235 634 2312 formata,
655 2241 684 2296 et
704 2235 743 2296 ad
763 2235 837 2296 illius
858 2235 1068 2295 similitudinem
1090 2233 1215 2311 depicta

492 2421 726 2486 GAPlTULUM
752 2423 896 2488 LXXVI.
1080 2493 1084 2513 Ι

320 2544 369 2607 Dc
390 2543 495 2608 rodald
515 2550 610 2608 acacii
630 2547 777 2626 Nyoholai
797 2547 882 2624 apud
897 2547 1065 2608 Perceiana

237 2665 416 2728 In·Porceto
443 2670 617 2732 monasterio
645 2667 723 2744 qaod
749 2669 830 2728 iuxta
850 2639 1025 2744 Aquisgradi
1045 2668 1132 2730 dmm
1150 2673 1214 2743 cst,

173 2752 273 2814 nbula
288 2754 419 2814 cubitalis
433 2760 485 2830 est,
504 2756 657 2832 imaginem
671 2756 748 2814 beati
761 2754 908 2816 Pontificis
921 2752 1064 2832 Nyoholai
1083 2754 1121 2814 ab
1142 2771 1214 2814 um-

172 2839 267 2901 beiico
290 2847 319 2902 et
339 2858 452 2902 sumum
472 2844 502 2900 in
522 2858 554 2901 se
574 2846 804 2917 repraesentans,
826 2857 913 2917 quam
932 2842 1036 2902 beatus
1055 2839 1214 2918 Gregorius

172 2925 261 3004 Regis
275 2927 414 2988 Graeciae
434 2927 510 2988 dlius
531 2934 560 2988 et
575 2929 707 2989 coenobii
727 2927 855 2988 eiusdem
871 2929 983 3004 primns
998 2927 1102 2988 Abbas
1122 2933 1214 3005 marre

172 3013 321 3090 fundator,
350 3015 418 3076 illuc
440 3015 564 3076 advena
605 3014 718 3076 Dicitur
738 3015 840 3076 eadem
867 3016 954 3076 fuisse
981 3031 1091 3092 yoona,
1121 3031 1213 3091 quam

172 3100 327 3176 barbarus,
356 3103 430 3162 sicut
449 3104 480 3162 in
500 3101 645 3164 Miraculis
665 3103 758 3162 sancti
778 3101 921 3180 Nyoholai
940 3102 1058 3180 legitur,
1079 3101 1160 3176 tulit,
1181 3109 1214 3163 et

172 3187 211 3248 ad
233 3185 391 3249 custodiam
412 3190 457 3249 sui
470 3184 643 3268 theolonei⁵)
664 3190 768 3265 posuit
790 3191 870 3250 cuius
890 3191 1042 3250 occasione
1062 3187 1101 3248 ad
1122 3186 1213 3280 fidem

172 3291 328 3336 couversos
350 3281 408 3350 est,
440 3293 506 3336 cnm
526 3294 581 3337 sna
599 3275 785 3354 perdidisset,
807 3283 836 3336 et
857 3291 942 3336 caesa
962 3277 1086 3353 imagine
1105 3275 1212 3337 eadem

172 3363 334 3438 recepisset
376 3361 520 3440 Plurimae
547 3380 599 3440 per
627 3380 692 3422 am
719 3365 840 3423 rimiae
859 3365 953 3424 iactae
974 3368 1054 3438 sunt,
1078 3363 1214 3424 mamma

171 3449 201 3507 in
231 3450 465 3526 praegnantibus.
507 3450 650 3527 Tempore
678 3449 804 3525 quodam
825 3467 892 3510 oum
911 3447 951 3509 ad
970 3449 1089 3508 domum
1110 3451 1213 3510 cunm.
1313 3467 1314 3472 κ

172 3533 240 3595 dam
261 3535 398 3598 honestae
418 3542 566 3597 matronae
593 3539 623 3596 iu
646 3543 732 3613 partu
752 3536 908 3599 laborantis
929 3535 1029 3596 fuisset
1050 3535 1213 3614 deportata,
1313 3545 1314 3597 i

172 3627 202 3682 et
228 3629 328 3683 conns
356 3641 420 3684 eam
448 3623 486 3684 cd
514 3625 651 3701 parietem
672 3641 827 3700 suspensa,
859 3639 895 3685 ea
915 3622 988 3683 hora
1009 3639 1067 3699 qua
1094 3629 1212 3699 partum

183 3752 222 3857 i)
239 3802 308 3841 cum
326 3788 375 3840 acc
393 3789 468 3844 sac.
487 3819 519 3830 -
538 3789 570 3854 2)
588 3788 631 3844 cr>
652 3805 751 3843 mans.
772 3821 801 3832 -
822 3791 854 3859 3)
870 3789 915 3844 so
938 3788 1106 3843 recturum.
1124 3820 1157 3832 -
1176 3793 1212 3862 r)

241 3855 285 3912 ΟΡ
302 3857 385 3912 siiis.
405 3889 435 3902 -
454 3861 487 3927 5)
503 3858 593 3913 ACDP
610 3859 765 3912 thelonei.
889 3941 896 3959 ι
