2594 4302
435 265 490 327 DE
515 265 742 329 MIRACULIS.

392 456 627 519 CAPITULUM
649 457 785 518 XXXV.

110 580 158 638 De
173 581 325 654 piscatore
343 578 509 655 formicario
531 599 617 655 quem
639 581 767 640 condens
794 578 910 655 ferrum
932 577 969 637 ob
991 596 1063 638 coa·

209 665 366 742 fossionem
386 683 449 725 raon
470 668 562 739 laesit,
585 675 612 726 et
628 673 735 742 postca
755 666 965 725 recidicoatem

387 771 469 828 aqua
489 754 605 828 frtpido
626 753 791 812 combussit.

133 873 249 932 Referre
295 873 368 932 solet
407 872 539 932 dominus
566 874 731 934 Bernartius
761 873 796 932 de
826 873 936 948 Lippa,
976 871 1108 948 quando·

68 977 125 1036 que
146 959 264 1034 Abbas,
285 977 361 1019 nunc
381 958 543 1036 Episcopus
564 963 593 1018 in
615 961 752 1035 Livonia,
775 959 920 1035 quoddam
940 958 1110 1018 miraculum

66 1051 126 1106 iam
147 1046 223 1106 dicto
246 1046 382 1105 miraculo
405 1064 520 1121 prorsus
535 1050 715 1106 contrarium.
757 1047 840 1121 Novi,
861 1048 961 1121 inquit,
982 1048 1109 1120 piscato·

66 1151 129 1192 rem
148 1135 178 1191 in
191 1133 368 1208 Episcopatu
382 1133 566 1207 Traiecteusi,
589 1137 637 1209 qui
659 1152 724 1192 cum
747 1131 871 1209 quadarn
893 1133 999 1191 femina
1019 1132 1109 1190 multo

67 1229 195 1296 tempore
217 1221 310 1278 iuerat
336 1219 499 1280 fornicatus.
542 1221 580 1279 Et
602 1223 669 1296 quia
692 1223 752 1280 cius
773 1225 924 1296 peccatum
945 1221 1028 1277 nimis
1050 1225 1111 1278 erat

67 1310 226 1380 notorium,
262 1312 390 1382 tempore
422 1307 548 1383 quodam
580 1310 610 1365 in
642 1307 760 1384 Synodo
792 1309 950 1365 imminenti
980 1307 1111 1366 accusari
1225 1299 1236 1322 ⁹

67 1395 179 1469 timens,
201 1393 316 1452 dicebat
336 1395 410 1452 intra
431 1411 476 1452 se:
499 1393 576 1469 Quid
597 1412 673 1453 nunc
694 1394 781 1453 iacies
802 1392 909 1452 miser?
952 1392 983 1452 Si
1004 1395 1033 1450 in
1054 1391 1110 1452 hac

68 1479 185 1558 Synodo
208 1479 243 1538 de
265 1479 449 1538 fornicatione
467 1487 620 1540 accusatus
640 1482 734 1556 fueris,
757 1488 785 1540 et
804 1481 960 1553 consessus,
981 1478 1059 1538 iilam
1080 1481 1109 1536 in
1136 1475 1140 1486 '

68 1569 248 1626 matrimonio
270 1583 337 1624 mox
359 1565 463 1626 ducere
485 1570 657 1644 cogeris;·si
678 1576 775 1627 autem
796 1569 954 1643 negaveris,
977 1564 1110 1626 candenti

68 1655 142 1713 ferro
172 1656 319 1713 convictus
348 1653 471 1728 amplius
499 1655 688 1714 confunderis.
731 1655 891 1732 Statimque
913 1653 951 1712 ad
972 1653 1110 1713 sacerdo-

67 1749 127 1800 tem
148 1743 275 1813 veniens,
296 1743 387 1816 magis
409 1746 441 1797 ut
462 1747 528 1816 post
540 1744 634 1817 patuit
649 1744 750 1801 timore
771 1759 882 1816 poenae
904 1757 990 1817 quarn
1012 1756 1109 1798 amore

67 1830 200 1901 iustitiae,
220 1834 372 1902 peccatum
387 1827 532 1886 consessus
547 1835 605 1904 est,
628 1827 776 1888 consilium
792 1831 932 1904 quaesivit
946 1832 974 1884 et
994 1829 1110 1886 invenit.

67 1914 99 1974 Si
113 1914 213 1988 habes,
226 1915 319 1988 inquit
331 1913 473 1988 sacerdos,
494 1914 608 1973 firmum
621 1917 798 1990 propositum
810 1934 957 1992 nunquam
970 1914 1109 1987 peccandi

69 2019 135 2060 cum
155 2000 212 2074 illa,
236 2000 360 2059 caudens
377 2000 481 2060 sermm
497 2003 714 2076 securcpoteris
728 2011 849 2080 portare,
870 2006 1021 2079 ipsumque
1037 2020 1107 2079 pec·
1176 2015 1179 2021 '
1273 2062 1278 2072 ,

69 2095 166 2146 catum
192 2103 313 2164 negarc3
335 2103 418 2162 spero
441 2093 538 2146 autem
561 2088 637 2164 quod
660 2092 749 2149 virtus
772 2092 956 2152 confessionis
977 2091 1109 2154 liberabit

68 2182 106 2233 te.
150 2174 236 2250 Quod
256 2176 296 2233 ita
317 2174 424 2232 factum
448 2182 503 2248 est,
525 2178 634 2234 cunctis
657 2179 837 2252 stupentibus
860 2181 963 2256 quibus
984 2182 1107 2241 somica-

69 2264 109 2320 tio
127 2263 294 2320 innotuerat
317 2261 393 2321 Ecce
406 2262 453 2320 hic
468 2263 541 2338 ignis
555 2262 611 2322 Dei
628 2267 763 2339 potentia,
780 2267 854 2325 sicut
870 2269 898 2325 in
915 2271 1107 2343 superioribus

69 2348 215 2424 exemplis,
227 2355 326 2408 contra
336 2355 467 2407 naturam
477 2351 536 2407 vim
546 2367 628 2408 snam
639 2353 797 2428 restrinxit,
811 2358 839 2412 et
850 2355 923 2413 sicut
936 2356 965 2413 in
981 2373 1105 2432 sequen-

68 2437 145 2495 tibus
163 2436 271 2510 audies,
286 2435 441 2494 mirabilius
458 2443 556 2495 contra
574 2444 704 2496 naturam
729 2439 882 2500 incanduit.
906 2440 983 2517 Quid
1003 2442 1106 2519 plura?

67 2523 238 2581 Absolvitur
251 2522 346 2580 horno.
363 2522 435 2581 Post
447 2522 508 2581 dies
528 2523 666 2598 plurimos
678 2521 695 2603 ¹)
719 2525 854 2587 eumalio
873 2528 998 2603 quodam
1010 2533 1106 2606 pisea-
1122 2549 1124 2554 ·

67 2617 130 2668 tore
152 2609 237 2668 officii
258 2610 302 2666 sui
324 2626 411 2668 causa
432 2611 462 2666 in
483 2609 598 2668 flumine
619 2614 773 2688 navigans,
796 2631 861 2673 curn
884 2614 1000 2674 domum
1021 2635 1107 2694 prae-

68 2697 163 2755 dictae
175 2695 299 2752 mulieris
320 2695 466 2769 vidissent,
487 2699 527 2754 ait
548 2695 735 2757 alteralteri:
758 2699 851 2759 Valde
873 2704 958 2761 miror
981 2705 1108 2764 etmulti

68 2798 198 2856 mecum,
229 2797 316 2855 quare
337 2787 366 2839 tc
386 2784 416 2846 in
437 2782 554 2858 Synodo
576 2801 634 2843 non
655 2787 787 2844 inusserit
806 2786 926 2862 serrum,
960 2807 1026 2849 cum
1046 2798 1107 2850 tam

68 2868 253 2926 manifestum
266 2867 366 2925 suisset
378 2874 458 2927 tuum
476 2877 635 2944 peecatum.
678 2871 730 2931 Ille
753 2873 789 2933 de
810 2878 903 2949 gratia
924 2876 978 2935 sibi
1003 2878 1107 2938 collata

66 2954 184 3030 indigne
204 2953 338 3028 glorians,
359 2970 392 3012 eo
415 2955 493 3028 quod
514 2959 571 3013 iam
592 2956 769 3019 voluntatem
788 2959 945 3021 fornicandi
966 2981 1031 3024 cum
1058 2965 1108 3024 illa

66 3042 257 3116 concepisset,
278 3056 364 3098 manu
380 3057 487 3115 aquarn
501 3040 622 3101 fluminis
642 3048 790 3121 percussit,
810 3054 840 3106 ct
860 3051 914 3108 ait:
935 3050 1012 3110 Ecce
1040 3058 1106 3111 tarr-

66 3137 130 3187 tum
152 3127 223 3185 mihi
244 3123 370 3204 nocuit²)
391 3129 464 3202 ignis
485 3127 540 3186 ille.
583 3127 657 3188 Mira
678 3130 734 3190 Dei
756 3135 873 3193 iustitia.
917 3135 973 3212 Qui
995 3140 1106 3198 miseri-

66 3215 193 3277 corditer
213 3214 405 3288 pocnitcntem
428 3213 588 3288 custodivit,
608 3218 681 3275 iuste
703 3225 732 3276 et
753 3221 921 3281 miraculose
942 3226 1025 3283 nimis
1048 3244 1105 3301 pu-

65 3305 142 3361 nivit
162 3299 376 3360 recidivantem.
419 3298 490 3358 Mox
508 3307 539 3358 ut
561 3309 665 3376 aquarn
687 3307 785 3380 tetigit,
808 3307 933 3368 candens
955 3313 980 3369 ei
1001 3311 1106 3370 ferrum

66 3407 147 3464 aqua
178 3388 240 3446 suit.
291 3386 387 3462 Quam
399 3382 420 3465 ³)
449 3389 545 3446 statim
575 3405 639 3446 cum
669 3389 792 3451 clamore
821 3393 916 3455 valido
945 3397 1106 3474 retraham,

51 3475 174 3552 .pellcm
196 3475 302 3532 dimisit
321 3475 351 3531 in
373 3490 463 3549 aqua;
498 3477 593 3551 omnia
615 3478 742 3536 circaea
763 3487 846 3555 gesta
867 3484 945 3542 socio
968 3485 1108 3561 reterens,

66 3580 134 3622 sera
165 3561 267 3620 ductus
292 3567 336 3620 est
357 3563 539 3636 poenitentia.
581 3561 646 3621 Non
668 3563 813 3625 discordat
834 3568 871 3627 ab
893 3567 949 3629 hoc
970 3573 1108 3632 miraculo

67 3649 150 3724 quod
171 3647 329 3708 monachus
350 3655 448 3707 noster
468 3647 640 3708 Lambertus
661 3655 780 3711 recitare
800 3653 900 3714 solitus
923 3663 975 3716 est
1062 3659 1086 3689 ’·

87 3836 120 3902 1)
140 3834 161 3886 Β
180 3851 311 3901 paucos.
332 3865 360 3873 -
381 3834 413 3901 2)
432 3831 497 3887 CEF
516 3836 624 3910 nocuit
643 3837 725 3888 mibi.
745 3868 776 3876 —
796 3839 828 3906 ³)
846 3839 867 3891 E
885 3843 947 3908 qui.
1025 3879 1028 3885 .
