2594 4302
173 249 236 311 254
486 247 713 314 DISTINOTIO
737 247 893 313 DECIMA

172 371 329 449 pendisset,
349 389 434 433 mene
455 376 537 449 quasi
558 373 596 434 ad
617 373 774 434 abluendas
796 391 896 438 cemes
918 390 984 433 cum
1006 372 1131 449 quodam
1151 389 1201 433 suo

173 458 283 536 collega
310 459 459 519 tabernam
490 462 614 520 introvit.
657 461 787 536 Cumque
809 460 847 520 od
868 460 994 520 officium
1015 462 1119 522 missae
1138 459 1204 536 pul·

173 552 290 620 seretur,
302 553 332 606 et
344 545 443 608 fideles
457 545 495 608 ad
518 546 668 607 ecelesiam
690 547 873 623 confluerent,
894 565 948 607 nec
969 565 1027 607 non
1049 567 1085 609 ex
1106 547 1205 610 eadem

172 633 307 707 taberna,
334 635 449 708 iamque
477 632 530 694 soli
557 633 586 692 hi
617 634 674 694 duo
700 634 756 694 illie
785 641 964 694 remanentes
993 641 1139 710 potarent,
1165 635 1207 692 ait

172 719 244 778 alter
269 719 407 780 carnifici:
442 720 526 780 Corte
557 720 644 780 modo
673 723 756 780 nimis
786 720 834 779 diu
863 727 1078 800 exspectamus;
1108 737 1206 783 eamus

173 822 241 883 ergo
255 806 293 865 ad
311 805 460 867 ecelesiam
482 814 598 884 propter
619 825 715 867 saeros
737 809 853 868 eineres.
897 807 951 866 Oui
971 807 1018 867 ille
1040 811 1207 887 mysterium

173 895 298 953 dnerum
319 894 481 969 irridendo,
492 895 651 970 respondit:
674 869 759 970 bede,
781 895 907 970 egotibi
930 895 1005 955 dabo
1028 899 1152 972 eineres,
1179 901 1209 954 ct

172 987 203 1040 tu
232 980 309 1038 mihi.
352 980 525 1057 Tollensque
558 983 666 1040 cineres
695 981 730 1041 do
757 980 832 1056 lare,
860 984 978 1042 iactavit
1006 1001 1092 1060 super
1121 989 1210 1059 caput

172 1069 242 1127 eius.
297 1067 336 1125 Et
367 1085 435 1128 eece
467 1087 535 1129 mox
562 1085 656 1144 poena
687 1069 822 1127 irrisionis
848 1069 1003 1128 subsecuta
1032 1077 1083 1130 est
1132 1071 1210 1130 Nam

172 1156 268 1214 statim
297 1155 372 1214 eirca
400 1162 487 1233 eaput
514 1162 543 1216 et
570 1156 672 1215 faeiem
693 1161 805 1214 tantum
827 1158 916 1214 sensit
936 1155 1101 1234 pulverem,
1126 1175 1162 1218 ec
1184 1161 1211 1216 si

171 1240 335 1301 follibusei
355 1242 554 1302 insufflaretur.
597 1241 727 1317 Cumque
748 1243 861 1301 territus
882 1241 1068 1319 exclamaret,
1096 1250 1210 1304 unum

172 1345 221 1388 ore
250 1327 483 1404 cineris-hausit,
511 1337 544 1389 ut
571 1346 645 1405 pene
671 1328 827 1388 suffocatus
855 1329 963 1388 lasset.
1015 1331 1211 1391 Aeourremnt

171 1414 261 1492 multi,
281 1416 398 1492 plagam
418 1423 477 1476 tam
498 1416 658 1475 mirabilem
679 1413 818 1475 videntes.
860 1416 973 1475 Ductus
996 1425 1040 1478 est
1059 1419 1089 1476 in
1109 1421 1211 1494 proxi·

171 1520 249 1562 mam
270 1502 400 1578 insulam,
421 1507 451 1562 in
474 1505 531 1579 qua
551 1520 609 1562 uon
630 1502 725 1580 pulvis
746 1501 799 1562 sed
819 1519 939 1578 gramen
961 1512 1036 1581 erat3
1065 1505 1117 1564 sed
1140 1505 1212 1564 nihil

171 1585 239 1669 illi¹)
275 1591 388 1666 proluit.
430 1590 465 1649 Iu
486 1589 604 1666 Rheno,
630 1593 661 1648 in
681 1592 826 1667 pomerio,
858 1592 888 1648 in
909 1589 1030 1666 solario,
1060 1608 1157 1668 neque
1181 1595 1212 1650 in

171 1675 267 1752 aliquo
289 1675 353 1736 loeo
375 1695 395 1736 e
415 1678 528 1736 turbiue
550 1679 676 1736 cinerum
699 1693 730 1735 se
753 1674 904 1736 defendere
924 1680 1033 1754 potuit3
1063 1695 1081 1736 a
1103 1679 1211 1754 quibus

171 1762 289 1840 taudem
316 1764 488 1840 suffocatus,
527 1781 651 1841 poenam
678 1765 812 1822 irrisionis
840 1762 901 1821 luit
930 1764 1020 1826 ¹Eece
1051 1764 1141 1824 homo
1175 1765 1212 1825 de

172 1867 229 1926 quo
244 1845 452 1927 supradictum
466 1857 518 1926 est,
540 1851 699 1910 devotionis
716 1853 808 1927 gratia
830 1853 916 1926 etiam
937 1853 992 1911 sub
1014 1858 1090 1910 terra
1110 1854 1213 1912 vivere

171 1940 280 2014 potuit3
312 1938 389 1998 huno
410 1939 440 1996 in
469 1955 535 1998 aere
556 1941 614 1997 iam
636 1939 712 1998 diota
734 1936 818 2012 eulpa
840 1937 998 2001 suffocavit.
1041 1937 1110 1997 Duo
1133 1957 1213 2000 nunc

171 2025 320 2085 subiiciam
341 2023 492 2102 miracula3
514 2027 638 2102 primum
655 2026 758 2085 meruit
777 2026 869 2084 virtus
889 2024 1064 2100 humilitatis,
1084 2042 1213 2102 sequens

172 2113 261 2172 virtus
283 2112 430 2172 eastitatis.

524 2373 755 2435 CAPITULUM
782 2373 860 2434 LIV.
908 2361 911 2368 ¹

260 2516 308 2576 De
328 2531 468 2574 eonverso
489 2513 612 2574 suboleo
635 2521 663 2572 ct
684 2513 792 2572 arboee
814 2501 875 2572 dus
896 2517 1007 2574 meritis
1028 2517 1127 2574 seusu.

236 2653 379 2714 Liffardus
412 2654 492 2713 euius
524 2655 640 2712 memini
675 2655 704 2711 in
737 2651 917 2712 distinetione
954 2659 1057 2728 quarta
1086 2653 1215 2729 capitulo

174 2747 285 2817 quarto,
307 2757 462 2800 conversus
475 2741 527 2800 suit
548 2741 577 2799 in
594 2739 815 2799 Hemnnenrode.
858 2739 915 2799 Hio
938 2757 1003 2798 oum
1026 2745 1102 2799 esset
1125 2740 1215 2799 homo

173 2828 247 2888 bene
275 2834 374 2902 uetus,
402 2834 435 2886 ut
463 2845 514 2903 per
541 2826 730 2886 humilitatem
759 2825 881 2903 amplius
903 2833 1073 2900 mereretur,
1109 2843 1215 2902 porcos

172 2917 334 2974 monasterii
362 2931 480 2990 pascere
501 2929 558 2972 nou
581 2913 726 2989 despexit,
753 2915 810 2972 imo
832 2914 966 2990 precibus
988 2912 1063 2972 idem
1086 2911 1215 2972 officium

172 3003 303 3060 obtinuit
344 3000 401 3060 Die
431 2999 555 3076 quedam
583 3016 649 3059 eum
676 3002 756 3060 iuxta
783 3017 884 3059 nemus
912 3017 1029 3076 gregem
1057 3016 1215 3074 porcorum

171 3090 305 3164 pavisset,
326 3088 398 3147 vidit
417 3088 457 3146 ibi
479 3087 550 3147 duas
564 3087 681 3146 arbores
703 3103 784 3162 quae,
800 3086 835 3146 de
857 3104 914 3145 uno
937 3094 1037 3146 trunco
1059 3103 1215 3162 proeesse·

171 3182 243 3233 rant.
287 3173 339 3233 Cui
377 3191 443 3233 oum
474 3191 533 3233 una
561 3173 728 3248 placuisset,
763 3173 937 3249 dixissetque
965 3176 994 3231 in
1023 3171 1110 3232 corde
1143 3191 1215 3246 suo,

171 3261 253 3321 Deus
282 3279 368 3338 quam
396 3262 500 3320 idonea
529 3268 605 3320 esset
631 3260 704 3319 haee
727 3261 811 3319 arbor
833 3259 870 3319 ad
893 3259 1020 3320 alveolos
1041 3275 1215 3334 porcorum,

171 3365 238 3407 mox
275 3347 391 3423 cecidit,
419 3364 454 3406 ac
490 3349 513 3406 si
546 3349 637 3406 securi
659 3349 772 3407 succisa
792 3347 898 3406 suisset.
940 3346 1018 3406 Ecce
1038 3363 1096 3406 non
1120 3348 1216 3406 oranti

170 3433 222 3495 sed
251 3437 387 3511 cogitanti
414 3434 523 3510 lignum
551 3433 688 3493 obedivit
738 3434 820 3494 Haec
850 3433 886 3494 de
914 3433 1083 3496 humilitate.
1133 3433 1215 3492 Audi

170 3520 248 3581 aliud
269 3520 437 3581 miraculum
458 3521 495 3580 de
517 3522 656 3581 castitate.

190 3812 220 3879 l)
238 3811 300 3864 uus
323 3811 403 3892 nibil
427 3814 473 3878 ei,
496 3810 517 3866 l*
539 3812 645 3866 nihil.-
