2622 4322
462 250 516 310 DE
537 249 802 312 enarmonia.
1089 253 1151 313 243

332 425 335 432 '
417 440 649 504 urrunnun
669 437 851 523 anxur)

110 567 157 626 De
176 583 275 626 unere
296 565 414 638 militia,
445 583 521 641 quoe
550 567 711 624 tentatione
738 565 818 624 victu
835 563 979 640 paludem
1001 581 1022 623 a
1041 567 1152 625 manto

462 651 644 728 prohibitam
664 645 798 710 intravit

172 790 319 852 Henn'cus
342 789 378 849 de
399 789 491 850 Wida
515 789 597 849 utiles
617 789 670 848 luit
691 788 772 848 dives
793 788 893 865 valde,
921 795 1024 866 potens
1046 798 1075 851 et
1095 809 1151 852 nc·

109 879 244 954 minatus,
266 876 458 936 ministerialis
480 876 597 936 Henrici
616 874 709 936 Ducis
730 875 887 936 Saxonum.
930 875 1035 938 Adhuc
1056 878 1151 954 plures

108 966 218 1040 vivunt,
242 967 293 1040 qui
304 964 386 1022 illum
403 969 551 1038 noverunt,
574 968 603 1020 et
623 965 673 1036 rei,
694 980 782 1038 quam
794 965 963 1023 recitaturus
985 981 1058 1040 sum,
1079 965 1152 1026 forte

108 1051 304 1111 recordantur.
354 1050 493 1110 Habebat
528 1051 603 1110 enim
635 1067 755 1110 uxerem
790 1049 915 1110 nobilem
946 1067 982 1110 ac
1009 1051 1151 1112 dilectam.

107 1137 164 1198 Die
194 1137 417 1214 quadarn.cum
438 1153 530 1202 sermo
551 1139 625 1194 inter
646 1154 696 1196 eos
717 1136 872 1196 haberetur
893 1135 929 1196 de
951 1137 1036 1213 eulpa
1056 1138 1151 1214 Evae,

108 1228 204 1301 coepit
225 1225 290 1298 illa,
319 1230 353 1282 ut
378 1239 441 1282 mos
468 1229 512 1282 est
532 1222 715 1298 mulieribus,
743 1223 837 1284 eidem
865 1223 1035 1292 maledicere
1064 1225 1150 1286 etde

107 1314 301 1371 inconstantia
335 1310 460 1385 iudicare
489 1311 575 1369 animi
588 1306 621 1390 ¹),
650 1327 685 1392 ec
713 1309 791 1385 quod
823 1327 875 1386 prc
908 1311 1021 1370 modico
1047 1330 1151 1389 pomo,
1190 1327 1197 1336 ·

106 1399 192 1476 gulae
213 1416 286 1458 suae
308 1398 499 1470 satisfaciens,
526 1399 613 1455 tantis
634 1399 734 1471 poenis
756 1414 791 1456 ac
813 1399 932 1457 miseriis
953 1415 1038 1457 omne
1059 1417 1151 1476 genus

106 1485 267 1545 humanum
303 1484 485 1543 subdidisset.
540 1481 593 1542 Cui
629 1486 747 1542 marinis
782 1485 943 1558 respondit:
971 1484 1038 1546 Noli
1071 1487 1150 1546 illam

105 1572 242 1632 iudicare.
285 1571 333 1630 Tu
364 1569 435 1631 forte
464 1572 493 1628 in
514 1569 564 1628 tali
592 1572 750 1630 tentatione
778 1571 869 1630 simile
889 1570 1004 1632 fecisses
1013 1568 1043 1651 ²).
1086 1574 1149 1650 Ego

106 1659 173 1719 volo
196 1660 252 1720 tibi
270 1656 380 1733 aliquid
396 1659 569 1732 praecipere,
590 1657 669 1732 quod
690 1659 783 1716 marrus
805 1664 857 1731 est,
879 1665 908 1717 et
927 1665 1150 1736 propter'amc-

105 1764 166 1806 rem
202 1763 302 1805 meum
341 1747 455 1803 minime
491 1745 596 1818 poteris
631 1743 774 1803 custodire
811 1743 889 1804 illud.
944 1746 1150 1822 Respondente

104 1831 170 1892 illa:
203 1832 292 1909 Quod
316 1831 373 1890 hoe
395 1837 439 1889 est
459 1826 678 1909 mandatum³)‘l
699 1833 740 1889 ait
760 1830 857 1890 miles:
885 1829 926 1890 Ut
947 1832 992 1891 die
1012 1833 1062 1893 illa
1092 1851 1150 1910 qua

108 1919 247 1980 balneata
270 1917 374 1992 fueris,
388 1917 522 1992 paludem
544 1919 639 1976 curiae
660 1925 774 1976 nostrae
796 1935 855 1976 non
879 1918 1044 1994 ingrediaris
1066 1920 1149 1980 nudis

107 2001 273 2086 pedibuet).
294 2004 368 2063 Aliis
383 2004 491 2077 diebus,
505 2006 530 2062 si
542 2003 620 2078 libet,
632 1999 727 2062 intres.
749 2003 820 2063 Erat
829 2007 905 2064 euim
915 2023 992 2080 aqua
1004 2013 1109 2083 putens
1119 2014 1149 2068 et

107 2093 220 2169 fimosa,
245 2109 282 2151 ex
302 2093 390 2150 totius
409 2093 503 2150 curiae
525 2090 657 2150 serdibus
679 2090 807 2152 collecta
849 2091 904 2151 Illa
925 2093 1098 2169 subsidente,
1120 2101 1149 2158 et

107 2181 255 2256 praecepti
266 2180 522 2255 transgressionem
535 2175 622 2236 etiarn
631 2173 650 2256 ⁵)
664 2177 893 2254 abhorrescente,
910 2181 1055 2238 subiunxit
1063 2181 1147 2240 Hen-

108 2269 200 2326 ricus:
221 2265 300 2326 Volo
317 2270 349 2323 ut
366 2282 490 2340 poenam
504 2263 654 2324 addamus.
697 2264 728 2324 Si
748 2271 781 2324 tu
802 2266 887 2324 tueris
906 2266 1050 2342 obediens,
1072 2285 1146 2344 qua·

108 2353 242 2431 draginta
255 2369 371 2411 marcas
385 2353 494 2427 argenti
512 2369 588 2410 ame
603 2353 738 2427 recipies3
761 2354 804 2411 sin
819 2359 924 2427 autem,
945 2354 1064 2414 totidem
1078 2351 1147 2414 mihi

107 2440 212 2500 solves.
245 2439 284 2498 Et
305 2438 501 2514 beneplacuit
523 2440 557 2497 ei.
600 2437 652 2496 Ille
668 2455 745 2513 vero,
766 2441 829 2514 ipsa
842 2442 999 2515 ignorante,
1021 2449 1146 2502 secretos

107 2524 363 2602 cnstedestpaludi
387 2525 525 2584 adhibuit.
561 2523 637 2582 Mira
657 2541 712 2583 res.
755 2524 805 2584 Ab
825 2525 874 2584 illa
892 2525 991 2606 horai)
1014 2537 1145 2590 matrona
1198 2559 1209 2565 -

106 2621 167 2674 tam
188 2614 313 2674 honesta
342 2618 371 2671 et
391 2619 451 2671 tam
472 2611 636 2670 verecunda
656 2628 805 2687 nunquam
825 2630 877 2688 per
898 2617 1006 2672 curiam
1027 2617 1146 2677 transire

43 2743 52 2760 .
105 2707 236 2777 poterat,
264 2701 319 2758 nisi
340 2698 378 2758 ad
399 2698 575 2775 praedictam
595 2697 732 2773 paludem
752 2701 913 2775 respiceret.
955 2700 994 2760 Et
1015 2707 1147 2778 quotiens
1238 2713 1250 2755 t

105 2787 314 2861 balneabatur,
342 2788 446 2845 totiens
467 2781 620 2864 graviter⁷l
644 2785 680 2844 de
708 2785 809 2846 eadem
836 2787 942 2861 palude
974 2790 1147 2852 tentabatur.
1251 2798 1256 2805 “

105 2875 163 2934 Die
185 2874 313 2950 quadam
343 2874 438 2932 exiam
468 2872 504 2931 de
526 2871 644 2946 balneo,
674 2872 743 2931 dixit
763 2872 952 2950 pedissequae
973 2893 1056 2936 suae:
1084 2878 1146 2940 Nisi

85 2964 235 3040 ingressa
262 2961 342 3020 fuero
365 2958 500 3036 paludem
521 2958 613 3033 illam,
641 2961 753 3018 moriar.
795 2959 956 3037 Statimque
976 2966 1146 3041 succingens

105 3066 147 3124 se,
169 3065 236 3108 eum
250 3048 507 3122 circumspexisset,
529 3051 558 3104 et
571 3047 714 3104 neminem
735 3045 853 3122 videret,
872 3047 1032 3130 separata⁰l
1054 3057 1146 3112 eomi-

123 3198 158 3266 *)
175 3197 265 3318 Homirl.
283 3197 313 3250 11.
332 3214 357 3265 p.
376 3200 471 3318 5ttp—f
490 3195 580 3280 1180
598 3196 926 3319 animiliudicgredn-
946 3199 1015 3320 2JdG
1033 3203 1145 3322 rimhili-

176 3276 411 3400 {ls'niill'lf'e
430 3281 798 3405 ,attitulata
817 3267 874 3388 ln
891 3279 1146 3395 rtltntlnlt

179 3407 251 3474 -tJ
266 3406 352 3460 AGDP
370 3405 467 3458 nudis
485 3405 622 3473 pedibus
640 3421 702 3456 non
720 3405 929 3474 ingrediaris.
947 3439 977 3448 -
998 3412 1029 3477 5)
1047 3413 1144 3465 etiam

178 3492 218 3529 om
235 3477 284 3528 BP.
305 3507 337 3516 -
358 3476 390 3544 6)
408 3475 449 3530 Bc
466 3476 527 3526 die.
541 3505 572 3515 -
591 3475 623 3542 7)
641 3477 788 3544 graviter
805 3491 846 3526 om
864 3474 942 3542 Alit>3
960 3478 980 3532 B
998 3479 1088 3532 habet:
1107 3481 1146 3533 ab

179 3545 289 3598 eadem
313 3545 429 3614 palude
451 3547 608 3614 graviter.
629 3575 660 3584 -
680 3545 750 3611 8)ss
773 3544 918 3609 videret,
941 3551 1033 3600 omisso
1052 3566 1145 3618 sepu-

178 3624 261 3681 rata,
280 3617 360 3668 ceteri
377 3615 434 3667 libri
450 3614 563 3668 videre
581 3623 720 3682 putaret.
739 3611 878 3667 Emendavi
896 3632 927 3667 ex
946 3618 1065 3670 Homiliue
1084 3636 1144 3673 ver-

178 3685 228 3738 bis:
256 3695 301 3751 „ut
325 3683 514 3754 die·quadarn,
536 3693 652 3751 separata
675 3687 811 3738 comitante
838 3685 1005 3755 pedissequa,
1027 3689 1143 3754 paludem

177 3757 293 3818 intraret,
317 3764 344 3808 et
366 3771 423 3807 uum
450 3754 527 3807 multa
551 3753 718 3807 delectatione
744 3757 963 3822 concupiscentiae
985 3773 1047 3810 suae
1068 3761 1144 3811 satis-

176 3825 295 3878 laceret.“
