2538 4314
156 253 216 312 126
477 253 706 315 DISTINCTIO
728 255 877 316 TERTIA

155 379 252 433 mento
274 375 335 433 elus
363 374 546 452 adhaererem
574 379 673 452 sicque
700 377 846 453 disparuit.
887 377 1014 453 &atque
1046 379 1196 438 emunctio

155 461 219 536 ipsa
240 463 314 520 sicut
334 463 382 536 pix
403 465 613 539 nigerrimaet
633 467 705 523 tanti
725 466 848 539 lectoris,
868 472 902 523 ut
921 465 1036 524 tolerari
1049 481 1196 540 nonpos-

155 554 208 607 set.
251 547 363 607 Deinde
386 566 451 608 cum
473 553 586 625 spiritus
607 549 655 610 ille
676 553 867 626 nequissimus
888 552 933 611 die
955 558 1100 627 noctuque
1115 558 1198 611 esset

157 636 183 695 ei
204 635 415 710 infestissimus,
444 643 595 696 suaserunt
616 638 758 713 quaedam
780 655 815 697 ex
836 640 995 713 sororibus,
1024 645 1056 697 ut
1084 655 1198 714 aquam

155 722 337 781 benedictam
358 739 470 798 semper
490 731 620 799 paratam
642 725 770 800 haberet,
792 743 850 800 qua
869 728 1031 785 venientem
1051 742 1196 802 asperge-

156 815 212 884 ret,
234 808 307 868 aliae
328 826 406 885 vero,
427 817 460 869 ut
481 809 612 886 eundem,
634 815 659 870 si
680 829 785 886 aquam
797 829 854 870 non
866 815 985 887 timeret,
1006 812 1197 872 thurificaret.

157 896 262 956 Omnia
282 897 398 971 quidem
418 897 491 957 haec
511 901 650 973 tentavit,
672 899 723 958 sed
744 898 889 958 modicum
911 901 937 958 ei
957 901 1070 975 proluit.
1113 899 1197 959 Nam

157 986 288 1060 quotiens
310 991 409 1043 contra
430 1001 461 1043 se
483 987 596 1061 signum
625 988 716 1045 crucis
744 987 851 1045 factum
879 986 964 1060 vidit,
997 987 1199 1062 aspersionem

157 1074 258 1144 etiarn,
286 1073 347 1130 sive
369 1071 622 1148 thurificationem,
650 1072 688 1131 ad
709 1072 854 1131 modicum
876 1073 991 1148 quidem
1012 1073 1112 1148 cessit,
1140 1073 1198 1132 sed

130 1155 131 1160 ’
157 1176 224 1217 mox
242 1155 258 1238 ¹)
290 1157 382 1216 rediit.
424 1157 506 1218 Tunc
535 1175 593 1217 una
625 1162 726 1218 ceteris
758 1159 903 1218 sororibus
932 1165 1027 1218 aetate
1054 1160 1200 1218 maturior

156 1251 243 1321 atque
263 1245 443 1321 pmdentior,
465 1247 554 1304 suasit
575 1247 614 1320 ei,
647 1252 786 1321 quatenus
809 1245 979 1306 daemonem
999 1248 1117 1322 propius
1139 1264 1199 1306 ac-

157 1333 258 1393 cedere
280 1333 397 1406 sineret,
432 1338 461 1391 et
488 1339 557 1391 tunc
585 1331 645 1391 alta
665 1349 738 1392 voce
760 1333 961 1392 salutationem
981 1333 1142 1410 angelicam
1164 1335 1199 1393 in

157 1422 218 1480 eius
239 1418 340 1477 faciem
361 1418 507 1478 iacularet
556 1418 642 1495 Quod
669 1438 735 1479 cum
762 1421 890 1494 fecisset,
924 1419 1071 1496 diabolus,
1103 1436 1140 1480 ac
1171 1423 1200 1480 si

157 1509 262 1582 sagitta
283 1511 359 1565 esset
386 1521 554 1580 percussus,
586 1505 634 1565 vel
665 1508 776 1566 turbine
804 1506 958 1582 impulsus,
975 1506 1110 1584 'asurgit
1139 1525 1201 1568 nec

157 1609 285 1668 unquam
306 1593 428 1668 propius·
445 1595 472 1652 ei
493 1609 528 1651 ex
549 1591 599 1652 rlla
619 1593 690 1652 hora
712 1593 847 1656 accedere
869 1596 1047 1670 praesumsit.
1074 1591 1199 1654 NOVI-

158 1679 260 1739 cmc:
287 1679 436 1738 Hactenus
457 1679 581 1739 mdabat
589 1677 625 1759 ²),
647 1680 725 1756 quod
747 1679 878 1740 diabolus
899 1680 1059 1757 angelicam
1080 1680 1200 1741 saluta-

156 1770 263 1826 tionem
285 1766 378 1826 dicere
399 1767 447 1826 vel
467 1770 591 1843 incipere
612 1785 670 1826 non
691 1769 797 1843 potuit,
825 1771 948 1829 sicutte
970 1767 1075 1826 dixisse
1096 1767 1200 1830 recolo

156 1855 286 1930 superius
316 1855 440 1929 capitulo
468 1861 558 1914 sexto.
608 1852 844 1914 MONACHUS:
879 1855 974 1913 Huius
1000 1853 1057 1913 loci
1084 1854 1200 1916 ibidem

156 1941 321 2001 recordatus
343 1959 415 2000 sum.
458 1941 689 2001 sanctimonialis
710 1958 779 2000 vero
800 1940 851 2000 tuli
871 1941 965 2001 iaculo
980 1942 1097 2016 munita,
1122 1941 1201 2002 dae-

158 2046 273 2088 monem
295 2029 332 2088 ab
353 2027 402 2087 illa
423 2029 495 2088 bora
515 2027 587 2087 vidit
607 2031 668 2087 sine
689 2036 804 2103 tenore,
827 2035 855 2086 et
876 2028 985 2088 audivit
1006 2031 1067 2087 sine
1081 2029 1201 2090 timore.

158 2115 214 2176 Die
237 2115 362 2191 quadam
384 2115 419 2175 de
440 2115 485 2174 his
506 2116 627 2191 loquens
650 2133 715 2174 cum
736 2118 798 2174 viro
820 2115 947 2191 quodam
960 2115 1100 2192 religioso,
1123 2133 1201 2178 sua·

160 2207 197 2262 sit
216 2203 263 2262 ille
285 2200 473 2284 ei⁸)¹dicens:
506 2202 567 2261 Fac
593 2201 693 2261 Priori
717 2209 766 2261 tuo
796 2203 1003 2261 consessionem
1030 2201 1203 2278 generalem

152 2297 245 2366 pure,
266 2289 349 2365 plene
372 2308 406 2350 ac
429 2289 541 2364 devote,
561 2289 591 2346 in
613 2295 751 2364 quantum
772 2296 924 2348 occurrunt
944 2286 1144 2370 memoriam),
1170 2299 1204 2351 et

160 2376 325 2435 liberaberis
346 2380 461 2436 omnino
484 2377 671 2436 adaemonis
698 2376 783 2434 buius
811 2377 998 2435 infestatione.
1041 2375 1095 2434 Cui
1129 2394 1204 2438 curn

161 2457 309 2524 consilium
330 2464 388 2522 tale
408 2464 577 2540 placuisset,
606 2479 673 2520 mox
694 2461 835 2522 accedens
857 2462 894 2521 ad
915 2463 1055 2538 Priorem,
1081 2468 1205 2540 rogavit

160 2551 212 2610 sibi
235 2549 353 2626 praefigi
374 2551 470 2610 locum
492 2550 641 2610 ethoram
670 2548 829 2621 audiendae
858 2550 1049 2610 confessionis.
1091 2549 1204 2628 Mane,

154 2637 243 2720 'dictis
263 2641 418 2712 matutinis,
438 2638 487 2696 illa
509 2653 540 2696 se
561 2653 747 2712 praeparans,
769 2637 912 2695 festinavit
932 2635 969 2695 ad
990 2635 1086 2695 locum
1107 2654 1205 2713 prae·

152 2725 264 2800 lixum,
298 2725 437 2800 capellam
459 2724 567 2784 scilicet
593 2726 765 2784 monasterio
794 2721 1009 2799 adhaerentem,
1041 2724 1091 2783 ubi
1112 2723 1206 2786 Prior

161 2811 354 2888 exspectabat.
397 2813 435 2871 Et
462 2828 544 2884 ecce,
574 2809 695 2869 daemon
724 2826 875 2870 occurrens
901 2812 931 2868 in
960 2812 1008 2870 via
1034 2809 1206 2890 festinanti,

161 2899 245 2958 dixit:
266 2897 385 2973 Aleidis,
406 2916 464 2975 quo
474 2897 578 2957 vadis?
601 2915 658 2972 quc
679 2895 837 2973 properas?
880 2897 918 2955 Et
939 2896 1001 2955 illa:
1023 2895 1109 2956 Vado
1123 2916 1205 2960 con-

160 2985 276 3047 tundere
297 3003 343 3046 me
366 2992 394 3045 et
415 2993 452 3045 te.
496 2985 579 3044 Tunc
601 2985 738 3043 daemon:
761 2981 786 3042 0
809 2982 934 3059 Aleidis,
956 2983 1029 3060 noli,
1049 2983 1125 3060 noli,
1148 3004 1205 3047 re-

154 3074 277 3149 uertere,
298 3080 448 3132 revertere.
490 3071 650 3148 Respondit
669 3071 732 3130 illa:
754 3069 875 3157 §sepius
899 3070 1049 3130 confudisti
1061 3088 1118 3146 me,
1141 3089 1205 3150 ego

161 3160 246 3220 modo
269 3159 441 3220 contundam
463 3166 500 3218 te.
542 3159 608 3218 Non
629 3165 764 3217 revertar.
808 3157 903 3234 Quam
924 3175 990 3216 cum
1017 3175 1075 3216 non
1095 3169 1208 3233 posset

160 3247 304 3308 blanditiis
325 3250 386 3306 sive
407 3249 490 3305 minis
511 3245 664 3319 retrahere,
686 3244 859 3326 sequebatur
873 3261 1038 3319 eamusque
1049 3243 1087 3303 ad
1097 3243 1207 3310 locum

161 3335 351 3410 consessionis,
372 3336 447 3393 sicut
467 3333 569 3392 milvus
590 3333 620 3390 in
641 3349 707 3391 aere
728 3348 814 3407 super
833 3333 925 3406 ipsam
946 3331 1079 3390 volitans.
1113 3332 1206 3408 Quae

159 3439 227 3482 mox
248 3429 280 3481 ut
300 3440 395 3499 genua
417 3439 513 3481 coram
534 3420 631 3478 Priore
652 3419 769 3478 flectens
791 3418 829 3477 ad
851 3419 1056 3477 consessionem
1078 3434 1206 3498 osape-

177 3628 207 3695 1)
225 3626 243 3678 l'
262 3628 425 3678 statina-
444 3622 615 3690 auteurs
632 3622 792 3674 hacteuus
809 3637 872 3673 non
889 3621 1047 3684 mirabor,
1065 3621 1086 3673 ll
1105 3591 1207 3678 dein-

155 3727 160 3736 ·
226 3711 303 3762 ceps
325 3712 389 3747 non
412 3694 558 3751 mirabor.
594 3691 666 3746 Conl.
684 3691 809 3757 intravi,
829 3690 998 3755 ravum.
1018 3691 1145 3755 viltas.
1167 3726 1205 3736 -

226 3765 258 3833 3)
276 3764 339 3818 AB?
358 3767 387 3815 ei
408 3763 475 3847 illc.
494 3791 527 3802 —-
545 3764 577 3832 4)
595 3761 615 3815 G
632 3763 803 3814 memoriae
826 3769 1020 3826 occurrunt,
1043 3759 1062 3813 P
1080 3775 1207 3820 occur.

223 3839 266 3888 rit
288 3849 464 3890 momoriae.
