2664 4308
455 277 510 338 DE
532 275 689 339 SANGTA
707 275 849 338 MARIA.
1133 279 1174 336 39

132 403 257 463 mnibus
275 413 378 478 neque
406 400 538 477 fulmina,
568 418 689 477 quorum
709 401 811 460 timore
832 401 947 475 saepius
969 398 1116 475 affligeris,
1146 405 1175 459 te

131 488 254 550 laedent.
298 488 403 564 Sicquo
432 488 471 548 ad
498 489 588 548 altare
610 487 737 563 rodens,
765 489 795 546 in
824 487 914 546 oculis
935 488 1006 545 meis
1029 485 1176 561 disparuit.

130 576 170 636 Et
190 579 288 636 statim
308 574 442 651 intellexi,
463 577 532 651 quia
551 578 616 652 ipsa
637 581 714 636 esset
731 573 855 634 clemens
876 573 933 648 illa,
953 576 1003 648 pia
1025 589 1059 632 ac
1082 573 1174 634 dulcis

53 671 58 684 “
131 663 233 723 Maria
283 659 332 722 Ab
360 661 409 722 illa
438 665 513 722 enim
545 662 617 722 bora
644 679 737 737 usque
750 660 844 721 ⁴hodie
866 679 884 720 a
904 663 1005 720 timore
1025 659 1173 735 praedicto

131 755 353 826 tempestatum,
389 765 448 826 quo
483 751 568 808 nimis
600 748 760 823 alliciebat,
794 748 901 806 meritis
924 748 1027 806 beatae
1048 747 1176 824 Virginis

130 837 269 910 liberatus
290 853 364 895 sum.
397 833 601 897 NOVICIUS:
625 835 772 912 Quantum
794 852 830 894 ex
851 835 906 893 hae
928 836 1037 893 visione
1059 834 1173 912 colligo,

131 923 246 984 videtur
267 923 346 999 quod
366 925 396 982 in
417 925 586 999 sequentiis,
608 922 756 982 cantilenis
778 928 807 980 et
826 921 940 998 hymnis
961 920 1080 998 aliisque
1103 937 1174 980 can·

131 1012 245 1071 tibusin
260 1013 322 1070 eius
335 1009 571 1085 honoredictatis,
586 1008 740 1086 plurimum
755 1008 919 1068 delectetur.
939 1005 1175 1067 MONACHUS:

133 1097 200 1158 Hoc
221 1104 332 1158 ccrmm
354 1104 406 1173 est,
430 1100 454 1156 si
476 1103 574 1157 tamen
595 1097 738 1156 humiliter
760 1101 789 1154 et
810 1095 914 1156 devote
935 1097 976 1154 eis
994 1091 1010 1174 ¹)
1032 1093 1174 1156 laudetur.

476 1285 711 1348 CAPITULUM
730 1283 836 1346 XXX.

133 1412 183 1472 De
205 1411 293 1470 beatu
305 1409 460 1468 Elisabeth
482 1409 518 1468 cle
535 1409 693 1483 Sconuviu,
716 1426 793 1485 quoe
815 1407 857 1466 ad
876 1409 961 1466 illam
981 1407 1175 1466 camalam.-

155 1499 239 1558 Audi
259 1513 322 1570 nce,
345 1503 373 1556 et
394 1503 499 1570 cetera
521 1497 595 1556 vidit
616 1502 752 1555 sanctum
773 1494 906 1554 Muciam
925 1496 1010 1572 [leuia
1031 1493 1153 1570 panibus

356 1600 361 1620 ⁴
398 1581 549 1642 &aarum
568 1600 626 1658 pro
648 1589 796 1641 conventu
819 1599 916 1640 orare.

199 1703 344 1780 Tempore
373 1703 516 1779 quodam,
544 1706 619 1763 sicut
647 1720 683 1763 ex
703 1703 840 1762 relatione
860 1701 1056 1778 religiosorum
1077 1698 1177 1776 didici,

136 1809 201 1852 eum
234 1796 394 1851 conventus
426 1789 684 1850 sanctimonialium
715 1792 745 1847 in
772 1789 917 1849 Soonavia
928 1785 949 1867 ²)
982 1789 1177 1862 sequentiamt

135 1881 199 1938 Aue
215 1879 378 1954 praeclara
407 1881 499 1936 moria
520 1878 605 1936 atella
611 1921 620 1951 ,
649 1879 678 1934 in
700 1875 827 1952 quadam
848 1874 1037 1934 sollemnitate
1059 1880 1177 1933 sanctae

135 1965 193 2026 Dei
214 1965 366 2026 Genitricis
388 1963 553 2024 decantaret
573 1963 765 2038 devotissime,
786 1961 957 2021 venerabilis
976 1962 1058 2038 virgo
1079 1959 1177 2022 ulna-

135 2051 214 2128 beth,
235 2059 305 2111 tunc
324 2050 431 2111 ibidem
453 2053 597 2127 magistra,
619 2052 723 2109 mentis
745 2066 894 2110 excessum
915 2065 1017 2124 passa,
1037 2047 1075 2107 ad
1095 2045 1177 2107 illum

135 2139 323 2200 versiculum:
352 2138 434 2197 Audi
454 2155 525 2210 noe,
552 2155 625 2196 nom
648 2145 675 2197 te
701 2137 780 2212 filius
801 2135 876 2195 nibil
896 2152 1009 2210 nepotis
1030 2135 1174 2207 bonmat,

134 2227 206 2286 vidit
226 2225 384 2285 Dominam
413 2231 541 2284 nostram
569 2225 650 2283 flexis
678 2224 801 2300 genibus
827 2238 880 2299 pro
908 2221 1010 2281 eodem
1032 2227 1176 2281 conventu

134 2329 235 2389 preces
257 2312 433 2372 fundentem.
475 2311 524 2371 Ab
546 2311 595 2370 ille
616 2312 692 2370 enim
714 2310 759 2370 die
780 2326 872 2385 usque
893 2307 979 2368 hodie
1002 2318 1038 2368 ex
1060 2307 1177 2367 institu-

135 2403 213 2461 tione
238 2402 297 2459 iam
326 2398 420 2458 dictum
440 2397 593 2458 Elisabeth
620 2398 697 2457 idem
726 2403 884 2458 conventus
904 2395 943 2455 ad
964 2393 1088 2456 eundem
1107 2411 1178 2454 ver-

134 2487 269 2562 siculmu,
298 2503 365 2546 cum
386 2485 738 2561 sequentia-decantatur,
756 2487 880 2552 ‚remam
899 2489 997 2560 petere
1019 2482 1176 2544 consuevit

470 2676 705 2738 CAPITULUM
721 2675 843 2736 XXXI.
928 2711 930 2717 ,

177 2799 253 2858 liam
275 2798 451 2872 docleatae,
474 2798 690 2858 cecindillum
712 2797 903 2858 vacuatum:
934 2795 998 2854 Ora
1026 2793 1131 2870 liupo,

388 2893 493 2946 cancta
514 2885 618 2944 Maria
637 2887 803 2962 ponamin
826 2900 858 2941 oa
878 2886 966 2942 misit.

198 3006 288 3084 Apud
319 3008 523 3067 monasterium
555 3008 646 3066 sancti
676 3004 807 3065 Grisantii
839 3004 1026 3086 scholasticus
1058 3000 1175 3077 quidam

133 3093 186 3152 luit
207 3095 322 3154 nomine
336 3093 449 3168 Daniel,
471 3111 575 3170 pueros
596 3093 655 3152 illic
675 3094 817 3151 instruens
826 3087 856 3170 ³).
898 3090 977 3150 Huic
998 3087 1176 3149 consuetudo

132 3180 194 3256 fuit,
216 3181 318 3240 diebus
340 3181 458 3258 singulis
480 3180 608 3240 eiusdem
630 3180 767 3238 ecclesiae
789 3180 908 3254 criptam
928 3181 1047 3252 intrare,
1071 3182 1101 3236 et
1121 3192 1175 3236 co·

132 3284 196 3328 rem
213 3269 296 3328 altari
312 3267 393 3326 flexis
406 3267 528 3344 genibus
542 3265 719 3344 praedictam
734 3267 912 3341 sequentiam
933 3267 962 3322 in
984 3265 1045 3323 eius
1066 3263 1174 3322 honore

133 3353 295 3414 damnare.
337 3353 404 3414 Hoc
433 3371 499 3414 oum
523 3371 576 3431 per
603 3353 720 3428 aliquod
747 3359 860 3428 tempus
887 3354 1049 3426 actitasset,
1078 3356 1108 3410 et
1135 3348 1174 3409 ad

131 3441 213 3501 illum
244 3441 430 3501 versiculum:
464 3441 530 3499 Ora
565 3442 655 3516 Virpo
683 3457 738 3498 noa
774 3441 826 3498 illo
839 3499 841 3506 ,
850 3457 934 3514 pane
968 3438 1040 3496 coeli
1069 3437 1174 3512 dipnoa

132 3527 223 3604 effici,
255 3545 368 3604 semper
396 3525 541 3604 surgendo
569 3529 685 3587 veniam
712 3531 838 3602 peteret,
866 3525 912 3587 die
941 3524 1066 3600 quadam
1087 3525 1174 3584 beata

151 3713 183 3783 1)
200 3711 225 3783 C,
239 3727 307 3764 cum
324 3715 388 3776 eis,
410 3711 432 3764 D
450 3713 481 3764 in
499 3715 556 3764 eia.
576 3741 607 3754 -
626 3711 659 3780 2)
676 3710 814 3775 Sconevia,
836 3709 1002 3775 Scbbpau,
1024 3705 1173 3760 coenobium

201 3781 491 3904 ffiosutisslti'rlugrnllioeceais
508 3781 729 3851 llerbipolitanac,
753 3781 786 3832 ad
810 3778 1050 3834 luctamina-
1078 3777 1111 3846 3)
1133 3774 1172 3827 GP
