2622 4322
195 245 199 254 ·
298 257 305 287 ι
473 229 529 292 DE
550 230 816 294 ΤΕΝΤΑΤΙΟΝΕ.
842 297 847 305 ,
1105 236 1164 296 idi

431 388 664 450 CAPITULUM
689 389 865 451 LXXXIV.

205 475 253 572 De
272 515 385 590 virqim
406 512 575 586 abstinente,
598 515 646 572 cui
668 511 803 572 medelas
823 487 959 570 'amarem
982 511 1096 574 obtulit.

192 633 282 712 Virgo
305 634 446 709 quaedam
467 634 504 694 de
525 633 638 694 Nivella
659 639 736 708 nata,
758 635 876 694 domum
899 636 987 710 patris
1010 640 1040 694 et
1060 651 1166 710 paren-

123 730 169 782 tes
191 737 289 782 amore
312 721 416 780 Christi
438 723 580 802 deserens,
603 721 776 798 quibusdam
797 721 908 780 feminis
930 721 1068 797 religiosis
1089 721 1167 780 illius

120 810 289 888 provinciae
311 825 343 867 se
365 811 493 884 sociavit,
516 825 582 867 cum
596 809 701 883 quibus
724 808 759 866 de
776 825 869 883 ,opere
889 825 1027 867 manuum
1049 826 1166 868 suarum

121 898 273 971 victitans,
306 897 481 955 orationibus
511 897 680 970 ieiuniisque
716 898 840 955 vacavit.
899 894 986 953 Crrius
1015 897 1167 955 virtutibus

121 983 257 1043 diabolus
279 982 425 1057 invidens,
454 999 586 1041 anserem
614 981 650 1041 de
674 981 759 1040 domo
780 984 868 1057 patris
892 984 952 1041 eltis
974 981 1052 1057 tulit,
1083 989 1112 1041 et
1138 984 1167 1039 iu

121 1070 254 1144 triclinio,
274 1072 304 1127 in
328 1087 470 1144 quocum
493 1071 593 1128 ceteris
610 1067 722 1127 feminis
742 1069 869 1144 sedebat,
893 1068 1032 1144 deposuit,
1055 1067 1167 1128 dicens:

121 1155 198 1234 Quid
213 1164 254 1232 te,
274 1159 387 1231 misera,
408 1157 483 1215 fame
506 1155 637 1215 crucias?
666 1154 777 1231 Accipe
800 1162 830 1214 et
845 1154 995 1214 manduca.
1026 1155 1079 1214 Oui
1102 1173 1167 1215 cum

119 1245 169 1303 illa
191 1243 313 1304 diceret:
343 1242 409 1302 Non
437 1243 505 1302 licet
537 1243 606 1300 mihi
629 1259 664 1300 ex
686 1259 720 1302 eo
744 1242 910 1318 comedere,
944 1244 1011 1318 quia
1034 1243 1070 1302 de
1091 1243 1166 1302 furto

120 1337 182 1408 est3
212 1330 361 1405 rospondit
390 1328 534 1389 diabolus:
563 1329 770 1404 Nequaquam,
802 1328 836 1389 de
866 1329 951 1388 domo
973 1332 1057 1388 'enim
1078 1330 1167 1412 patris

119 1420 163 1477 tui
185 1417 240 1476 tuli
260 1415 350 1476 illurn.
393 1417 475 1476 Tunc
497 1418 593 1492 virgo:
624 1416 689 1474 Non
709 1418 817 1493 pateris
843 1434 949 1493 negare
978 1419 1046 1492 quin
1068 1418 1167 1492 rapina

85 1493 106 1530 “¹
120 1507 166 1564 sit
210 1503 293 1563 Tolle
316 1521 447 1563 anserem
468 1502 605 1578 velocius,
628 1508 656 1560 et
677 1505 795 1562 restitue
817 1504 867 1562 ubl
889 1506 1017 1579 rapuisti.
1056 1504 1167 1563 Videas

119 1591 167 1651 ille
187 1591 261 1650 nihil
283 1608 314 1650 se
331 1588 347 1671 ¹)
369 1590 522 1666 proficere,
548 1591 658 1648 feminis
679 1589 859 1664 videntibus,
881 1607 966 1649 avem
987 1590 1111 1666 levavit,
1135 1599 1164 1650 et

120 1677 281 1756 tuguriolo,
314 1676 391 1737 unde
413 1695 477 1736 eam
499 1667 649 1751 rapuerat,
678 1679 810 1736 restituit.
853 1677 1039 1740 Testatasest
1059 1678 1166 1738 ianrilia
1230 1669 1232 1676 ’

121 1765 226 1825 domus
247 1767 338 1841 patris
361 1767 429 1840 eius,
450 1781 588 1840 magnum
603 1781 634 1822 se
655 1765 728 1822 inter
742 1761 867 1839 leliquos
890 1781 1005 1823 anseres
1019 1765 1163 1824 audivisse

124 1853 258 1913 clamoris
272 1853 429 1927 strepitum,
453 1857 482 1909 et
501 1856 566 1909 oum
581 1850 742 1927 praelatum
755 1867 885 1909 anserem
907 1851 1028 1926 tolleret,
1051 1859 1079 1910 et
1102 1869 1166 1911 cum

124 1939 251 2000 eundem
272 1939 336 1998 loco
360 1955 411 1996 suo
433 1939 604 1998 restitueret.
645 1937 814 1996 Dicamtibi
829 1936 924 1996 adlrne
947 1936 1003 1996 dno
1027 1937 1166 2014 exempla,

122 2043 175 2102 per
204 2043 281 2101 quae
309 2028 382 2084 scies
410 2023 532 2100 qualiter
562 2023 692 2082 diabolus
720 2042 786 2099 eos,
816 2042 888 2099 quos
914 2042 967 2102 per
996 2025 1168 2085 desiderium

123 2116 254 2174 carnium
276 2091 435 2192 superat²‚)
458 2117 562 2172 terreat
585 2117 613 2168 et
637 2110 799 2170 confundat.

441 2259 678 2372 cAPITltLpM
697 2266 858 2327 LXXXV.

282 2391 330 2450 De
356 2407 495 2449 cmtvesso
518 2393 550 2447 ia
572 2391 690 2482 cellurio
713 2389 880 2448 comedente
900 2409 1011 2470 earnes.
1048 2458 1062 2481 ,

191 2511 357 2570 Conversus
379 2512 511 2586 quidam,
534 2513 607 2570 sicut
627 2511 726 2574 audivi
747 2529 766 2570 a
788 2510 913 2586 quodam
935 2513 996 2570 viro
1019 2512 1167 2615 religioso,

123 2601 255 2660 earnium
272 2597 410 2657 desiderio
432 2603 559 2657 tentatus
581 2605 668 2673 atque
683 2604 842 2673 superatus,
865 2616 930 2658 cum
948 2598 1010 2657 illas
1025 2602 1167 2676 requirere

122 2687 317 2761 erubesceret,
338 2687 412 2744 sicut
432 2701 487 2744 nec
508 2685 595 2759 licuit,
617 2683 663 2744 die
676 2684 802 2760 quadam
824 2691 984 2746 assaturam
1006 2687 1060 2744 sibi
1079 2704 1167 2763 prae·

122 2761 266 2849 paratam,
288 2771 434 2833 cellarrum
445 2775 563 2846 intrans,
585 2771 708 2830 comedit
697 2768 745 2851 t³).
788 2772 858 2831 Erat
879 2789 954 2830 emm
965 2772 1057 2831 oificro
1080 2772 1167 2832 celle-

123 2863 234 2938 rarius,
258 2859 343 2918 etde
366 2859 464 2918 ordine
486 2858 701 2918 Praemomtrat
689 2861 771 2918 tensi.
814 2847 1003 2936 Permissione
1025 2859 1081 2918 Dei
1103 2860 1167 2918 dia·

123 2946 227 3047 belae,
257 2948 326 3021 quia
353 2946 431 3005 aliud
459 2945 554 3004 iacere
574 2963 632 3005 non
653 2963 691 3021 po
694 2947 762 3021 tuit,
791 2946 925 3022 gulosum
950 2946 1030 3004 illum
1058 2950 1171 3021 rapuit,

125 3040 156 3094 et
183 3035 213 3092 in
243 3038 320 3092 tecto
350 3031 554 3108 campanilis
545 3051 575 3089 m
602 3031 726 3090 modum,
751 3035 914 3092 vestimenti
946 3035 1058 3108 sparsit.
1109 3031 1166 3092 Ubi

125 3137 193 3180 cum
215 3118 361 3194 haereret,
389 3119 437 3178 vel
457 3121 553 3193 potius
580 3136 599 3177 a
628 3118 743 3178 diabolo
765 3115 986 3195 sustentaretur,
1015 3121 1061 3178 cui
1084 3121 1167 3180 datus·

124 3203 253 3286 lucrati)
276 3206 314 3265 ad
336 3206 498 3264 terrendum
519 3208 623 3280 potius,
646 3223 733 3280 quam
755 3206 792 3266 ad
814 3206 1010 3281 occidendum,
1033 3207 1169 3268 clamavit

125 3292 239 3367 valide,
267 3293 384 3352 fratrum
414 3293 551 3364 auxilium
579 3293 742 3368 implorans.
785 3293 880 3368 Quem
901 3295 940 3353 ibi
962 3294 1080 3352 haerere
1104 3311 1167 3354 oer-

125 3386 237 3454 nentes,
260 3396 434 3461 causamque
455 3383 628 3456 ignorantes,
650 3382 720 3438 satis
736 3383 828 3439 mirati
843 3387 917 3456 sunt,
940 3387 968 3440 et
980 3383 1079 3438 turrim
1101 3399 1167 3440 cum

126 3468 307 3529 testinatione
329 3467 532 3540 ascendentes,
546 3467 714 3543 tegulasque
738 3468 896 3528 mordentes
905 3465 935 3548 ⁵),
968 3484 1019 3544 per
1040 3467 1167 3576 loramerr

127 3553 211 3614 illum
231 3559 416 3614 retraxenmt

151 3667 182 3736 1)
196 3667 237 3720 BG
255 3685 288 3721 se
305 3669 441 3720 nihil-
463 3669 496 3735 2)
514 3667 578 3720 tlt?
596 3678 786 3736 superet.-
806 3670 837 3738 3)
856 3667 876 3722 C
893 3669 1064 3720 cellarium
1082 3671 1170 3721 intu-

200 3737 252 3800 lit,
261 3739 470 3802 etcomedit,
489 3738 552 3790 tor
570 3738 854 3802 cellarrorntulrt
871 3747 903 3790 et
921 3738 1113 3792 comedit
1135 3740 1171 3806 t)

196 3807 220 3858 P
237 3807 358 3860 furt
376 3811 408 3878 5)
427 3807 623 3880 tegulasque
641 3809 822 3862 incidentes
838 3805 889 3860 add
906 3808 956 3862 Bc.
