2580 4316
518 287 729 351 PROLOGUS.
1111 291 1130 350 3

79 454 172 507 natae.
215 446 293 523 Quia
318 445 466 506 converti
492 447 548 520 quis
577 453 672 523 potest
704 448 826 506 exterius
856 447 919 505 sine
949 447 1130 520 contritione,

77 554 168 628 prima
188 551 345 611 distinctio
368 550 504 624 loquitur
521 549 556 609 de
575 553 767 610 conversione.
810 549 885 609 Item
907 551 1131 625 quiaeonversio

78 655 182 714 inutilis
204 658 341 714 estsine
369 655 538 714 contritione
565 658 593 714 in
621 662 772 731 peccatore
786 650 818 734 ¹),
852 653 1010 714 secundum
1036 653 1132 714 locum

76 757 179 840 tenet2)
196 759 355 819 distinctio
382 760 563 818 contritionis.
597 759 673 819 Item
695 762 762 835 quia
784 761 915 818 contritio
936 761 966 816 iu
979 761 1132 833 searescit,

74 866 126 923 nisi
151 865 363 940 subsequatur
381 863 521 922 confessio
536 861 627 943 orts2),
649 871 727 923 recte
742 866 768 922 ei
789 863 970 939 subiungitur
991 863 1131 923 distinctio

75 970 275 1029 confessionis.
325 969 410 1026 Item
433 969 497 1042 quia
518 967 654 1027 confessio
676 985 741 1026 raro
763 966 866 1026 sufficit
891 967 930 1026 ad
952 966 1130 1048 delendam⁴)

73 1077 185 1151 peceati
205 1091 347 1150 poenam
357 1069 394 1152 ⁵),
418 1071 491 1130 bene
513 1074 538 1130 ei
559 1074 739 1130 continuatur
760 1071 960 1130 satisfactionis
983 1071 1133 1148 distinctio,

75 1197 159 1253 quam
181 1181 392 1238 tentationem
417 1192 479 1234 esse
500 1177 625 1251 probavi.
669 1177 744 1235 Item
766 1178 833 1252 quia
855 1175 1009 1234 daemones
1036 1183 1133 1236 tenta-

74 1285 181 1342 tionum
204 1289 353 1341 auctores
385 1286 455 1338 sunt
482 1282 541 1339 sive
569 1283 742 1355 incentores,
771 1298 894 1356 sequens
924 1274 987 1360 dc⁸)
1018 1284 1058 1340 eis
1088 1281 1132 1339 di-

74 1391 186 1446 stinctio
211 1387 422 1462 subinngitur.
465 1383 537 1440 Item
559 1386 625 1459 quia
647 1384 813 1458 simplicitas
834 1402 972 1460 magnum
994 1392 1037 1444 est
1057 1387 1132 1444 anti-

74 1491 171 1552 dotum
201 1497 316 1551 contra
351 1473 554 1561 tentationem,
584 1489 757 1547 distinctioni
786 1488 957 1548 daemonum
991 1489 1132 1550 distinctio

72 1597 257 1655 subnectitur
282 1592 491 1668 simplicitatis.
533 1591 589 1651 Sex
610 1594 684 1650 istae
706 1592 899 1652 distinctiones
927 1596 1069 1668 pertirent
1095 1593 1132 1653 ad

71 1703 221 1775 meritum,
253 1698 395 1774 reliquae
418 1711 470 1753 sex
491 1694 527 1754 ad
547 1699 713 1771 praemium.
757 1697 798 1756 Ut
818 1703 914 1756 autem
936 1700 976 1756 sic
998 1698 1132 1756 ordinen-

72 1812 129 1881 tur,
164 1807 262 1864 etiam
294 1804 375 1860 ratio
407 1802 516 1858 numeri
544 1803 661 1876 requirit
669 1798 698 1880 ⁷).
749 1801 828 1860 Sicut
856 1805 952 1861 unitas
980 1803 1060 1862 radix
1090 1810 1133 1862 cst

73 1912 200 1969 omnium
224 1923 443 1978 numerorum,
475 1907 515 1962 ita
544 1911 572 1963 et
601 1907 748 1964 conversio
778 1908 890 1983 signum
912 1904 983 1986 est⁸)
1006 1909 1133 1965 omnium

73 2014 332 2074 iustificationum.
379 2009 495 2068 Binario
518 2012 648 2086 congruit
670 2013 815 2084 contritio,
845 2027 919 2085 quae
949 2010 1053 2085 duplex
1075 2017 1132 2084 est,

74 2119 166 2177 cordis
194 2134 253 2192 per
288 2112 441 2186 dolorem,
470 2120 499 2170 et
528 2115 651 2188 corporis
679 2131 732 2189 per
763 2114 953 2173 afflictionem.
997 2115 1133 2172 Temario

61 2221 226 2294 consessio,
251 2234 337 2292 quae
360 2214 464 2290 triplex
487 2222 547 2290 est,
569 2217 677 2291 laudis,
698 2216 779 2291 fidei,
803 2220 924 2276 criminis
933 2213 962 2297 ⁹).
1007 2217 1131 2292 Quater-

74 2327 151 2384 nario
175 2324 328 2395 tentatio,
361 2320 430 2394 quia
460 2326 579 2394 quatuor
607 2327 674 2378 sunt
704 2338 777 2396 quac
806 2339 858 2380 nos
881 2327 1007 2396 tentant,
1035 2322 1132 2397 Deus,

76 2429 219 2502 diabolus,
245 2442 322 2485 caro
347 2429 377 2482 et
398 2423 521 2482 mundus
537 2421 575 2503 ¹⁰).
619 2423 772 2499 Quinctius
795 2428 925 2502 congruit
946 2425 1076 2501 diabolo,
1099 2444 1133 2486 eo

76 2533 153 2609 quod
181 2545 334 2590 numerus
365 2529 403 2585 sit
433 2530 615 2602 apostaticus.
666 2527 800 2587 Senarius
830 2530 1048 2606 quipcrlectus
1077 2537 1134 2606 est,

76 2636 277 2712 simplicitati,
291 2648 380 2707 ‚quae
402 2637 496 2689 totum
517 2649 619 2707 corpus
640 2632 767 2691 lucidum
788 2633 880 2692 reddit
892 2630 930 2712 ¹¹).
972 2634 1007 2692 In
1028 2637 1135 2709 princi-

76 2743 128 2816 piis
150 2757 226 2800 vero
254 2737 484 2811 distinctionum,
506 2741 566 2794 tarn
588 2735 623 2794 de
643 2737 713 2812 istis,
736 2753 822 2811 quam
845 2738 880 2797 de
898 2735 926 2816 ¹²)
950 2741 1049 2797 ceteris
1061 2757 1134 2814 quae

75 2849 246 2920 sequuntur
273 2840 519 2915 distinctionibus,
550 2841 621 2899 ratio
656 2840 839 2900 ordinationis
860 2841 970 2916 plenius
992 2844 1136 2919 assignata

77 2957 129 3008 est
176 2948 262 3023 Quia
288 2943 395 3002 Christi
417 2944 615 3006 benedictione
639 2945 759 3004 collecta
779 2947 937 3023 fragmenta
968 2949 998 3004 in
1025 2953 1137 3006 tuntum

77 3045 282 3130 multiplicata
304 3054 381 3124 sunt,
404 3054 437 3106 ut
458 3049 581 3123 panibus
602 3050 719 3126 integris
739 3051 768 3108 in
790 3053 948 3125 quantitate
967 3048 995 3130 ¹³)
1019 3069 1137 3128 compa-

98 3343 130 3410 1)
147 3344 184 3393 in
203 3346 397 3408 peccatore
416 3352 457 3388 om
474 3337 546 3390 G.—
566 3337 598 3406 2)
616 3339 635 3392 G
653 3337 791 3392 obtinet.
811 3370 842 3379 -
866 3339 898 3407 3)
916 3342 981 3392 oris
999 3357 1040 3392 om
1058 3340 1085 3393 G.
1106 3372 1137 3382 —

152 3429 187 3496 4)
207 3427 232 3478 l)
253 3424 436 3476 delendum.
457 3454 487 3464 —-
508 3425 539 3491 5]
557 3425 577 3476 B
595 3427 733 3493 culpam3
751 3443 810 3479 mox
827 3427 847 3480 G
865 3417 1084 3479 continuatur‘
1102 3431 1139 3480 ei.

155 3514 239 3581 -6)
258 3512 297 3562 de
316 3527 359 3563 om
370 3511 399 3574 G,
417 3513 459 3579 qui
477 3511 552 3578 paulo
570 3522 627 3579 pest
645 3514 865 3584 coniungitur.
883 3545 915 3552 —
935 3515 999 3582 7)ss
1017 3519 1139 3567 numeri

153 3602 251 3654 ratio
268 3599 437 3668 requirit,
453 3601 545 3650 omisso
564 3601 676 3663 ctiam,
694 3599 713 3652 G
730 3604 816 3653 ratio
834 3604 957 3654 numeri
975 3603 1071 3652 etiam
1091 3617 1141 3654 er-

156 3688 274 3756 quirit.
295 3717 326 3726 -
348 3687 380 3754 8)
399 3685 420 3738 G
438 3695 486 3736 est
504 3688 635 3756 signum.
656 3716 687 3725 -
707 3677 738 3755 9]
756 3688 797 3741 ΒΟ
816 3698 847 3740 et
865 3691 1021 3740 criminis.
1042 3719 1072 3727 -
1094 3690 1142 3757 10)

157 3773 358 3838 Dmundus,
386 3788 468 3824 caro.
488 3804 519 3813 —
549 3774 596 3842 11)
615 3773 704 3826 Matth.
723 3775 817 3840 6,22.
838 3805 869 3814 -
898 3775 984 3844 12Jc
1010 3776 1041 3825 in
1067 3776 1142 3826 istis

160 3876 259 3932 quum
282 3863 323 3913 in.
345 3891 376 3900 -
398 3860 447 3928 13)
464 3862 494 3911 in
518 3863 706 3928 quantitate
730 3877 770 3912 om
789 3861 817 3914 G.
