2642 4330
154 255 215 321 348
474 249 701 318 oleumcum
731 253 864 318 SEXTA

155 397 187 442 se
207 379 311 457 legisse
334 377 369 439 de
392 378 488 454 aliquo
509 379 638 455 homine,
660 381 708 454 qui
729 385 825 438 tantae
847 378 931 438 fuerit
951 378 1026 438 circa
1045 391 1188 453 pauperes

157 468 377 543 compassionis,
408 473 505 526 tautae
537 466 744 526 misericordiae
777 483 811 524 ac
839 467 960 540 pietatis.
1009 465 1189 525 Vestimenta

156 571 210 616 sua
230 555 402 630 pauperibus
423 570 497 630 pene
518 556 578 614 sine
600 554 768 612 discretione
789 552 976 628 largiebatur,
1005 558 1120 611 etcum
1141 551 1188 610 al·

156 647 251 718 geret,
279 642 392 716 aliaque
418 643 608 715 mitterentur,
638 640 674 699 de
701 640 756 698 illis
777 640 868 698 simile
895 640 1025 698 faciebat.
1051 638 1190 713 ,Semper

156 727 285 788 habebat
311 729 341 785 in
370 728 454 787 corde
480 727 550 786 illud
571 726 741 788 salvatoris:
769 728 863 800 Date,
893 733 920 784 et
948 726 1069 784 debitur
1096 725 1188 785 101111.

158 813 330 891 Compassus
353 821 396 873 est
418 817 444 874 ei
464 813 633 874 venerabilis
648 813 787 890 plebanus
809 815 900 872 saneti
921 812 1034 886 Jacobi,
1055 811 1189 872 dominus

154 900 345 976 Everhardus‚
367 903 447 960 cidus
468 904 582 960 memini
603 903 632 959 111
646 900 824 960 distinctione
836 907 937 975 quarta
949 898 1072 975 capitulo
1092 915 1189 958 nona·

154 991 262 1066 gesimo
285 994 403 1063 octavo,
433 989 536 1062 quibus
564 994 625 1048 erat
650 989 686 1050 iu,
700 988 825 1047 Domino
855 1005 903 1046 eor
932 1005 1020 1045 unum
1042 993 1070 1045 et
1090 987 1189 1044 anima

154 1093 220 1136 una.
264 1075 337 1134 Cum
354 1072 369 1154 ¹)
391 1075 478 1134 vellet
506 1078 531 1133 11
552 1081 662 1134 vestem
688 1075 813 1149 aliquam
836 1074 917 1150 dare,
945 1080 978 1132 ut
1004 1073 1053 1132 ille
1079 1073 1187 1131 diutius
1274 1079 1277 1088 '

154 1169 289 1236 uteretur,
310 1161 392 1219 dixit:
415 1161 571 1238 Eget-obis
584 1161 659 1220 hauc
680 1169 792 1221 vestem
814 1159 1038 1220 accommodabo
1050 1157 1080 1239 ²).
1110 1157 1187 1218 No-

153 1247 299 1310 VlClUS:
321 1248 396 1306 Puto
426 1247 503 1323 quod
530 1249 652 1307 multum
678 1248 802 1308 liberalis
830 1248 914 1307 1111111
948 1249 1023 1306 01111
1043 1247 1188 1322 hospites,

154 1339 203 1412 qui
225 1339 264 1396 sle
278 1335 410 1412 profusus
423 1337 528 1395 exstitit
549 1337 625 1394 circa
638 1329 786 1411 pauperes.
814 1333 1048 1394 MONACHUS:
1071 1333 1190 1408 Quanta

153 1421 216 1482 illos
238 1424 354 1482 caritate
377 1425 540 1497 susceperit,
562 1439 684 1497 sequens
705 1424 829 1481 narratio
848 1421 1012 1480 declarabit.
1046 1420 1117 1479 Cum
1140 1419 1191 1479 die

153 1509 278 1586 quadam
310 1510 385 1567 viros
426 1508 587 1584 religiosos,
618 1527 676 1570 non
707 1509 776 1567 mihi
809 1515 920 1568 constat
951 1515 1046 1566 utrum
1084 1507 1191 1566 fuerint

153 1595 366 1671 cistercienses,
387 1596 434 1655 vel
454 1591 935 1674 Ρ11111101111111111111,1101011101)
958 1596 1135 1670 suscepisset,
1156 1601 1192 1652 et

154 1684 209 1744 cibi
230 1683 374 1760 regulares
395 1681 546 1757 deessent,
577 1685 727 1758 piscesque
747 1700 806 1741 non
827 1682 959 1756 haberet,
981 1681 1094 1740 dicebat
1114 1696 1190 1740 coco

153 1787 222 1830 suo:
244 1770 343 1830 Pisces
364 1787 422 1828 non
435 1769 583 1843 hebemus,
605 1769 737 1829 monachi
758 1769 899 1844 simplices
922 1776 988 1827 sunt
1009 1776 1037 1827 11
1052 1769 1191 1842 esuriunt,

153 1857 228 1918 vade
248 1853 320 1936 luel)
344 1859 469 1931 esicium,
490 1864 519 1915 11
541 1857 651 1916 ossibus
664 1859 769 1930 eiectis,
791 1874 856 1915 eum
877 1857 1078 1931 piperamentis
1097 1869 1190 1930 prae-

153 1962 238 2022 para,
266 1947 364 2020 sicque
393 1961 521 2020 appones
550 1950 578 2002 11
607 1943 699 2002 dices:
729 1943 875 2002 Comedite
905 1942 940 2001 de
968 1943 1045 2002 bono
1072 1942 1189 2000 rumbo.

154 2031 239 2110 Quod
261 2049 325 2092 cum
346 2031 452 2090 lactum
472 2031 586 2104 suisset,
615 2029 669 2105 illi,
702 2032 775 2089 sicut
801 2032 853 2088 viri
881 2030 949 2087 boni
979 2036 1007 2088 et
1028 2028 1191 2104 simplices,

154 2119 222 2180 boni
243 2121 288 2176 sui
309 2117 428 2194 hospitis
450 2135 484 2176 ac
507 2117 641 2192 simplicis
669 2120 748 2192 pium
777 2115 874 2175 dolum
905 2133 963 2174 nou
984 2116 1191 2190 observantes,

153 2205 223 2266 1111111
255 2208 356 2279 etiam,
394 2211 455 2262 tum
486 2211 603 2279 propter
633 2204 763 2280 regulare
795 2203 945 2276 silentium,
976 2209 1037 2260 tum
1068 2208 1191 2278 propter

59 2307 62 2314 ’
152 2293 369 2365 conscientiam,
396 2292 617 2365 interrogantes,
645 2294 777 2366 apposita
804 2307 856 2365 pro
884 2292 963 2365 pisce
992 2288 1190 2349 comederunt.

152 2378 280 2440 Scutella
300 2393 374 2454 pene
396 2383 549 2450 evaeuata,
573 2394 639 2435 eum
659 2393 732 2436 unus
755 2376 911 2436 auriculam
931 2379 1077 2452 porcinam
1098 2392 1190 2450 repe-

153 2467 244 2540 risset,
266 2471 295 2524 et
316 2466 402 2537 socio,
423 2462 537 2522 vidente
547 2463 676 2537 Decano,
698 2463 875 2538 ostendisset,
892 2463 939 2524 ille
948 2460 969 2544 ⁵)
991 2462 1096 2538 aliquid
1106 2462 1188 2521 indi-

152 2553 293 2628 gnationis
321 2549 457 2610 simulans
478 2549 584 2607 intulit:
609 2549 755 2610 Comedite
784 2567 835 2627 pro
857 2550 937 2625 Deo,
965 2550 1097 2609 monaebl
1124 2567 1189 2610 non

152 2639 257 2698 debent
284 2653 346 2696 esse
374 2641 433 2694 tam
463 2637 579 2712 curiosl3
608 2638 726 2695 rumbus
756 2641 840 2696 etiarn
867 2655 949 2696 aures
977 2637 1073 2695 habet.
1114 2636 1188 2694 Hu-

101 2788 105 2802 ,
151 2727 227 2786 mani
241 2725 352 2800 generis
365 2724 494 2782 iuimicus
507 2723 645 2798 diabolus,
663 2725 748 2783 tantis
766 2725 916 2782 virtutibus
930 2724 1068 2799 incidens,
1085 2722 1187 2782 illum-

152 2829 208 2890 que
229 2811 343 2870 turbere
364 2809 477 2884 volens,
498 2810 645 2870 visibiliter
665 2816 792 2887 tempore
814 2810 938 2886 quodam
960 2829 991 2870 se
1012 2813 1073 2870 eius
1094 2811 1187 2870 obtu-

151 2899 227 2958 tibus
250 2897 362 2972 obiecit,
385 2903 413 2956 et
433 2897 563 2962 versibus
584 2897 629 2955 his
650 2914 716 2956 eum
739 2898 895 2973 alloquens,
916 2898 1066 2973 disparuit:

240 3001 324 3062 Mors
346 2999 544 3076 exonplifieot,
566 3001 649 3076 quod
668 2997 817 3076 dereptus‘)
840 3002 925 3060 baud
945 3001 995 3060 tibi
1014 3008 1107 3060 restat

316 3089 390 3162 Vita,
411 3105 464 3146 nec
484 3088 637 3146 incolumis
659 3090 795 3164 amplius,
816 3088 948 3165 Ensfrtd,
972 3092 1035 3148 eris.

152 3193 241 3254 Vides
279 3197 387 3268 quanta
420 3193 456 3249 sit
490 3193 597 3251 versuti
625 3191 730 3252 diaboli
756 3191 895 3252 stultitia?
939 3192 973 3250 Iu
1002 3207 1060 3268 qne
1088 3193 1184 3255 virum

150 3285 281 3344 sanetum
312 3279 434 3354 putabat
455 3295 486 3337 se
507 3279 658 3354 impedire,
686 3282 715 3338 in
737 3279 791 3339 hoe
813 3280 891 3338 illum
913 3281 1063 3356 promovit.
1106 3279 1184 3338 Nam

152 3375 252 3446 postea
281 3367 356 3426 circa
381 3382 472 3424 annos
500 3367 614 3442 triginta
642 3369 726 3441 vixit,
753 3373 832 3426 tanto
854 3369 882 3425 in
905 3367 1036 3443 operibus
1057 3367 1183 3429 iustitiae

150 3455 316 3526 ferventior,
346 3459 454 3530 quanto
483 3452 670 3530 prophetatus
700 3461 743 3513 est
764 3457 848 3513 morti
868 3454 928 3513 sore
950 3455 1066 3512 vicinior
1075 3449 1103 3534 ἶ).
1145 3451 1182 3512 In

169 3623 198 3692 l)
216 3621 259 3676 Dll
276 3637 419 3691 eumque.
438 3649 470 3660 -
489 3621 520 3690 2)
539 3620 579 3676 BC
603 3637 661 3688 ego
685 3621 776 3673 vobis
803 3620 1002 3674 accommodo
1024 3620 1105 3672 banc
1129 3636 1181 3672 ve-

218 3700 306 3744 stem.
325 3721 357 3730 -
381 3691 412 3760 3)
430 3689 556 3746 luccen
574 3692 604 3742 in
623 3691 780 3758 hospitio.
800 3721 830 3732 -
856 3693 887 3760 t)
905 3690 989 3744 sebe
1007 3692 1126 3757 accipe.
1147 3719 1178 3729 -

218 3763 249 3828 5)
267 3759 325 3812 1110
344 3759 392 3812 add
410 3760 458 3816 BG.
478 3789 507 3800 -
527 3761 559 3831 6)
578 3760 598 3813 G
614 3759 749 3830 longior.
770 3791 796 3800 —
820 3761 1180 3830 7)(1101111101111111-

215 3832 324 3884 linior.
