2664 4308
455 257 511 318 Du
532 257 691 320 SANCTA
711 259 853 322 MARJA.
1136 263 1174 324 13

133 376 261 455 Abbati,
290 381 340 456 qui
360 385 430 441 tuuc
455 381 561 442 absens
583 389 644 442 erat
660 379 693 462 ι),
721 383 876 458 revelaret,
903 380 1083 459 supplicans,
1111 382 1176 444 olco

135 481 218 526 sacro
238 468 381 543 inunctus,
403 473 433 528 et
447 468 592 529 Dominiei
613 473 741 545 corporis
755 475 933 530 sacramento
948 472 1084 546 munitus,
1104 469 1177 532 hora

137 570 156 613 a
178 551 370 614 daemonibus
389 555 546 632 praediola,
566 556 621 618 sub
643 573 695 633 spe
715 559 819 618 veniae
838 559 967 634 spiritum
981 557 1135 656 cabalarit
1272 549 1275 564 '

510 745 745 808 CAPITULUM
765 747 807 807 X.

210 866 287 928 licen
308 867 344 928 de
365 865 482 928 donuae
501 869 656 942 mamam,
678 869 870 945 inhospitali
891 873 953 930 cias
974 872 1101 931 Parisiis

290 955 521 1031 aspectantibus,
543 974 618 1032 paca
640 957 676 1016 de
698 957 877 1034 confessicae
898 961 1022 1018 monuit

130 1131 134 1148 ι
201 1094 298 1157 Simile
320 1094 491 1155 beneficium
513 1097 660 1155 consecuti
692 1102 759 1154 suut
780 1095 838 1156 duo
858 1113 1001 1173 pauperes
1021 1096 1137 1156 Parisiis
1157 1115 1176 1158 a

135 1183 224 1243 beata
233 1183 361 1260 Virgine,
374 1185 449 1242 siem
462 1182 532 1241 milri
545 1183 640 1242 retulit
652 1182 825 1242 Lambertus
839 1183 997 1243 monachus
1008 1189 1113 1258 noster,
1126 1186 1184 1259 qui.

135 1270 238 1330 eodem
260 1276 388 1345 tempore
409 1269 516 1330 ibidem
537 1269 606 1329 dicit
626 1287 658 1330 se
681 1270 835 1330 studuisse.
878 1270 1009 1346 Cumque
1020 1266 1041 1349 2)
1063 1270 1176 1330 collecti

134 1357 305 1418 fuissentin
326 1356 476 1433 hospitali,
505 1355 584 1432 quod
610 1359 696 1416 situm
723 1363 767 1417 est
792 1364 859 1417 ante
888 1360 949 1416 eius
970 1361 1126 1417 oratorium
1145 1359 1175 1416 in

134 1443 288 1519 Paradiso,
318 1446 378 1503 viro
397 1443 515 1504 cuidam
535 1443 683 1520 religioso,
713 1443 841 1504 eiusdem
862 1444 1010 1520 hospitalis
1031 1447 1174 1520 ministro,

133 1533 197 1607 ipsa
217 1531 309 1608 Virgo
331 1532 551 1608 benignissima,
580 1532 625 1589 cui
648 1548 716 1591 cura
737 1538 782 1590 est
802 1531 838 1591 dc
861 1532 1007 1606 omnibus,
1036 1547 1174 1608 apparere

134 1617 253 1696 dignata
275 1624 333 1693 est,
355 1618 465 1677 dicens:
487 1618 583 1692 Bono,
604 1617 671 1677 vide
692 1624 725 1676 ut
746 1618 892 1695 diligentia
912 1636 947 1678 ac
969 1619 1100 1679 custodia
1119 1617 1174 1678 ad-

133 1704 266 1766 hibeatur
293 1705 347 1763 illis
370 1704 483 1782 duobus
504 1701 728 1783 pauperibus2),
761 1708 828 1780 quia
848 1707 878 1764 in
909 1704 1069 1780 periculoso
1097 1712 1174 1766 statu
1279 1736 1285 1752 ·

132 1798 208 1868 sunt,
230 1800 259 1852 et
281 1792 435 1852 daemones
457 1808 523 1850 cum
545 1790 636 1851 multa
653 1791 841 1851 sollicitudine
857 1791 920 1851 illos
937 1795 1083 1851 circueunt
1099 1808 1174 1867 quo-

132 1879 219 1939 modo
233 1883 274 1940 eis
287 1885 419 1939 noceant.
452 1877 539 1954 Quod
553 1895 619 1937 cum
636 1879 790 1938 indicasset
802 1878 951 1954 sacerdoti,
970 1885 998 1937 et
1010 1879 1058 1939 ille
1072 1896 1122 1938 eos
1135 1879 1174 1939 ad

131 1962 397 2045 emundationema)
427 1966 618 2025 conscientiae
650 1963 812 2025 hortaretur
843 1964 932 2025 semel
963 1983 999 2024 ac
1031 1964 1173 2041 secundo,

130 2071 185 2114 nec
206 2053 373 2130 proficeret,
402 2051 519 2112 tandem
541 2051 699 2111 subiunxit:
727 2051 839 2126 Miseri,
869 2069 923 2130 ego
944 2053 1014 2111 novi
1034 2069 1088 2114 vos
1110 2069 1174 2112 esse

130 2143 159 2200 in
188 2143 315 2217 peccatis
344 2141 535 2217 gravissimis,
563 2141 677 2215 citoque
705 2140 880 2214 moriemini,
913 2145 941 2198 et
969 2141 1022 2199 nisi
1051 2140 1173 2200 confessi

128 2228 252 2303 fueritis,
284 2226 424 2287 intrabitis
455 2226 632 2303 gehennam,
664 2229 765 2302 poenis
796 2225 988 2286 aeternalibus
1020 2225 1174 2287 cmciandi.

129 2315 175 2374 Illi
196 2333 266 2375 vero
288 2316 391 2388 territi,
414 2319 443 2374 et
464 2313 542 2389 quod
564 2314 726 2374 credibilius
756 2320 814 2389 cst,
835 2315 969 2389 precibus
991 2314 1094 2374 beatae
1116 2314 1172 2374 Dei

131 2401 283 2463 Genitricis
303 2401 462 2475 illuminati,
482 2406 603 2476 peccata
619 2419 672 2460 sua
690 2401 811 2461 confessi
833 2405 913 2476 sunt,
928 2418 1065 2477 moreque
1087 2399 1172 2461 Chri·

129 2491 222 2549 stiano
245 2488 425 2563 decedentes,
447 2487 634 2547 daemonibus
651 2487 769 2562 luctum,
789 2494 819 2547 et
839 2491 945 2547 sanctis
966 2487 1076 2566 angelis
1096 2505 1171 2564 gau-

128 2578 208 2637 dium
229 2577 357 2636 lecerunt
377 2577 406 2633 in
429 2574 518 2634 coelo.
560 2573 764 2636 NOVIGIUS:
786 2573 881 2636 Valde
894 2572 915 2655 ⁶)
938 2574 1093 2634 laetificant
1106 2575 1171 2636 ista

127 2661 365 2725 MONACHUS:
386 2661 452 2721 Non
474 2661 566 2720 solum
579 2669 747 2738 peccatores
767 2662 855 2721 fidem
876 2665 937 2722 sine
959 2664 1093 2739 operibus
1113 2661 1169 2722 ha-

127 2753 245 2827 bentes,
265 2767 317 2827 per
337 2752 446 2825 ipsam,
467 2755 500 2807 ut
520 2748 674 2824 probatum
696 2755 752 2825 est,
772 2749 981 2825 illuminantem,
1001 2753 1060 2809 imo
1082 2751 1168 2809 etiam

127 2845 279 2915 apostatae
301 2855 319 2896 a
340 2836 412 2910 fide,
434 2835 512 2912 quod
533 2838 647 2912 signum
669 2843 713 2895 est
733 2839 848 2896 maioris
869 2836 1093 2910 misericordiae,
1117 2853 1170 2912 per

128 2943 192 2985 eam
209 2925 321 2984 Christo
343 2922 569 2982 reconciliantur.
611 2921 659 2982 De
680 2923 736 2982 hoc
756 2923 847 2983 habes
864 2924 1046 2983 manifestum
1068 2939 1168 2983 exem·

126 3013 206 3088 plum
227 3015 258 3070 in
279 3010 459 3070 distinctione
479 3008 606 3069 secunda
627 3009 752 3086 capitulo
775 3010 960 3085 duodecimo,
991 3009 1028 3070 dc
1048 3012 1168 3085 iuvene,

128 3102 177 3175 qui
197 3101 278 3158 iuxta
290 3097 455 3157 Florelliam
469 3094 612 3155 Christum
627 3097 784 3174 abnegans,
797 3104 835 3157 ‚et
856 3097 970 3157 diabolo
992 3096 1168 3171 conectens,

127 3189 188 3246 eius
218 3186 350 3262 precibus
378 3186 508 3259 pervenit
529 3183 567 3242 ad
587 3182 802 3260 indulgentiam.
844 3183 1167 3244 NOVIOIUSaSimile

125 3273 230 3351 legitur
257 3270 293 3331 de
314 3270 475 3347 Theophila
502 3269 708 3330 Alexandrino.
751 3270 827 3346 Quia
852 3274 911 3332 iam
943 3288 1037 3331 sermo
1066 3267 1165 3352 satis⁶)

125 3365 286 3436 protractus
314 3365 357 3419 cst
386 3357 421 3418 de
442 3356 588 3418 beneficiis
610 3359 671 3416 eius
698 3359 774 3417 circa
794 3366 977 3434 peccatores,
1004 3374 1106 3434 precor
1134 3364 1167 3418 ut

126 3449 213 3508 etiam
227 3442 247 3528 ⁷)
269 3444 406 3522 exemplis
427 3445 497 3504 mihi
518 3442 669 3519 ostendas,
703 3448 815 3520 quantis
843 3446 890 3506 vel
901 3442 923 3528 ⁸)
953 3445 1086 3520 quattus
1115 3461 1166 3521 per

144 3634 175 3703 1)
192 3633 238 3685 dl)
256 3647 415 3699 praesens
433 3640 516 3696 erat,
533 3631 572 3685 cl‘
590 3646 749 3699 praeseus
766 3645 826 3682 uon
843 3640 965 3684 erat-
980 3632 1012 3701 2)
1030 3645 1164 3699 eumque

194 3703 287 3754 dictum
306 3717 353 3768 pro
371 3719 438 3754 curu
457 3703 547 3754 enim.
565 3701 637 3755 conl.
655 3700 709 3763 llll,
725 3701 768 3754 38.
786 3701 848 3763 Vlll,
866 3701 909 3754 54.
927 3703 970 3753 77.
989 3731 1019 3742 -
1039 3702 1071 3768 3)
1088 3716 1164 3767 peu-

193 3771 332 3840 paribus
349 3787 389 3822 om
409 3772 456 3824 BP.
477 3802 507 3811 -
526 3773 558 3838 4)
575 3771 619 3824 BR
637 3769 905 3823 emendationem.
925 3800 956 3810 —
976 3772 1008 3838 5)
1026 3770 1047 3823 D
1065 3769 1162 3823 valde

119 3889 125 3902 ‚
193 3857 291 3893 mc-
311 3840 343 3907 6)
362 3841 425 3894 ABG
443 3843 526 3893 satis
545 3856 660 3894 sermo.
674 3841 749 3908 -7)
767 3841 864 3892 etiam
882 3839 1103 3907 acca-ew?
1121 3847 1160 3890 et.
