2594 4302
455 257 510 318 or
534 255 762 320 corneum
1064 247 1126 342 ars

86 378 215 454 arripuit
259 375 313 437 (lui
340 393 463 454 persona
478 375 614 457 'magnae
645 380 822 440 reverentiae
841 380 872 438 in
885 373 903 460 ¹)
925 395 1001 454 aquo
1022 395 1127 439 eccur-

84 481 152 524 rens
181 470 268 540 atque
296 454 439 540 salutans,
466 468 520 525 ait:
554 465 612 526 Cur
633 468 674 530 sic
695 467 771 526 bone
793 465 880 526 homo
902 465 981 525 solus
1002 465 1126 540 incedis,

85 549 134 611 vel
155 551 232 610 unde
253 550 355 615 vanis?
392 551 602 628 Respondente
623 570 672 628 eo,
699 554 737 612 ab
758 551 950 628 Jerosolymis
969 555 1069 628 venio,
1098 560 1128 613 et

84 641 140 698 sic.
156 644 244 714 atque
260 641 307 710 ,sic
329 638 399 696 mihi
421 641 553 716 contigit3
585 639 632 699 ille
654 642 783 715 protinus
804 640 965 698 subiunxit:
992 638 1127 700 Ascende

85 732 116 785 et
144 725 212 785 sede
240 731 307 802 post
334 732 447 802 tergum
475 743 587 801 meum,
615 726 690 786 bene
718 729 902 802 insequcmur
929 728 1023 785 socios
1052 733 1127 785 tuos.
1203 761 1206 768 ,
1243 719 1247 730 '

85 810 175 889 Quod
203 828 269 871 cum
296 811 425 887 fecisset,
454 812 556 871 eadem
577 811 624 872 die
644 816 724 883 iuxta
744 812 1039 888 praedictam-villam
1061 829 1128 872 cum

85 897 220 974 deposuit
245 898 356 957 dicens:
379 897 537 976 cognoscis
557 901 608 959 ubi
628 899 698 958 sisi·
729 898 852 960 Dicente
872 897 929 974 illo,
950 901 1128 974 provinciam
1219 961 1226 974 ‚

84 984 204 1061 quidem
225 982 398 1065 agnoscob,
430 985 482 1044 sed
504 984 572 1060 quid
593 988 670 1045 circa
691 1003 738 1046 me
764 993 867 1064 agatur
894 988 1009 1061 ignor03
1039 1002 1127 1061 eques

85 1073 205 1133 adiecit:
228 1071 303 1147 Quia
318 1070 462 1132 Christum
477 1073 632 1148 honorasti,
648 1072 755 1133 idcirco
769 1075 875 1133 missus
889 1089 954 1131 sum
975 1079 1009 1130 ut
1028 1081 1058 1132 te
1079 1089 1127 1132 re-

85 1158 231 1219 ducerem.
274 1158 351 1218 Ecce
379 1158 481 1219 domus
508 1165 575 1235 tua,
602 1160 678 1220 vade
708 1164 737 1219 et
771 1175 872 1220 anama
899 1159 1040 1218 mirabilia
1066 1161 1128 1220 elus

86 1263 163 1323 quae
192 1247 269 1304 circa
297 1251 327 1304 te
354 1251 437 1322 gesta
465 1252 540 1305 sunt.
584 1245 676 1322 Quem
706 1263 772 1306 cum
804 1247 865 1305 noti
893 1249 954 1306 eius
975 1246 1128 1322 vidissent,

85 1333 299 1408 dixissentque,
319 1333 371 1392 ubi
391 1339 458 1392 sunt
480 1334 550 1393 socii
571 1331 636 1391 tui?
658 1331 815 1409 respondit:
845 1331 942 1392 Hodie
961 1333 1002 1391 sui
1022 1335 1052 1391 in
1072 1332 1129 1393 Je-

84 1419 226 1494 rusalem,
247 1424 277 1477 et
305 1417 480 1494 reliquerunt
508 1436 555 1479 me
576 1417 664 1500 heri³)
690 1418 813 1494 ibidem,
841 1419 1046 1494 praecedentes
1072 1437 1128 1480 mc.

74 1507 126 1572 ,Et
146 1522 205 1566 non
226 1505 407 1565 crediderunt
428 1508 462 1582 ei,
484 1505 623 1565 dicentes:
644 1507 740 1566 Senex
759 1509 814 1565 iste
836 1504 944 1564 delirat.
988 1506 1044 1582 Qui
1066 1513 1128 1566 sta·

85 1596 141 1654 tim
162 1594 322 1652 concivium
342 1593 581 1652 subsannationes
599 1592 753 1669 declinans,
774 1609 841 1658 corn
861 1595 984 1669 pecunia
1005 1609 1081 1670 quae
1102 1595 1129 1653 ei

86 1685 237 1756 supererat
258 1675 321 1758 οῖ’)
343 1682 435 1756 gratia
457 1679 588 1739 coelestis
606 1682 794 1755 convectoris,
812 1679 911 1740 limina
931 1681 1010 1740 beati
1022 1679 1129 1740 Jacobi

85 1766 223 1844 Apostoli
243 1768 359 1841 petivit,
386 1773 415 1826 et
436 1771 596 1842 antequam·
616 1768 686 1826 socii
707 1768 768 1826 eius
789 1766 928 1840 redirent,
956 1768 1017 1842 ipse
1038 1766 1129 1828 rediit

85 1853 205 1930 Duplici
224 1855 311 1930 igitur
319 1850 339 1932 ⁵)
361 1855 522 1912 testimonio
544 1851 733 1930 glorificatus,
760 1855 975 1930 peregrinorum
996 1853 1130 1914 videlicet

86 1941 168 2018 quod
188 1942 217 1998 in
238 1936 353 1999 Pascha
373 1942 403 1998 in
423 1939 587 1999 Jerusalem
609 1943 646 1999 sit
665 1939 795 2014 relictus,
817 1946 846 1999 et
868 1943 1027 1999 concivium
1050 1939 1128 2017 quod

87 2029 134 2088 die
156 2028 288 2103 sequenti
306 2029 337 2086 in
357 2026 456 2086 Elzelo
478 2029 515 2085 sit
536 2028 630 2102 visus,
655 2027 692 2086 ab
715 2028 843 2102 utrisque
864 2027 1064 2103 magnificatus
1086 2033 1131 2088 est

86 2116 241 2189 Dominus,
257 2119 337 2173 tanta
351 2112 492 2173 mirabilia
502 2109 523 2191 ⁶)
537 2113 645 2188 ubique
658 2112 847 2190 divulgantes.
873 2112 1075 2174 NOVIOIUS:
1099 2113 1140 2192 Si

89 2200 236 2263 Gerardus
251 2200 288 2260 de
303 2199 485 2275 Holenbach,
504 2202 578 2260 sicut
595 2201 761 2260 dictumest
781 2202 810 2258 in
829 2199 1008 2260 distinctione
1025 2209 1130 2277 octava

88 2287 216 2366 capitulo
239 2289 476 2365 quinquagesimo
498 2283 625 2367 nono'),
645 2286 800 2346 uanslatus
821 2288 914 2358 estin
935 2290 995 2348 ictu
1016 2295 1130 2363 tempo-

87 2380 126 2437 ris
157 2376 194 2435 ab
223 2374 307 2434 India
337 2377 366 2433 in
397 2375 575 2450 provinciam
595 2381 724 2433 nostram
745 2375 900 2434 ministerio
922 2373 1043 2451 diaboli,
1074 2373 1130 2434 Dei

86 2474 187 2525 tamen
215 2467 385 2538 praecepto,
416 2478 475 2520 non
501 2459 557 2520 hoc
577 2463 666 2519 miror
688 2459 724 2520 de
746 2460 862 2520 coelesti
887 2465 1002 2522 nuncio.
1045 2460 1132 2521 Anti-

88 2569 149 2630 qua
170 2551 275 2608 nostris
296 2548 472 2624 temporibus
493 2555 668 2607 renovantur
688 2547 834 2608 miracula
877 2547 978 2608 Helias
1000 2548 1131 2609 Tesbites

87 2656 142 2716 per
172 2633 313 2715 currum⁸)
343 2641 372 2694 et
399 2651 489 2710 equos
511 2642 610 2710 raptus
633 2642 676 2694 est
696 2637 726 2693 in
747 2634 912 2710 paradisum
924 2632 961 2715 ⁹);
994 2636 1040 2696 hic
1062 2653 1131 2696 vero

88 2742 150 2785 non
171 2724 276 2780 minus·
289 2721 457 2780 miraculose
477 2739 530 2797 per
552 2739 658 2797 equum
680 2728 709 2781 et
731 2725 856 2797 equitem
876 2725 906 2781 iu
925 2723 1036 2782 morula
1057 2729 1132 2783 tem-

89 2811 170 2888 poris
191 2813 371 2866 hansvectus
404 2814 448 2866 est
469 2807 632 2882 permulta
653 2810 747 2886 spatia
768 2811 854 2869 maris
877 2816 963 2885 atque
984 2816 1132 2870 terrarum.

90 2891 328 2956 MONACHUS:
349 2893 412 2969 Ego
434 2899 528 2952 tecum
550 2898 650 2954 sentio.
692 2894 771 2954 Audi
791 2913 868 2956 nunc
890 2895 987 2972 aliqua
1009 2895 1044 2956 de
1065 2915 1134 2973 per-

91 2984 171 3043 sonis
192 2978 299 3038 ordinis
319 2981 409 3039 nostri
428 2979 573 3039 miracula

459 3152 693 3214 CAPITULUM
721 3155 776 3217 ΠΙ.

167 3275 215 3334 Dc
235 3273 381 3346 monacho
403 3274 498 3333 idiota
519 3280 572 3352 qut
593 3280 626 3334 ivr
647 3281 756 3338 somnis
778 3282 890 3354 occepit
909 3261 1062 3338 curabam

119 3375 122 3384 ’
208 3384 211 3392 ·
515 3364 721 3438 praedicandi.

159 3481 313 3543 Relatione
341 3481 522 3560 quorundam
543 3484 695 3545 Abbatum
717 3485 823 3562 ordinis
844 3488 933 3545 nostri
955 3485 1040 3546 didici
1062 3486 1140 3562 quod
1165 3467 1168 3472 ¹

93 3571 224 3632 dicturus
256 3588 328 3630 sum.
377 3569 539 3630 Monachus
572 3571 691 3650 quidam
721 3590 773 3649 per
798 3574 945 3638 ¹visionem
973 3580 1142 3633 nocturnam

114 3688 146 3758 1)
165 3685 206 3739 Ol'
229 3687 277 3740 illi
301 3691 339 3741 in.
366 3719 396 3728 -
422 3689 454 3756 2)
473 3687 513 3740 ΟΡ
537 3703 711 3757 cognosco.
732 3719 762 3732 -
782 3690 814 3755 3)
840 3690 913 3741 heri
931 3705 973 3741 orn
992 3688 1039 3742 ΟΡ.
1060 3717 1090 3728 -
1110 3690 1146 3758 4)

167 3757 233 3809 thl
252 3767 291 3809 et.
312 3787 342 3798 -
363 3761 395 3823 5)
414 3756 476 3810 GDl'
500 3773 588 3828 ergo.
609 3787 640 3798 -
659 3759 691 3822 6)
710 3757 749 3812 Ol’
771 3759 938 3810 miracula.
958 3789 988 3800 -
1008 3760 1040 3827 7)
1058 3758 1144 3816 ABE?

167 3835 293 3880 octavo.
314 3856 344 3867 -
364 3831 396 3896 8)
415 3825 456 3880 ΟΡ
474 3843 602 3882 currus.
624 3857 651 3870 -
675 3828 708 3896 9)
726 3827 787 3898 lleg.
806 3828 849 3892 lll,
865 3828 891 3894 2,
911 3829 952 3882 ll.
