<?xml version="1.0" encoding="UTF-8"?>
<!DOCTYPE html PUBLIC "-//W3C//DTD XHTML 1.0 Transitional//EN"
    "http://www.w3.org/TR/xhtml1/DTD/xhtml1-transitional.dtd">
<html xmlns="http://www.w3.org/1999/xhtml" xml:lang="en" lang="en">
 <head>
  <title>
</title>
<meta http-equiv="Content-Type" content="text/html;charset=utf-8" />
  <meta name='ocr-system' content='tesseract 3.04.00' />
  <meta name='ocr-capabilities' content='ocr_page ocr_carea ocr_par ocr_line ocrx_word'/>
</head>
<body>
  <div class='ocr_page' id='page_1' title='image "./caesariiheister05stragoog/caesariiheister05stragoog_0289.png"; bbox 0 0 2622 4322; ppageno 0'>
   <div class='ocr_carea' id='block_1_1' title="bbox 148 265 862 346">
    <p class='ocr_par' dir='ltr' id='par_1_1' title="bbox 148 265 862 346">
     <span class='ocr_line' id='line_1_1' title="bbox 148 265 862 346; baseline -0.007 -16"><span class='ocrx_word' id='word_1_1' title='bbox 148 272 210 346; x_wconf 75' lang='lat'><strong>2⁷4</strong></span> <span class='ocrx_word' id='word_1_2' title='bbox 461 265 688 330; x_wconf 83' lang='lat' dir='ltr'><strong>nrsrmcmo</strong></span> <span class='ocrx_word' id='word_1_3' title='bbox 711 265 862 344; x_wconf 75' lang='lat' dir='ltr'><strong>summ</strong></span> 
     </span>
    </p>
   </div>
   <div class='ocr_carea' id='block_1_2' title="bbox 132 389 1303 1854">
    <p class='ocr_par' dir='ltr' id='par_1_2' title="bbox 132 389 1303 1854">
     <span class='ocr_line' id='line_1_2' title="bbox 148 389 1188 467; baseline -0.003 -18"><span class='ocrx_word' id='word_1_4' title='bbox 148 391 198 451; x_wconf 84' lang='lat' dir='ltr'><strong>illa</strong></span> <span class='ocrx_word' id='word_1_5' title='bbox 218 391 290 450; x_wconf 88' lang='lat' dir='ltr'><strong>hora</strong></span> <span class='ocrx_word' id='word_1_6' title='bbox 310 393 438 466; x_wconf 69' lang='lat' dir='ltr'><strong>tarutio,</strong></span> <span class='ocrx_word' id='word_1_7' title='bbox 460 408 547 467; x_wconf 92' lang='lat' dir='ltr'><strong>quam</strong></span> <span class='ocrx_word' id='word_1_8' title='bbox 569 392 647 449; x_wconf 89' lang='lat' dir='ltr'><strong>visus</strong></span> <span class='ocrx_word' id='word_1_9' title='bbox 668 392 800 449; x_wconf 87' lang='lat' dir='ltr'><strong>incautus</strong></span> <span class='ocrx_word' id='word_1_10' title='bbox 821 391 851 447; x_wconf 92' lang='lat' dir='ltr'><strong>in</strong></span> <span class='ocrx_word' id='word_1_11' title='bbox 872 389 980 464; x_wconf 83' lang='lat' dir='ltr'><strong>virgine</strong></span> <span class='ocrx_word' id='word_1_12' title='bbox 1003 389 1188 463; x_wconf 79' lang='lat' dir='ltr'><strong>excitaverat,</strong></span> 
     </span>
     <span class='ocr_line' id='line_1_3' title="bbox 151 473 1202 552; baseline -0.003 -14"><span class='ocrx_word' id='word_1_13' title='bbox 151 479 323 552; x_wconf 87' lang='lat' dir='ltr'><strong>conquievit.</strong></span> <span class='ocrx_word' id='word_1_14' title='bbox 366 477 448 536; x_wconf 89' lang='lat' dir='ltr'><strong>Haec</strong></span> <span class='ocrx_word' id='word_1_15' title='bbox 478 477 599 552; x_wconf 85' lang='lat' dir='ltr'><strong>exempli</strong></span> <span class='ocrx_word' id='word_1_16' title='bbox 622 494 709 536; x_wconf 89' lang='lat' dir='ltr'><strong>causa</strong></span> <span class='ocrx_word' id='word_1_17' title='bbox 738 476 773 535; x_wconf 91' lang='lat' dir='ltr'><strong>de</strong></span> <span class='ocrx_word' id='word_1_18' title='bbox 804 477 959 535; x_wconf 83' lang='lat' dir='ltr'><strong>tentatione</strong></span> <span class='ocrx_word' id='word_1_19' title='bbox 980 473 1107 534; x_wconf 86' lang='lat' dir='ltr'><strong>luxuriae</strong></span> <span class='ocrx_word' id='word_1_20' title='bbox 1129 477 1202 534; x_wconf 84' lang='lat' dir='ltr'><strong>sint·</strong></span> 
     </span>
     <span class='ocr_line' id='line_1_4' title="bbox 151 561 1187 640; baseline -0.003 -16"><span class='ocrx_word' id='word_1_21' title='bbox 151 565 236 626; x_wconf 85' lang='lat' dir='ltr'><strong>dicta.</strong></span> <span class='ocrx_word' id='word_1_22' title='bbox 277 561 478 624; x_wconf 80' lang='lat' dir='ltr'><strong>Novlclus:</strong></span> <span class='ocrx_word' id='word_1_23' title='bbox 501 563 612 640; x_wconf 82' lang='lat' dir='ltr'><strong>Quibus</strong></span> <span class='ocrx_word' id='word_1_24' title='bbox 626 566 712 622; x_wconf 89' lang='lat' dir='ltr'><strong>armis</strong></span> <span class='ocrx_word' id='word_1_25' title='bbox 733 562 921 622; x_wconf 85' lang='lat' dir='ltr'><strong>resistendum</strong></span> <span class='ocrx_word' id='word_1_26' title='bbox 943 568 987 621; x_wconf 89' lang='lat' dir='ltr'><strong>est</strong></span> <span class='ocrx_word' id='word_1_27' title='bbox 1007 561 1051 621; x_wconf 94' lang='lat' dir='ltr'><strong>lus</strong></span> <span class='ocrx_word' id='word_1_28' title='bbox 1072 569 1187 638; x_wconf 86' lang='lat' dir='ltr'><strong>septem</strong></span> 
     </span>
     <span class='ocr_line' id='line_1_5' title="bbox 151 647 1186 730; baseline -0.003 -21"><span class='ocrx_word' id='word_1_29' title='bbox 151 653 242 725; x_wconf 86' lang='lat' dir='ltr'><strong>vitiis,</strong></span> <span class='ocrx_word' id='word_1_30' title='bbox 275 650 311 710; x_wconf 90' lang='lat' dir='ltr'><strong>de</strong></span> <span class='ocrx_word' id='word_1_31' title='bbox 324 647 340 730; x_wconf 84' lang='lat'><strong>¹)</strong></span> <span class='ocrx_word' id='word_1_32' title='bbox 376 651 479 726; x_wconf 89' lang='lat' dir='ltr'><strong>qulbus</strong></span> <span class='ocrx_word' id='word_1_33' title='bbox 512 654 569 709; x_wconf 86' lang='lat' dir='ltr'><strong>iam</strong></span> <span class='ocrx_word' id='word_1_34' title='bbox 601 667 695 709; x_wconf 89' lang='lat' dir='ltr'><strong>sermo</strong></span> <span class='ocrx_word' id='word_1_35' title='bbox 727 652 756 708; x_wconf 91' lang='lat' dir='ltr'><strong>in</strong></span> <span class='ocrx_word' id='word_1_36' title='bbox 788 650 906 727; x_wconf 83' lang='lat' dir='ltr'><strong>longum</strong></span> <span class='ocrx_word' id='word_1_37' title='bbox 935 655 1095 724; x_wconf 89' lang='lat' dir='ltr'><strong>protractus</strong></span> <span class='ocrx_word' id='word_1_38' title='bbox 1117 647 1186 708; x_wconf 79' lang='lat' dir='ltr'><strong>est?</strong></span> 
     </span>
     <span class='ocr_line' id='line_1_6' title="bbox 151 734 1188 814; baseline -0.002 -18"><span class='ocrx_word' id='word_1_39' title='bbox 151 736 387 798; x_wconf 81' lang='lat' dir='ltr'><strong>MONAOHUS:</strong></span> <span class='ocrx_word' id='word_1_40' title='bbox 420 738 583 797; x_wconf 83' lang='lat' dir='ltr'><strong>Virtutibus</strong></span> <span class='ocrx_word' id='word_1_41' title='bbox 612 740 653 796; x_wconf 88' lang='lat' dir='ltr'><strong>eis</strong></span> <span class='ocrx_word' id='word_1_42' title='bbox 682 739 828 814; x_wconf 88' lang='lat' dir='ltr'><strong>oppositis.</strong></span> <span class='ocrx_word' id='word_1_43' title='bbox 876 734 1077 795; x_wconf 81' lang='lat' dir='ltr'>NOVICIUS:</span> <span class='ocrx_word' id='word_1_44' title='bbox 1108 735 1188 812; x_wconf 84' lang='lat' dir='ltr'><strong>Quid</strong></span> 
     </span>
     <span class='ocr_line' id='line_1_7' title="bbox 152 822 1191 884; baseline -0.002 0"><span class='ocrx_word' id='word_1_45' title='bbox 152 827 348 884; x_wconf 89' lang='lat' dir='ltr'><strong>suutvirtutes</strong></span> <span class='ocrx_word' id='word_1_46' title='bbox 368 824 417 884; x_wconf 88' lang='lat' dir='ltr'><strong>vel</strong></span> <span class='ocrx_word' id='word_1_47' title='bbox 436 824 513 884; x_wconf 92' lang='lat' dir='ltr'><strong>unde</strong></span> <span class='ocrx_word' id='word_1_48' title='bbox 535 823 685 883; x_wconf 70' lang='lat' dir='ltr'><strong>dicuntur?</strong></span> <span class='ocrx_word' id='word_1_49' title='bbox 712 822 947 884; x_wconf 85' lang='lat' dir='ltr'><strong>MONACHUS:</strong></span> <span class='ocrx_word' id='word_1_50' title='bbox 968 823 1096 882; x_wconf 84' lang='lat' dir='ltr'><strong>Virtutes</strong></span> <span class='ocrx_word' id='word_1_51' title='bbox 1118 829 1191 882; x_wconf 88' lang='lat' dir='ltr'><strong>sunt</strong></span> 
     </span>
     <span class='ocr_line' id='line_1_8' title="bbox 152 903 1303 988; baseline -0.005 -18"><span class='ocrx_word' id='word_1_52' title='bbox 152 912 302 988; x_wconf 84' lang='lat' dir='ltr'><strong>qualitates</strong></span> <span class='ocrx_word' id='word_1_53' title='bbox 323 903 440 985; x_wconf 87' lang='lat' dir='ltr'><strong>mentis,</strong></span> <span class='ocrx_word' id='word_1_54' title='bbox 468 911 571 986; x_wconf 89' lang='lat' dir='ltr'><strong>quibus</strong></span> <span class='ocrx_word' id='word_1_55' title='bbox 593 918 669 970; x_wconf 89' lang='lat' dir='ltr'><strong>recte</strong></span> <span class='ocrx_word' id='word_1_56' title='bbox 691 913 803 969; x_wconf 86' lang='lat' dir='ltr'><strong>vivitur.</strong></span> <span class='ocrx_word' id='word_1_57' title='bbox 846 910 987 970; x_wconf 81' lang='lat' dir='ltr'><strong>Dicuntur</strong></span> <span class='ocrx_word' id='word_1_58' title='bbox 1007 905 1104 968; x_wconf 83' lang='lat' dir='ltr'><strong>aritem</strong></span> <span class='ocrx_word' id='word_1_59' title='bbox 1124 911 1192 969; x_wconf 88' lang='lat' dir='ltr'><strong>vir-</strong></span> <span class='ocrx_word' id='word_1_60' title='bbox 1301 959 1303 964; x_wconf 90' lang='lat'><em>.</em></span> 
     </span>
     <span class='ocr_line' id='line_1_9' title="bbox 152 997 1192 1076; baseline -0.003 -19"><span class='ocrx_word' id='word_1_61' title='bbox 152 1006 241 1075; x_wconf 88' lang='lat' dir='ltr'><strong>tutes,</strong></span> <span class='ocrx_word' id='word_1_62' title='bbox 269 1000 351 1076; x_wconf 87' lang='lat' dir='ltr'><strong>quasi</strong></span> <span class='ocrx_word' id='word_1_63' title='bbox 379 1004 477 1058; x_wconf 87' lang='lat' dir='ltr'><strong>contra</strong></span> <span class='ocrx_word' id='word_1_64' title='bbox 498 999 568 1056; x_wconf 89' lang='lat' dir='ltr'><strong>vitia</strong></span> <span class='ocrx_word' id='word_1_65' title='bbox 588 1004 706 1056; x_wconf 88' lang='lat' dir='ltr'><strong>stantes.</strong></span> <span class='ocrx_word' id='word_1_66' title='bbox 749 997 831 1056; x_wconf 84' lang='lat' dir='ltr'><strong>Stare</strong></span> <span class='ocrx_word' id='word_1_67' title='bbox 858 997 943 1056; x_wconf 90' lang='lat' dir='ltr'><strong>debet</strong></span> <span class='ocrx_word' id='word_1_68' title='bbox 964 1002 1063 1056; x_wconf 87' lang='lat' dir='ltr'><strong>contra</strong></span> <span class='ocrx_word' id='word_1_69' title='bbox 1084 1013 1192 1072; x_wconf 87' lang='lat' dir='ltr'><strong>super-</strong></span> 
     </span>
     <span class='ocr_line' id='line_1_10' title="bbox 152 1083 1193 1160; baseline -0.001 -15"><span class='ocrx_word' id='word_1_70' title='bbox 152 1087 229 1146; x_wconf 87' lang='lat' dir='ltr'><strong>biam</strong></span> <span class='ocrx_word' id='word_1_71' title='bbox 250 1085 409 1160; x_wconf 90' lang='lat' dir='ltr'><strong>humllitas‚</strong></span> <span class='ocrx_word' id='word_1_72' title='bbox 432 1091 530 1143; x_wconf 86' lang='lat' dir='ltr'><strong>contra</strong></span> <span class='ocrx_word' id='word_1_73' title='bbox 551 1086 623 1142; x_wconf 93' lang='lat' dir='ltr'><strong>iram</strong></span> <span class='ocrx_word' id='word_1_74' title='bbox 644 1084 764 1158; x_wconf 74' lang='lat' dir='ltr'><strong>lenitas,</strong></span> <span class='ocrx_word' id='word_1_75' title='bbox 792 1090 891 1143; x_wconf 91' lang='lat' dir='ltr'><strong>contra</strong></span> <span class='ocrx_word' id='word_1_76' title='bbox 915 1083 1193 1158; x_wconf 62' lang='lat' dir='ltr'><strong>invidiamfcaritas,</strong></span> 
     </span>
     <span class='ocr_line' id='line_1_11' title="bbox 152 1168 1192 1246; baseline -0.002 -14"><span class='ocrx_word' id='word_1_77' title='bbox 152 1179 250 1232; x_wconf 90' lang='lat' dir='ltr'><strong>contra</strong></span> <span class='ocrx_word' id='word_1_78' title='bbox 271 1174 412 1232; x_wconf 81' lang='lat' dir='ltr'><strong>tristitiam</strong></span> <span class='ocrx_word' id='word_1_79' title='bbox 433 1169 565 1246; x_wconf 88' lang='lat' dir='ltr'><strong>spiritalis</strong></span> <span class='ocrx_word' id='word_1_80' title='bbox 581 1169 749 1244; x_wconf 88' lang='lat' dir='ltr'><strong>iocunditas,</strong></span> <span class='ocrx_word' id='word_1_81' title='bbox 771 1177 870 1229; x_wconf 89' lang='lat' dir='ltr'><strong>contra</strong></span> <span class='ocrx_word' id='word_1_82' title='bbox 891 1173 1040 1230; x_wconf 88' lang='lat' dir='ltr'><strong>avaritiam</strong></span> <span class='ocrx_word' id='word_1_83' title='bbox 1060 1168 1192 1246; x_wconf 76' lang='lat' dir='ltr'><strong>largitae,</strong></span> 
     </span>
     <span class='ocr_line' id='line_1_12' title="bbox 153 1256 1282 1336; baseline 0.001 -17"><span class='ocrx_word' id='word_1_84' title='bbox 153 1267 251 1319; x_wconf 88' lang='lat' dir='ltr'><strong>contra</strong></span> <span class='ocrx_word' id='word_1_85' title='bbox 267 1259 366 1336; x_wconf 82' lang='lat' dir='ltr'><strong>gulam</strong></span> <span class='ocrx_word' id='word_1_86' title='bbox 387 1264 473 1333; x_wconf 89' lang='lat' dir='ltr'><strong>potus</strong></span> <span class='ocrx_word' id='word_1_87' title='bbox 495 1257 608 1333; x_wconf 85' lang='lat' dir='ltr'><strong>cibique</strong></span> <span class='ocrx_word' id='word_1_88' title='bbox 629 1259 762 1332; x_wconf 85' lang='lat' dir='ltr'><strong>parcitas,</strong></span> <span class='ocrx_word' id='word_1_89' title='bbox 784 1266 882 1316; x_wconf 90' lang='lat' dir='ltr'><strong>contra</strong></span> <span class='ocrx_word' id='word_1_90' title='bbox 903 1256 1043 1315; x_wconf 87' lang='lat' dir='ltr'><strong>luxuriam</strong></span> <span class='ocrx_word' id='word_1_91' title='bbox 1061 1259 1193 1316; x_wconf 88' lang='lat' dir='ltr'><strong>castitas.</strong></span> <span class='ocrx_word' id='word_1_92' title='bbox 1278 1315 1282 1320; x_wconf 92' lang='lat'>.</span> 
     </span>
     <span class='ocr_line' id='line_1_13' title="bbox 132 1344 1193 1423; baseline -0.001 -19"><span class='ocrx_word' id='word_1_93' title='bbox 132 1346 237 1423; x_wconf 83' lang='lat' dir='ltr'><strong>&#39;Quod</strong></span> <span class='ocrx_word' id='word_1_94' title='bbox 266 1348 290 1405; x_wconf 94' lang='lat' dir='ltr'><strong>si</strong></span> <span class='ocrx_word' id='word_1_95' title='bbox 317 1348 348 1403; x_wconf 91' lang='lat' dir='ltr'><strong>in</strong></span> <span class='ocrx_word' id='word_1_96' title='bbox 378 1362 476 1421; x_wconf 82' lang='lat' dir='ltr'><strong>pugna</strong></span> <span class='ocrx_word' id='word_1_97' title='bbox 497 1347 685 1403; x_wconf 85' lang='lat' dir='ltr'><strong>tentationum</strong></span> <span class='ocrx_word' id='word_1_98' title='bbox 706 1346 825 1403; x_wconf 89' lang='lat' dir='ltr'><strong>virtutes</strong></span> <span class='ocrx_word' id='word_1_99' title='bbox 846 1346 921 1402; x_wconf 88' lang='lat' dir='ltr'><strong>vitiis</strong></span> <span class='ocrx_word' id='word_1_100' title='bbox 943 1344 1060 1402; x_wconf 87' lang='lat' dir='ltr'><strong>effectae</strong></span> <span class='ocrx_word' id='word_1_101' title='bbox 1081 1344 1193 1403; x_wconf 88' lang='lat' dir='ltr'><strong>luerint</strong></span> 
     </span>
     <span class='ocr_line' id='line_1_14' title="bbox 151 1431 1195 1508; baseline -0.002 -16"><span class='ocrx_word' id='word_1_102' title='bbox 151 1435 325 1508; x_wconf 89' lang='lat' dir='ltr'><strong>superiores,</strong></span> <span class='ocrx_word' id='word_1_103' title='bbox 346 1433 495 1490; x_wconf 89' lang='lat' dir='ltr'><strong>victoriam</strong></span> <span class='ocrx_word' id='word_1_104' title='bbox 516 1433 655 1505; x_wconf 86' lang='lat' dir='ltr'><strong>meritum,</strong></span> <span class='ocrx_word' id='word_1_105' title='bbox 677 1436 706 1490; x_wconf 94' lang='lat' dir='ltr'><strong>et</strong></span> <span class='ocrx_word' id='word_1_106' title='bbox 727 1433 858 1490; x_wconf 86' lang='lat' dir='ltr'><strong>meritum</strong></span> <span class='ocrx_word' id='word_1_107' title='bbox 879 1433 1039 1505; x_wconf 87' lang='lat' dir='ltr'><strong>praemium</strong></span> <span class='ocrx_word' id='word_1_108' title='bbox 1060 1431 1195 1505; x_wconf 90' lang='lat' dir='ltr'><strong>sequitur</strong></span> 
     </span>
     <span class='ocr_line' id='line_1_15' title="bbox 151 1516 1193 1594; baseline -0.001 -16"><span class='ocrx_word' id='word_1_109' title='bbox 151 1526 307 1580; x_wconf 86' lang='lat' dir='ltr'><strong>aeternum.</strong></span> <span class='ocrx_word' id='word_1_110' title='bbox 350 1517 435 1594; x_wconf 82' lang='lat' dir='ltr'><strong>Quod</strong></span> <span class='ocrx_word' id='word_1_111' title='bbox 462 1520 656 1593; x_wconf 88' lang='lat' dir='ltr'><strong>perseveranti</strong></span> <span class='ocrx_word' id='word_1_112' title='bbox 684 1534 715 1576; x_wconf 92' lang='lat' dir='ltr'><strong>se</strong></span> <span class='ocrx_word' id='word_1_113' title='bbox 738 1516 871 1577; x_wconf 84' lang='lat' dir='ltr'><strong>daturum</strong></span> <span class='ocrx_word' id='word_1_114' title='bbox 892 1517 1034 1592; x_wconf 90' lang='lat' dir='ltr'><strong>pollicitus</strong></span> <span class='ocrx_word' id='word_1_115' title='bbox 1057 1523 1100 1576; x_wconf 91' lang='lat' dir='ltr'><strong>est</strong></span> <span class='ocrx_word' id='word_1_116' title='bbox 1121 1517 1193 1577; x_wconf 92' lang='lat' dir='ltr'><strong>Do-</strong></span> 
     </span>
     <span class='ocr_line' id='line_1_16' title="bbox 152 1603 1193 1679; baseline -0.002 -13"><span class='ocrx_word' id='word_1_117' title='bbox 152 1609 245 1666; x_wconf 91' lang='lat' dir='ltr'><strong>minus</strong></span> <span class='ocrx_word' id='word_1_118' title='bbox 267 1612 364 1664; x_wconf 88' lang='lat' dir='ltr'><strong>noster</strong></span> <span class='ocrx_word' id='word_1_119' title='bbox 383 1604 471 1665; x_wconf 91' lang='lat' dir='ltr'><strong>Jcsus</strong></span> <span class='ocrx_word' id='word_1_120' title='bbox 494 1603 637 1679; x_wconf 83' lang='lat' dir='ltr'><strong>Christus,</strong></span> <span class='ocrx_word' id='word_1_121' title='bbox 666 1606 715 1678; x_wconf 87' lang='lat' dir='ltr'><strong>qui</strong></span> <span class='ocrx_word' id='word_1_122' title='bbox 736 1611 780 1663; x_wconf 92' lang='lat' dir='ltr'><strong>est</strong></span> <span class='ocrx_word' id='word_1_123' title='bbox 801 1606 848 1662; x_wconf 86' lang='lat' dir='ltr'><strong>via</strong></span> <span class='ocrx_word' id='word_1_124' title='bbox 868 1606 898 1662; x_wconf 91' lang='lat' dir='ltr'><strong>in</strong></span> <span class='ocrx_word' id='word_1_125' title='bbox 920 1603 1059 1679; x_wconf 85' lang='lat' dir='ltr'><strong>exemplo,</strong></span> <span class='ocrx_word' id='word_1_126' title='bbox 1082 1606 1193 1664; x_wconf 89' lang='lat' dir='ltr'><strong>veritas</strong></span> 
     </span>
     <span class='ocr_line' id='line_1_17' title="bbox 152 1689 1193 1768; baseline 0.001 -18"><span class='ocrx_word' id='word_1_127' title='bbox 152 1696 180 1752; x_wconf 92' lang='lat' dir='ltr'><strong>ln</strong></span> <span class='ocrx_word' id='word_1_128' title='bbox 209 1695 366 1768; x_wconf 84' lang='lat' dir='ltr'><strong>promisso,</strong></span> <span class='ocrx_word' id='word_1_129' title='bbox 395 1694 457 1751; x_wconf 81' lang='lat' dir='ltr'><strong>vita</strong></span> <span class='ocrx_word' id='word_1_130' title='bbox 484 1693 514 1750; x_wconf 92' lang='lat' dir='ltr'><strong>in</strong></span> <span class='ocrx_word' id='word_1_131' title='bbox 541 1694 678 1766; x_wconf 86' lang='lat' dir='ltr'><strong>praemio.</strong></span> <span class='ocrx_word' id='word_1_132' title='bbox 732 1691 792 1765; x_wconf 89' lang='lat' dir='ltr'><strong>Ipsi</strong></span> <span class='ocrx_word' id='word_1_133' title='bbox 819 1708 884 1750; x_wconf 90' lang='lat' dir='ltr'><strong>cum</strong></span> <span class='ocrx_word' id='word_1_134' title='bbox 913 1691 999 1750; x_wconf 91' lang='lat' dir='ltr'><strong>Patre</strong></span> <span class='ocrx_word' id='word_1_135' title='bbox 1031 1697 1060 1750; x_wconf 93' lang='lat' dir='ltr'><strong>et</strong></span> <span class='ocrx_word' id='word_1_136' title='bbox 1080 1689 1193 1766; x_wconf 85' lang='lat' dir='ltr'><strong>Spiritu</strong></span> 
     </span>
     <span class='ocr_line' id='line_1_18' title="bbox 152 1777 1127 1854; baseline -0.002 -16"><span class='ocrx_word' id='word_1_137' title='bbox 152 1788 251 1840; x_wconf 86' lang='lat' dir='ltr'><strong>sancto</strong></span> <span class='ocrx_word' id='word_1_138' title='bbox 273 1779 364 1846; x_wconf 87' lang='lat' dir='ltr'><strong>honor</strong></span> <span class='ocrx_word' id='word_1_139' title='bbox 385 1787 414 1838; x_wconf 93' lang='lat' dir='ltr'><strong>et</strong></span> <span class='ocrx_word' id='word_1_140' title='bbox 434 1780 584 1854; x_wconf 87' lang='lat' dir='ltr'><strong>imperium</strong></span> <span class='ocrx_word' id='word_1_141' title='bbox 605 1778 771 1837; x_wconf 90' lang='lat' dir='ltr'><strong>insaecula</strong></span> <span class='ocrx_word' id='word_1_142' title='bbox 792 1777 979 1837; x_wconf 86' lang='lat' dir='ltr'><strong>saeculorum.</strong></span> <span class='ocrx_word' id='word_1_143' title='bbox 1023 1777 1127 1837; x_wconf 86' lang='lat' dir='ltr'><strong>Amen.</strong></span> 
     </span>
    </p>
   </div>
   <div class='ocr_carea' id='block_1_3' title="bbox 319 1961 898 2016">
    <p class='ocr_par' dir='ltr' id='par_1_3' title="bbox 319 1961 898 2016">
     <span class='ocr_line' id='line_1_19' title="bbox 319 1961 898 2016; baseline -0.003 1"><span class='ocrx_word' id='word_1_144' title='bbox 319 1967 323 1983; x_wconf 91' lang='lat'><strong>·</strong></span> <span class='ocrx_word' id='word_1_145' title='bbox 438 1961 898 2016; x_wconf 38' lang='lat' dir='ltr'><em>w</em></span> 
     </span>
    </p>
   </div>
   <div class='ocr_carea' id='block_1_4' title="bbox 324 2048 331 2082">
    <p class='ocr_par' dir='ltr' id='par_1_4' title="bbox 324 2048 331 2082">
     <span class='ocr_line' id='line_1_20' title="bbox 324 2048 331 2082; baseline 0 0"><span class='ocrx_word' id='word_1_146' title='bbox 324 2048 331 2082; x_wconf 85' lang='lat' dir='ltr'><strong>l</strong></span> 
     </span>
    </p>
   </div>
   <div class='ocr_carea' id='block_1_5' title="bbox 214 2143 1131 2434">
    <p class='ocr_par' dir='ltr' id='par_1_5' title="bbox 214 2143 1131 2434">
     <span class='ocr_line' id='line_1_21' title="bbox 432 2143 904 2280; baseline 0 -8"><span class='ocrx_word' id='word_1_147' title='bbox 432 2174 699 2272; x_wconf 84' lang='lat' dir='ltr'><strong>ursrrucuo</strong></span> <span class='ocrx_word' id='word_1_148' title='bbox 732 2143 904 2280; x_wconf 79' lang='lat' dir='ltr'><strong>obruit</strong></span> 
     </span>
     <span class='ocr_line' id='line_1_22' title="bbox 214 2349 1131 2434; baseline -0.001 -1"><span class='ocrx_word' id='word_1_149' title='bbox 214 2351 342 2433; x_wconf 77' lang='lat' dir='ltr'><strong>DE</strong></span> <span class='ocrx_word' id='word_1_150' title='bbox 409 2349 1131 2434; x_wconf 63' lang='lat' dir='ltr'><strong>mummomlltus</strong></span> 
     </span>
    </p>
   </div>
   <div class='ocr_carea' id='block_1_6' title="bbox 480 2503 849 2553">
    <p class='ocr_par' dir='ltr' id='par_1_6' title="bbox 480 2503 849 2553">
     <span class='ocr_line' id='line_1_23' title="bbox 480 2503 849 2553; baseline -0.008 -16"><span class='ocrx_word' id='word_1_151' title='bbox 480 2503 849 2553; x_wconf 51' lang='grc' dir='ltr'>ψ</span> 
     </span>
    </p>
   </div>
   <div class='ocr_carea' id='block_1_7' title="bbox 531 2611 898 2724">
    <p class='ocr_par' dir='ltr' id='par_1_7' title="bbox 531 2611 898 2724">
     <span class='ocr_line' id='line_1_24' title="bbox 531 2611 898 2724; baseline -0.003 -1"><span class='ocrx_word' id='word_1_152' title='bbox 531 2661 764 2724; x_wconf 79' lang='lat' dir='ltr'><strong>crrruuumu</strong></span> <span class='ocrx_word' id='word_1_153' title='bbox 783 2662 807 2722; x_wconf 90' lang='lat'><strong>1.</strong></span> <span class='ocrx_word' id='word_1_154' title='bbox 864 2611 865 2616; x_wconf 8' lang='grc' dir='ltr'><strong><em>Ν</em></strong></span> <span class='ocrx_word' id='word_1_155' title='bbox 896 2619 898 2626; x_wconf 53' lang='lat'><em>&#39;</em></span> 
     </span>
    </p>
   </div>
   <div class='ocr_carea' id='block_1_8' title="bbox 185 2779 1158 2949">
    <p class='ocr_par' dir='ltr' id='par_1_8' title="bbox 185 2779 1158 2949">
     <span class='ocr_line' id='line_1_25' title="bbox 185 2779 1158 2868; baseline -0.003 -20"><span class='ocrx_word' id='word_1_156' title='bbox 185 2789 233 2848; x_wconf 83' lang='lat' dir='ltr'><strong>De</strong></span> <span class='ocrx_word' id='word_1_157' title='bbox 255 2803 289 2848; x_wconf 84' lang='lat' dir='ltr'><strong>eo</strong></span> <span class='ocrx_word' id='word_1_158' title='bbox 311 2786 392 2863; x_wconf 83' lang='lat' dir='ltr'><strong>quod</strong></span> <span class='ocrx_word' id='word_1_159' title='bbox 412 2785 567 2844; x_wconf 64' lang='lat' dir='ltr'><strong>wemonec</strong></span> <span class='ocrx_word' id='word_1_160' title='bbox 588 2789 661 2857; x_wconf 79' lang='lat' dir='ltr'><strong>aiut,</strong></span> <span class='ocrx_word' id='word_1_161' title='bbox 684 2786 765 2868; x_wconf 75' lang='lat' dir='ltr'><strong>quod</strong></span> <span class='ocrx_word' id='word_1_162' title='bbox 784 2788 871 2846; x_wconf 82' lang='lat' dir='ltr'><strong>multi</strong></span> <span class='ocrx_word' id='word_1_163' title='bbox 892 2790 958 2859; x_wconf 70' lang='lat' dir='ltr'><strong>aiot</strong></span> <span class='ocrx_word' id='word_1_164' title='bbox 981 2787 1063 2864; x_wconf 82' lang='lat' dir='ltr'><strong>quod</strong></span> <span class='ocrx_word' id='word_1_165' title='bbox 1082 2779 1158 2846; x_wconf 77' lang='lat' dir='ltr'><strong>matt</strong></span> 
     </span>
     <span class='ocr_line' id='line_1_26' title="bbox 460 2871 886 2949; baseline 0.002 -18"><span class='ocrx_word' id='word_1_166' title='bbox 460 2874 519 2931; x_wconf 78' lang='lat' dir='ltr'><strong>slot</strong></span> <span class='ocrx_word' id='word_1_167' title='bbox 540 2879 568 2932; x_wconf 82' lang='lat' dir='ltr'><strong>et</strong></span> <span class='ocrx_word' id='word_1_168' title='bbox 589 2871 754 2930; x_wconf 77' lang='lat' dir='ltr'><strong>homiuibus</strong></span> <span class='ocrx_word' id='word_1_169' title='bbox 778 2873 886 2949; x_wconf 71' lang='lat' dir='ltr'><strong>infesti.</strong></span> 
     </span>
    </p>
   </div>
   <div class='ocr_carea' id='block_1_9' title="bbox 152 2989 1305 3591">
    <p class='ocr_par' dir='ltr' id='par_1_9' title="bbox 152 2989 1305 3591">
     <span class='ocr_line' id='line_1_27' title="bbox 219 2989 1192 3074; baseline -0.001 -18"><span class='ocrx_word' id='word_1_170' title='bbox 219 2993 348 3056; x_wconf 82' lang='lat' dir='ltr'>RECTE</span> <span class='ocrx_word' id='word_1_171' title='bbox 375 3000 443 3071; x_wconf 86' lang='lat' dir='ltr'><strong>post</strong></span> <span class='ocrx_word' id='word_1_172' title='bbox 470 2994 654 3052; x_wconf 87' lang='lat' dir='ltr'><strong>tentationem</strong></span> <span class='ocrx_word' id='word_1_173' title='bbox 667 2989 669 2996; x_wconf 79' lang='grc'><strong>“</strong></span> <span class='ocrx_word' id='word_1_174' title='bbox 682 2993 860 3052; x_wconf 87' lang='lat' dir='ltr'><strong>tractandum</strong></span> <span class='ocrx_word' id='word_1_175' title='bbox 886 2994 1000 3052; x_wconf 86' lang='lat' dir='ltr'><strong>videtur</strong></span> <span class='ocrx_word' id='word_1_176' title='bbox 1027 3011 1091 3054; x_wconf 84' lang='lat' dir='ltr'><strong>esse</strong></span> <span class='ocrx_word' id='word_1_177' title='bbox 1102 2990 1124 3074; x_wconf 85' lang='lat'><strong>²)</strong></span> <span class='ocrx_word' id='word_1_178' title='bbox 1153 2996 1192 3056; x_wconf 92' lang='lat' dir='ltr'><strong>de</strong></span> 
     </span>
     <span class='ocr_line' id='line_1_28' title="bbox 155 3077 1305 3160; baseline 0 -18"><span class='ocrx_word' id='word_1_179' title='bbox 155 3083 351 3143; x_wconf 90' lang='lat' dir='ltr'><strong>tentatoribus.</strong></span> <span class='ocrx_word' id='word_1_180' title='bbox 393 3080 558 3138; x_wconf 85' lang='lat' dir='ltr'><strong>Daemones</strong></span> <span class='ocrx_word' id='word_1_181' title='bbox 579 3077 845 3160; x_wconf 84' lang='lat' dir='ltr'><strong>anthonomasice⁸)</strong></span> <span class='ocrx_word' id='word_1_182' title='bbox 867 3081 998 3139; x_wconf 88' lang='lat' dir='ltr'><strong>dicuntur</strong></span> <span class='ocrx_word' id='word_1_183' title='bbox 1018 3087 1191 3157; x_wconf 87' lang='lat' dir='ltr'><strong>tentatores,</strong></span> <span class='ocrx_word' id='word_1_184' title='bbox 1304 3097 1305 3102; x_wconf 51' lang='lat'>¹</span> 
     </span>
     <span class='ocr_line' id='line_1_29' title="bbox 155 3160 1192 3246; baseline -0.001 -17"><span class='ocrx_word' id='word_1_185' title='bbox 155 3172 222 3246; x_wconf 89' lang='lat' dir='ltr'><strong>quia</strong></span> <span class='ocrx_word' id='word_1_186' title='bbox 243 3160 387 3228; x_wconf 58' lang='lat' dir='ltr'><strong>maxime*</strong></span> <span class='ocrx_word' id='word_1_187' title='bbox 420 3168 538 3226; x_wconf 86' lang='lat' dir='ltr'><strong>tentatio</strong></span> <span class='ocrx_word' id='word_1_188' title='bbox 560 3172 684 3224; x_wconf 89' lang='lat' dir='ltr'><strong>mentem</strong></span> <span class='ocrx_word' id='word_1_189' title='bbox 705 3166 853 3241; x_wconf 89' lang='lat' dir='ltr'><strong>impellens</strong></span> <span class='ocrx_word' id='word_1_190' title='bbox 874 3167 912 3225; x_wconf 93' lang='lat' dir='ltr'><strong>ad</strong></span> <span class='ocrx_word' id='word_1_191' title='bbox 933 3168 1120 3242; x_wconf 87' lang='lat' dir='ltr'><strong>peccandum,</strong></span> <span class='ocrx_word' id='word_1_192' title='bbox 1141 3169 1192 3229; x_wconf 86' lang='lat' dir='ltr'><strong>vel</strong></span> 
     </span>
     <span class='ocr_line' id='line_1_30' title="bbox 152 3252 1191 3336; baseline 0 -22"><span class='ocrx_word' id='word_1_193' title='bbox 152 3259 221 3332; x_wconf 89' lang='lat' dir='ltr'><strong>ipsis</strong></span> <span class='ocrx_word' id='word_1_194' title='bbox 244 3252 308 3336; x_wconf 78' lang='lat' dir='ltr'><strong>fit‘)</strong></span> <span class='ocrx_word' id='word_1_195' title='bbox 330 3254 509 3326; x_wconf 80' lang='lat' dir='ltr'><strong>autoribus,</strong></span> <span class='ocrx_word' id='word_1_196' title='bbox 542 3253 588 3311; x_wconf 87' lang='lat' dir='ltr'><strong>vel</strong></span> <span class='ocrx_word' id='word_1_197' title='bbox 616 3254 816 3312; x_wconf 77' lang='lat' dir='ltr'><strong>incentoribus,</strong></span> <span class='ocrx_word' id='word_1_198' title='bbox 860 3253 890 3313; x_wconf 85' lang='lat' dir='ltr'><strong>Si</strong></span> <span class='ocrx_word' id='word_1_199' title='bbox 912 3254 1043 3313; x_wconf 87' lang='lat' dir='ltr'><strong>diabolus</strong></span> <span class='ocrx_word' id='word_1_200' title='bbox 1064 3257 1191 3330; x_wconf 89' lang='lat' dir='ltr'><strong>primum</strong></span> 
     </span>
     <span class='ocr_line' id='line_1_31' title="bbox 152 3337 1193 3416; baseline -0.002 -13"><span class='ocrx_word' id='word_1_201' title='bbox 152 3344 297 3403; x_wconf 90' lang='lat' dir='ltr'><strong>hominem</strong></span> <span class='ocrx_word' id='word_1_202' title='bbox 317 3343 438 3401; x_wconf 83' lang='lat' dir='ltr'><strong>tentavit</strong></span> <span class='ocrx_word' id='word_1_203' title='bbox 456 3341 486 3398; x_wconf 92' lang='lat' dir='ltr'><strong>in</strong></span> <span class='ocrx_word' id='word_1_204' title='bbox 506 3337 655 3414; x_wconf 86' lang='lat' dir='ltr'><strong>paradiso,</strong></span> <span class='ocrx_word' id='word_1_205' title='bbox 677 3342 701 3398; x_wconf 90' lang='lat' dir='ltr'><strong>si</strong></span> <span class='ocrx_word' id='word_1_206' title='bbox 723 3339 865 3399; x_wconf 84' lang='lat' dir='ltr'><strong>Christum</strong></span> <span class='ocrx_word' id='word_1_207' title='bbox 887 3347 996 3400; x_wconf 89' lang='lat' dir='ltr'><strong>tentare</strong></span> <span class='ocrx_word' id='word_1_208' title='bbox 1012 3345 1193 3416; x_wconf 73' lang='lat' dir='ltr'><strong>praesumsit</strong></span> 
     </span>
     <span class='ocr_line' id='line_1_32' title="bbox 152 3423 1190 3504; baseline 0 -15"><span class='ocrx_word' id='word_1_209' title='bbox 152 3433 181 3489; x_wconf 93' lang='lat' dir='ltr'><strong>in</strong></span> <span class='ocrx_word' id='word_1_210' title='bbox 210 3429 339 3502; x_wconf 89' lang='lat' dir='ltr'><strong>deserto,</strong></span> <span class='ocrx_word' id='word_1_211' title='bbox 372 3445 457 3503; x_wconf 90' lang='lat' dir='ltr'><strong>quem</strong></span> <span class='ocrx_word' id='word_1_212' title='bbox 485 3423 664 3504; x_wconf 83' lang='lat' dir='ltr'><strong>bominum⁶)</strong></span> <span class='ocrx_word' id='word_1_213' title='bbox 698 3433 806 3486; x_wconf 89' lang='lat' dir='ltr'><strong>tentare</strong></span> <span class='ocrx_word' id='word_1_214' title='bbox 838 3445 897 3486; x_wconf 93' lang='lat' dir='ltr'><strong>non</strong></span> <span class='ocrx_word' id='word_1_215' title='bbox 925 3428 1042 3487; x_wconf 91' lang='lat' dir='ltr'><strong>audebit</strong></span> <span class='ocrx_word' id='word_1_216' title='bbox 1069 3430 1098 3486; x_wconf 89' lang='lat' dir='ltr'><strong>in</strong></span> <span class='ocrx_word' id='word_1_217' title='bbox 1131 3429 1190 3489; x_wconf 89' lang='lat' dir='ltr'><strong>hoc</strong></span> 
     </span>
     <span class='ocr_line' id='line_1_33' title="bbox 153 3511 1189 3591; baseline -0.002 -14"><span class='ocrx_word' id='word_1_218' title='bbox 153 3515 280 3578; x_wconf 80' lang='lat' dir='ltr'><strong>mundo?</strong></span> <span class='ocrx_word' id='word_1_219' title='bbox 323 3515 391 3574; x_wconf 90' lang='lat' dir='ltr'><strong>Duo</strong></span> <span class='ocrx_word' id='word_1_220' title='bbox 412 3511 552 3590; x_wconf 90' lang='lat' dir='ltr'><strong>siquidem</strong></span> <span class='ocrx_word' id='word_1_221' title='bbox 572 3512 667 3590; x_wconf 85' lang='lat' dir='ltr'><strong>angeli</strong></span> <span class='ocrx_word' id='word_1_222' title='bbox 689 3512 805 3574; x_wconf 89' lang='lat' dir='ltr'><strong>cuilibet</strong></span> <span class='ocrx_word' id='word_1_223' title='bbox 824 3514 931 3574; x_wconf 90' lang='lat' dir='ltr'><strong>homini</strong></span> <span class='ocrx_word' id='word_1_224' title='bbox 952 3521 1019 3574; x_wconf 90' lang='lat' dir='ltr'><strong>sunt</strong></span> <span class='ocrx_word' id='word_1_225' title='bbox 1040 3515 1189 3591; x_wconf 87' lang='lat' dir='ltr'><strong>deputati,</strong></span> 
     </span>
    </p>
   </div>
   <div class='ocr_carea' id='block_1_10' title="bbox 171 3669 1304 3908">
    <p class='ocr_par' dir='ltr' id='par_1_10' title="bbox 171 3669 1304 3908">
     <span class='ocr_line' id='line_1_34' title="bbox 171 3669 1304 3772; baseline -0.004 -16"><span class='ocrx_word' id='word_1_226' title='bbox 171 3703 201 3772; x_wconf 83' lang='lat' dir='ltr'><strong>l)</strong></span> <span class='ocrx_word' id='word_1_227' title='bbox 219 3701 255 3752; x_wconf 90' lang='lat' dir='ltr'><strong>de</strong></span> <span class='ocrx_word' id='word_1_228' title='bbox 282 3704 322 3752; x_wconf 90' lang='lat' dir='ltr'><strong>orn</strong></span> <span class='ocrx_word' id='word_1_229' title='bbox 340 3698 412 3753; x_wconf 76' lang='lat' dir='ltr'><strong>Alil’.</strong></span> <span class='ocrx_word' id='word_1_230' title='bbox 432 3728 463 3738; x_wconf 93' lang='lat'><em>-</em></span> <span class='ocrx_word' id='word_1_231' title='bbox 491 3699 523 3766; x_wconf 83' lang='lat'><strong>2)</strong></span> <span class='ocrx_word' id='word_1_232' title='bbox 541 3697 673 3752; x_wconf 85' lang='lat' dir='ltr'><strong>BCesse</strong></span> <span class='ocrx_word' id='word_1_233' title='bbox 693 3698 833 3752; x_wconf 87' lang='lat' dir='ltr'><strong>videtur.</strong></span> <span class='ocrx_word' id='word_1_234' title='bbox 852 3729 882 3738; x_wconf 92' lang='lat'><em>-</em></span> <span class='ocrx_word' id='word_1_235' title='bbox 902 3700 934 3768; x_wconf 85' lang='lat'><strong>3)</strong></span> <span class='ocrx_word' id='word_1_236' title='bbox 951 3699 1012 3752; x_wconf 78' lang='lat' dir='ltr'><strong>ECP</strong></span> <span class='ocrx_word' id='word_1_237' title='bbox 1030 3699 1188 3753; x_wconf 84' lang='lat' dir='ltr'><strong>anthono-</strong></span> <span class='ocrx_word' id='word_1_238' title='bbox 1221 3669 1223 3676; x_wconf 33' lang='grc' dir='ltr'>Ι</span> <span class='ocrx_word' id='word_1_239' title='bbox 1303 3697 1304 3706; x_wconf 75' lang='grc'>’</span> 
     </span>
     <span class='ocr_line' id='line_1_35' title="bbox 221 3767 1186 3838; baseline -0.001 -15"><span class='ocrx_word' id='word_1_240' title='bbox 221 3771 396 3824; x_wconf 74' lang='lat' dir='ltr'><strong>metica-</strong></span> <span class='ocrx_word' id='word_1_241' title='bbox 421 3768 453 3836; x_wconf 85' lang='grc'><strong>4)</strong></span> <span class='ocrx_word' id='word_1_242' title='bbox 471 3767 511 3820; x_wconf 79' lang='lat' dir='ltr'><strong>bc</strong></span> <span class='ocrx_word' id='word_1_243' title='bbox 529 3772 640 3821; x_wconf 86' lang='lat' dir='ltr'><strong>omnis.</strong></span> <span class='ocrx_word' id='word_1_244' title='bbox 661 3798 690 3808; x_wconf 95' lang='lat'><em>-</em></span> <span class='ocrx_word' id='word_1_245' title='bbox 712 3768 781 3837; x_wconf 84' lang='lat' dir='ltr'><strong>5]c</strong></span> <span class='ocrx_word' id='word_1_246' title='bbox 804 3769 935 3820; x_wconf 81' lang='lat' dir='ltr'><strong>maxime</strong></span> <span class='ocrx_word' id='word_1_247' title='bbox 958 3771 999 3822; x_wconf 88' lang='lat' dir='ltr'><strong>lit</strong></span> <span class='ocrx_word' id='word_1_248' title='bbox 1023 3769 1074 3823; x_wconf 86' lang='lat' dir='ltr'><strong>vel</strong></span> <span class='ocrx_word' id='word_1_249' title='bbox 1098 3772 1186 3838; x_wconf 81' lang='lat' dir='ltr'><strong>ipsis.</strong></span> 
     </span>
     <span class='ocr_line' id='line_1_36' title="bbox 220 3838 563 3908; baseline -0.006 -16"><span class='ocrx_word' id='word_1_250' title='bbox 220 3870 252 3880; x_wconf 92' lang='lat'>-</span> <span class='ocrx_word' id='word_1_251' title='bbox 270 3841 302 3908; x_wconf 91' lang='grc'><strong>6)</strong></span> <span class='ocrx_word' id='word_1_252' title='bbox 320 3838 380 3892; x_wconf 78' lang='lat' dir='ltr'><strong>ber</strong></span> <span class='ocrx_word' id='word_1_253' title='bbox 397 3838 563 3890; x_wconf 86' lang='lat' dir='ltr'><strong>homiuem.</strong></span> 
     </span>
    </p>
   </div>
   <div class='ocr_carea' id='block_1_11' title="bbox 0 0 1320 4322">
    <p class='ocr_par' dir='ltr' id='par_1_11' title="bbox 0 0 1320 4322">
     <span class='ocr_line' id='line_1_37' title="bbox 0 0 1320 4322; baseline 0 0"><span class='ocrx_word' id='word_1_254' title='bbox 0 0 1320 4322; x_wconf 95' lang='lat' dir='ltr'><strong> </strong></span> 
     </span>
    </p>
   </div>
  </div>
 </body>
</html>
