2622 4322
119 281 181 342 me
417 277 646 344 nrsrmcrro
681 277 846 358 cunero

119 403 237 464 viduam
252 410 425 464 exercuerat
467 404 506 464 Et
526 403 630 465 adiecit
641 403 798 463 Dominus:
830 402 937 464 Adhuc
959 421 1025 464 eum
1039 409 1159 483 tangam

121 507 179 550 una
191 491 278 568 plaga
290 494 408 551 maiore.
447 490 533 568 Quod
544 491 652 550 lactum
674 497 717 550 est
738 494 778 550 ita
791 487 816 572 ¹),
858 491 971 551 Eodem
981 494 1068 580 pnim
1081 511 1158 554 anno

120 577 201 638 miles
237 577 354 654 quidam
388 596 502 638 omnem
531 596 605 654 pene
631 595 774 639 annonam
795 582 960 639 monasterii
991 581 1020 637 in
1048 579 1159 642 horreis

118 666 258 741 incendit;
282 668 380 741 sicque
393 665 480 742 plaga
494 668 625 726 cessavit
663 663 866 725 NOVICIUS:
890 665 962 724 Cum
975 665 1056 726 Dens
1067 669 1153 728 valde

119 755 156 812 sit
176 755 350 827 misericors,
377 753 446 829 qnid
468 759 511 812 est
540 752 617 828 quod
638 757 755 828 propter
775 754 858 810 unius
880 753 1002 812 hominis
1021 754 1151 815 haudcm

86 854 91 868 “
120 855 234 898 omnem
247 842 359 916 punivit
373 838 644 916 congregationem?
666 837 901 899 MONACHUS:
919 839 1000 900 Sicut
1011 840 1114 917 legitur
1127 844 1158 901 in

118 923 241 1006 Josue²),
262 933 379 1002 propter
395 929 546 985 avaritiam
567 925 666 985 Achor
677 969 685 1000 ,
706 927 756 1001 qni
777 925 813 984 de
835 926 1017 987 anathemate
1039 928 1157 989 Jericho

117 1013 190 1089 tulit,
211 1016 240 1072 in
262 1030 376 1072 omnem
396 1013 535 1089 populum
563 1014 605 1071 ira
626 1013 683 1072 Dei
705 1013 841 1072 desaevit
884 1013 960 1073 Nam
981 1017 1055 1074 sicut
1074 1016 1158 1076 Deus

118 1103 276 1160 misericors
297 1106 355 1176 est,
387 1103 427 1158 ita
454 1107 483 1158 et
510 1102 602 1158 iustus
632 1107 684 1158 est
727 1099 759 1160 Si
781 1106 897 1176 propter
918 1104 1002 1160 nnius
1024 1105 1157 1162 meritum

117 1203 203 1262 saepe
214 1187 387 1245 multitudini
400 1189 499 1262 parcit,
522 1186 720 1261 quidmiraris,
743 1189 767 1244 si
784 1187 909 1246 dictante
923 1189 983 1247 eius
1003 1183 1156 1264 aequitate,

117 1273 270 1350 aliquando
291 1281 408 1349 propter
428 1276 511 1332 unius
534 1272 668 1332 delictum
689 1273 794 1332 multos
817 1273 920 1348 puniti
954 1273 1155 1336 NOVICIUS:

117 1360 147 1421 Si
168 1361 240 1420 haec
261 1363 302 1419 ita
324 1377 355 1419 se
376 1360 500 1434 habent,
521 1361 634 1419 videtur
655 1359 723 1417 mihi
745 1360 814 1419 utile
837 1361 980 1436 subiectis,
1003 1371 1032 1422 et
1051 1379 1155 1423 neces-

116 1450 220 1506 sarium
233 1447 375 1522 praelatis,
395 1454 428 1505 ut
440 1447 602 1522 frequenter
621 1445 756 1506 officiales
771 1463 838 1505 suos
853 1455 998 1524 moneant,
1019 1467 1055 1509 ue
1068 1449 1154 1510 aliern
1239 1525 1243 1530 ⁵

115 1534 244 1593 fraudem
265 1534 398 1606 inferant,
427 1551 463 1592 ne
485 1534 556 1592 forte
573 1551 629 1609 ¹per
650 1534 706 1592 hoe
727 1533 872 1610 flagellum
894 1542 994 1594 contra
1015 1554 1046 1596 se
1067 1537 1155 1596 iudici

117 1623 271 1698 porrigant.
314 1618 549 1680 MONACHUS:
568 1621 678 1681 Vemm
693 1619 771 1695 dieb,
793 1623 860 1698 quia
873 1621 1016 1681 modicum
1028 1625 1155 1683 termen-

117 1717 176 1766 tum
206 1715 296 1766 totam
326 1725 452 1766 massam
487 1710 641 1783 corrumpit
649 1704 679 1787 ³).
727 1707 792 1769 Non
825 1707 918 1768 solum
946 1708 1028 1768 Deus
1056 1713 1153 1786 punit,

117 1798 140 1851 si
162 1797 296 1854 instinctu
309 1797 446 1853 avaritiae
460 1795 565 1854 damna
579 1795 641 1854 aliis
652 1795 815 1869 inieramus,
835 1797 892 1854 imo
908 1799 1033 1856 etiamsi
1053 1803 1154 1857 nostra

117 1899 204 1940 avare
235 1882 396 1956 retinendo,
433 1882 583 1957 egentibus
622 1899 680 1941 non
714 1884 923 1959 impertiamur,
951 1882 999 1943 vel
1026 1884 1154 1944 exhibita

116 1970 373 2028 immisericorditer
403 1975 470 2028 ante
492 1975 606 2045 tempus
629 1969 841 2028 subtrahamus.

406 2217 408 2220 Ι
472 2083 705 2202 cAP1⁷rULUM
725 2143 791 2202 LX.

334 2247 340 2260 ⁵
385 2265 434 2324 Dc
450 2264 547 2341 plaga
572 2263 677 2322 domus
705 2265 882 2325 Vectorem.

179 2387 214 2445 In
240 2387 399 2471 Brabantia
427 2385 529 2445 domus
559 2391 603 2444 est
631 2385 736 2445 ordinis
770 2389 874 2462 nostri,
907 2405 982 2463 quae
1010 2388 1152 2450 Vilarium

117 2473 226 2549 dicitur,
253 2477 283 2532 in
305 2491 364 2549 qua
384 2472 545 2548 hospitibus
568 2478 597 2534 et
618 2475 714 2549 egenis
736 2473 827 2533 multa
859 2475 936 2534 bona
958 2493 1044 2551 saepe
1066 2476 1150 2536 exhi-

115 2563 176 2620 bita
205 2566 286 2636 suut,
315 2566 345 2618 et
373 2559 468 2618 adhuc
497 2559 622 2633 quotidie
652 2558 830 2619 exhibentur.
880 2561 945 2622 Hoc
975 2579 1051 2622 anno
1085 2581 1151 2623 cum

116 2655 211 2707 essent
241 2649 270 2705 in
303 2645 405 2706 eadem
436 2647 583 2720 provincia
610 2650 741 2721 tempora
773 2665 856 2722 cara,
888 2648 988 2708 fratres
1022 2651 1149 2710 eiusdem

115 2734 246 2794 coenobii
276 2750 417 2792 summam
449 2748 580 2792 annonae
612 2749 682 2792 suae
715 2739 861 2809 taxantes,
901 2742 944 2810 et,
980 2739 1054 2798 sicut
1086 2755 1150 2797 mos

116 2827 159 2882 cst
196 2821 340 2880 humanae
377 2814 547 2894 infirmitati,
590 2819 733 2879 defectum
772 2823 918 2896 timentes,
962 2840 1001 2882 cx,
1046 2823 1153 2884 diaboi

114 2908 181 2983 lica,
210 2914 243 2966 ut
263 2908 370 2981 patuit,
397 2908 568 2981 tentatione,
595 2907 754 2966 subsidium
783 2908 861 2983 quod
882 2911 1057 2985 pauperibus
1079 2914 1150 2972 satis

113 2989 223 3073 large‘)
245 2993 407 3068 impendere
430 3000 645 3068 consueverant,
666 2993 812 3069 usquead
833 3013 957 3072 messem
978 2997 1149 3058 subtrahere

115 3081 253 3143 consiliati
284 3086 359 3139 sunt
411 3078 521 3138 Eadem
553 3085 653 3153 nocte,
685 3083 759 3140 sicut
790 3081 887 3140 retulit
914 3085 997 3143 nobis
1030 3084 1150 3160 quidam

112 3168 284 3242 monachus,
307 3167 342 3226 dc
365 3166 466 3226 eadem
488 3164 574 3226 domo
596 3169 728 3242 veniens,
749 3170 866 3248 piscina,
889 3187 963 3245 quae
986 3179 1047 3230 erat
1073 3171 1150 3233 ultra

6 3267 10 3278 '
112 3256 285 3328 claustrum,
310 3255 414 3329 erupit,
445 3259 474 3312 et
503 3270 555 3329 per
575 3253 702 3314 diversas
723 3272 755 3315 se
777 3254 937 3315 diffundens
965 3257 1092 3318 officinas
1108 3256 1148 3339 ⁵),

131 3375 161 3442 l)
178 3371 220 3424 BG
237 3369 322 3440 quod
339 3378 369 3421 et
386 3369 504 3422 lactum
523 3377 582 3420 est.
602 3399 633 3408 —
652 3371 685 3439 2)
702 3369 753 3422 los.
773 3373 797 3423 7,
816 3371 893 3425 Paulo
910 3382 970 3441 post
988 3373 1009 3426 ll
1027 3375 1147 3428 hohan.

180 3441 269 3494 llcmil.
287 3441 328 3492 lV.
343 3456 368 3507 p.
381 3439 444 3493 168:
463 3441 543 3505 ,sicut
559 3455 637 3491 unum
653 3440 791 3493 membrum
808 3440 934 3508 putridum
952 3443 1086 3512 aliquando
1104 3454 1149 3497 to—

179 3520 237 3564 tum
250 3526 342 3578 corpus
359 3511 508 3577 corrumpit,
531 3511 566 3560 ita
591 3525 667 3577 saepe
686 3511 752 3563 Deus
770 3519 874 3580 propter
891 3529 967 3564 unum
985 3513 1087 3567 fratrem
1106 3518 1151 3570 vi-

16 3629 19 3644 ,
72 3639 73 3642 ¹
179 3584 281 3648 ticsum,
298 3582 362 3632 sicut
374 3579 513 3648 exemplum
525 3579 647 3631 hahemus
660 3580 691 3632 de
709 3581 829 3645 hohor,
846 3580 1030 3637 multitudinem
1048 3587 1145 3652 punit.“

179 3651 266 3706 isidor.
284 3649 378 3718 lliapal.
395 3649 479 3717 Episc.
499 3649 562 3717 0pp.
574 3665 599 3716 p.
612 3651 674 3702 188:
694 3650 830 3715 „Achor,
847 3653 890 3719 qui
908 3652 1065 3706 delliericho
1082 3671 1148 3707 ane-

179 3723 289 3775 themate
308 3721 459 3786 concupivit,
477 3718 601 3786 significat
618 3735 724 3788 nequam
743 3720 936 3774 Christianum.“
950 3753 981 3762 -
1000 3724 1033 3792 3)
1050 3723 1108 3777 Cor.
1126 3725 1148 3789 l,

179 3797 205 3856 5,
223 3793 247 3844 6.
267 3821 297 3831 -
317 3791 349 3856 l)
367 3789 431 3842 hlll’
449 3789 596 3857 largiter.
614 3819 644 3830 -
664 3790 696 3859 5)
714 3790 830 3844 cilicinae
848 3801 906 3844 sunt
924 3792 1013 3846 dumus
1029 3793 1147 3848 diversae

178 3866 244 3915 intra
261 3861 362 3913 claustri
380 3860 500 3911 terminos
520 3859 592 3909 sitae.
