2654 4308
177 227 239 290 104
487 223 715 288 emmeno
737 224 903 290 offusus

174 346 432 410 immisericorditer
448 347 510 408 sine
528 364 618 408 nausa
636 347 785 426 instigavit
794 343 814 428 ¹)
832 365 889 410 me
930 345 981 410 Ad
1001 365 1090 424 quum
1110 363 1215 408 vooem

176 451 332 498 eonversus
360 432 512 511 evigilans,
538 433 678 494 intellexit
707 435 785 512 quod
814 434 945 496 Christum
972 434 1068 496 adhue
1092 435 1124 493 iu
1154 435 1216 494 suis

176 522 312 582 membris
339 526 492 597 peteretur.
540 520 744 584 NOVICIUS:
777 523 835 582 Die
866 539 990 598 quaeso,
1016 527 1097 582 estne
1118 519 1216 581 adhue

176 608 274 685 adque
312 607 368 668 olis
408 608 500 668 formo
531 607 682 684 despectu,
727 611 758 668 in
788 625 847 684 qua
881 608 1010 669 Christus
1045 607 1216 668 mortalibus

177 694 310 774 dignetur
328 693 487 772 oppetere?
508 693 741 758 MONAOHUSr
764 695 869 756 Etiam.
900 695 995 756 Tanta
1014 701 1059 756 est
1070 695 1218 756 humilitus

177 783 208 844 iu
235 781 361 857 Christo,
390 787 423 842 nt
450 779 603 856 siquando
631 783 686 842 sub
715 782 814 858 figuris
841 781 1031 857 infirmorum,
1059 781 1217 858 auqnmdo

179 868 258 946 quod
270 868 393 947 emplius
406 872 460 944 est,
472 871 582 944 speeies
595 868 774 945 leprosorum
787 885 945 945 msumens,
965 870 1050 930 uobis
1068 864 1218 944 apparent

178 956 210 1018 Si
229 958 353 1033 primum
365 971 467 1015 verum
482 972 540 1015 nou
562 961 646 1030 esset,
665 972 850 1032 nequaquem
872 955 978 1016 diceret
997 959 1027 1016 in
1040 953 1218 1032 Evangelios

176 1042 319 1120 infirmus
344 1041 408 1119 fui,
438 1047 466 1101 et
493 1045 632 1102 visitastis
659 1061 706 1102 me
714 1040 747 1116 ²).
788 1041 836 1103 De
864 1042 991 1103 seeundo
1020 1041 1089 1102 dicit
1107 1041 1218 1102 Isaius:

183 1131 257 1190 Vere
283 1130 443 1206 languores
468 1133 584 1188 uestros
612 1129 673 1204 ipse
705 1130 790 1203 tulit,
819 1133 848 1189 et
875 1131 990 1190 dolores
1017 1135 1135 1201 noeros
1155 1132 1220 1204 ipse

172 1219 326 1294 portavit;
355 1222 383 1276 et
409 1231 464 1276 uos
481 1218 657 1290 putavimus
677 1234 746 1276 eum
766 1219 854 1292 quusi
876 1217 1025 1292 leprosum
1045 1222 1074 1276 et
1090 1231 1219 1291 pereru-

177 1321 244 1364 eum
273 1321 293 1361 a
321 1302 404 1372 Deo,
432 1306 462 1361 et
481 1299 622 1382 ,resumi
671 1301 754 1364 Licet
776 1305 807 1362 in
826 1302 951 1380 Dialogo
972 1304 1065 1362 saneti
1086 1301 1221 1379 Gregorii

94 1401 95 1406 ’
178 1396 208 1452 et
232 1391 262 1448 in
283 1388 345 1449 eliis
366 1387 437 1448 loeis
457 1387 541 1465 plura
562 1387 598 1448 de
619 1388 664 1448 his
686 1395 837 1449 occurrent
858 1389 1004 1466 exempla,
1025 1405 1085 1449 non
1105 1395 1220 1464 tomen,

178 1477 246 1556 qna
273 1477 314 1535 ita
340 1475 512 1552 promissum
534 1481 591 1551 est,
620 1477 672 1536 tibi
701 1474 796 1536 dicere
823 1474 890 1536 lieet
917 1478 973 1535 nisi
1000 1493 1094 1552 nova,
1120 1475 1152 1535 id
1174 1482 1221 1535 est
1301 1541 1302 1552 ,

175 1565 280 1625 nostris
300 1562 476 1638 temporibus
497 1567 588 1640 gesta.

516 1730 749 1798 GAPITULUM
772 1731 878 1798 XXX.

176 1858 225 1920 De
245 1857 377 1918 Heroon
405 1863 557 1918 coutraot'o
578 1859 723 1918 mumulo
746 1857 955 1932 murmano,
982 1861 1035 1934 qut
1055 1861 1089 1917 iu
1107 1861 1220 1918 surmus

157 1941 159 1949 ’
298 1945 373 2006 vidit
394 1943 542 2008 Christum
562 1946 731 2019 inspectore
749 1962 806 2004 suo
827 1944 1003 2020 obdomrlre,
1024 1961 1092 2006 eum

494 2087 497 2090 .
530 2031 665 2107 infimus
688 2038 862 2092 murmur,

241 2152 383 2214 Henrieus
395 2180 399 2188 ,
411 2158 574 2212 contractus
606 2151 791 2213 Oloreevollis
811 2153 983 2229 monsehns,
1012 2153 1093 2214 ouius
1114 2154 1218 2214 memi-

176 2243 206 2300 ni
226 2243 256 2300 in
278 2239 461 2299 distinctione
477 2240 569 2315 prima
591 2238 718 2318 capitulo
736 2245 819 2300 serto
842 2239 962 2315 decimo,
983 2242 1033 2316 qui
1053 2246 1120 2301 oute
1141 2257 1217 2318 pan-

177 2343 228 2388 eos
249 2341 339 2388 anuos
361 2325 511 2386 defunctus
532 2331 585 2400 est,
610 2327 639 2384 in
661 2326 764 2387 eedem
786 2327 872 2387 domo
894 2328 1068 2403 quaudoque
1087 2326 1217 2387 infirmu-

176 2416 235 2474 rius
262 2413 323 2472 suit.
364 2412 422 2472 Hie
453 2431 519 2472 eum
539 2418 668 2488 tempore
689 2412 816 2489 quodum
835 2414 957 2474 heberet
976 2432 1115 2491 magnum
1134 2413 1217 2473 infir·

176 2518 257 2560 mum
277 2502 336 2559 iem
356 2501 440 2559 morti
460 2502 637 2576 proximum,
659 2505 688 2561 et
708 2506 794 2562 noete
814 2518 938 2580 surgens
956 2500 995 2561 ed
1015 2503 1129 2578 signum
1150 2519 1216 2560 mu·

175 2589 339 2661 tutinarnm,
361 2603 426 2646 enm
448 2583 571 2646 eundem
591 2585 735 2646 infirmum
755 2587 972 2664 considerasset,
995 2605 1114 2665 sperans
1134 2586 1216 2648 illum

175 2690 261 2751 posse
283 2672 394 2747 durare,
422 2671 541 2733 chorum
563 2689 599 2732 ex
619 2673 676 2733 hoe
698 2676 823 2735 securior
842 2676 967 2734 introvit
1008 2674 1044 2734 In
1065 2691 1123 2750 quo
1146 2673 1215 2734 dnm

174 2758 301 2820 sedendo
328 2759 473 2820 modicum
502 2760 570 2836 quid
598 2759 793 2836 dormitasset,
822 2777 890 2822 ecee
918 2760 1052 2822 Salvator
1071 2764 1102 2820 in
1121 2761 1216 2839 ligura

174 2847 279 2908 infirmi
305 2847 400 2922 offuit,
429 2853 458 2906 et
496 2863 582 2923 super
607 2853 708 2922 peetus
734 2847 810 2908 illius
836 2865 869 2908 se
896 2846 1038 2910 reclinans
1064 2849 1215 2924 requievit

174 2933 316 2998 Heurieus
329 2951 399 2994 vero
420 2932 456 2994 de
477 2933 533 3014 hoe
553 2927 707 3015 territnsl),
729 2952 796 2994 eum
815 2951 934 3012 srugere
954 2933 1050 3010 vellet,
1069 2935 1214 2998 Dominus

175 3037 242 3082 eum
254 3022 438 3098 compescuit,
460 3019 572 3082 dieensz
592 3021 749 3082 Bonesine
769 3038 816 3082 me
838 3024 984 3098 quieseere
993 3018 1023 3101 ⁵).
1064 3020 1114 3081 Ad
1135 3021 1213 3098 quod

174 3108 295 3168 verbum
316 3107 628 3184 expergefactorum
648 3106 813 3168 reeordatus
835 3114 880 3168 est
899 3109 1002 3168 iuiirmi
1023 3109 1075 3184 sui,
1097 3114 1126 3169 et
1147 3127 1213 3170 snr-

174 3211 245 3272 gens
273 3199 360 3270 atque
388 3195 418 3256 in
439 3193 645 3254 infirmitorium
666 3193 816 3271 festinans,
842 3195 922 3256 illum
943 3197 1143 3272 agonizantem
1163 3212 1213 3258 re·

173 3283 256 3358 perit
298 3280 392 3356 Quem
420 3298 487 3342 oum
513 3280 553 3342 ud
580 3287 684 3342 terrem
707 3281 850 3358 deponere
871 3282 974 3358 vellet,
1004 3299 1091 3358 super
1110 3287 1212 3358 peetus

174 3370 236 3430 sius
262 3369 292 3428 in
323 3365 441 3426 modum
469 3369 586 3428 visionis
614 3370 778 3443 exspiravit
830 3368 917 3446 Quod
944 3374 1043 3430 sutem
1068 3368 1213 3430 Dominus

173 3456 284 3531 speeies
315 3453 487 3531 quandoque
513 3455 690 3532 leprosorum
718 3461 860 3532 assumet,
887 3458 1039 3531 sequentia
1065 3455 1213 3518 declarent

172 3540 311 3617 exempla

190 3658 222 3727 1)
238 3656 259 3710 ll
277 3657 460 3710 lustiervit.
478 3657 529 3712 Sed
546 3658 715 3728 fustigare
732 3659 809 3711 etium
826 3660 853 3710 in
870 3658 960 3711 llomil.
977 3657 1008 3712 ll.
1026 3675 1051 3726 p.
1070 3659 1112 3712 74.
1125 3689 1160 3699 -
1177 3659 1211 3728 2]

123 3722 126 3730 ’
240 3726 329 3782 llettb.
347 3727 391 3790 25,
407 3726 450 3780 ³6.
470 3756 501 3767 —
521 3728 553 3796 3)
571 3727 628 3782 lsai.
646 3729 696 3795 5³,
712 3729 738 3782 4.
757 3757 791 3770 -··
808 3728 841 3799 4)
859 3727 879 3781 Β
898 3729 1107 3798 perterritus.
1125 3757 1159 3772 -
1177 3730 1211 3800 t)

240 3789 262 3850 0
278 3797 500 3866 requiescere.
