2642 4330
128 257 191 320 324
256 301 261 308 -
440 249 669 316 ursumoflo
692 250 843 331 QUINTA

126 380 193 454 listi,
213 377 335 437 flammis
354 377 538 438 infernalibus
558 395 578 437 a
598 379 682 438 uobis
703 376 842 453 liqrratum
864 376 999 454 guttatim
1019 375 1170 435 mittemus

129 469 158 526 in
186 465 285 524 oculos
306 471 387 540 tuos,
415 471 445 525 ct
463 481 516 541 per
540 481 626 524 omne
647 481 751 540 corpus
772 464 942 524 stillabimus
963 461 1167 539 pinguedinem

130 555 200 614 eius.
242 553 350 612 Vinum
363 568 432 612 vero
448 552 526 629 quod
542 552 597 612 sub
619 553 715 611 banno
737 557 787 610 tuo
809 553 838 609 in
858 551 914 610 hac
935 549 1004 609 villa
1024 549 1169 623 venditur,

129 640 243 700 fervens
270 641 300 697 in
324 657 357 699 os
378 646 461 698 tuum
480 638 641 698 fundemus.
685 638 795 715 Quibus
816 639 914 698 verbis
934 637 1017 695 miles
1038 639 1169 710 territus,

77 735 83 744 ‘
131 727 280 786 tabernam
309 729 430 802 amovit,
459 732 488 785 et
507 726 631 785 vitulum
657 725 769 784 mulieri
790 727 921 784 restituit.
962 721 1168 783 NOVICIUS:

131 813 208 874 Satis
229 813 298 872 mihi
318 814 471 889 probatum
491 815 549 871 iam
561 809 578 892 ¹)
598 813 702 886 fateor,
728 812 806 887 quod
827 813 982 871 daemones
1003 812 1068 884 siut,
1089 808 1169 886 quod

103 945 106 952 .
131 900 213 960 multi
234 903 304 976 sint,
332 907 360 959 et
382 899 460 977 quod
480 900 549 983 mali
569 902 639 976 sint;
670 915 747 958 nunc
770 917 857 975 quam
878 899 972 957 infesti
992 898 1075 956 nobis
1097 899 1167 971 sint,

132 987 240 1063 aliquid
284 988 338 1046 sub
372 987 508 1062 exemplis
547 987 645 1045 audire
678 985 809 1045 delectat.
862 982 1100 1045 MONACHUS:
1120 983 1168 1043 Ita

131 1075 225 1134 infesti
252 1081 320 1133 suut
346 1074 524 1147 homiuibus,
550 1080 584 1131 nt
611 1076 685 1131 inter
712 1075 819 1132 amicos
852 1072 1007 1132 discordias
1045 1071 1168 1145 faciant,

133 1168 161 1220 et
195 1163 324 1221 inimicos
356 1159 531 1219 reconciliari
565 1176 623 1218 non
656 1163 758 1218 sinant.
807 1158 865 1218 Pro
900 1159 1013 1218 ChrIsto
1049 1164 1079 1217 et
1112 1174 1168 1234 pro

132 1251 258 1325 peccatis
286 1249 345 1308 suis
372 1249 546 1324 peregrinari
573 1246 703 1306 volentes
732 1246 893 1322 retrahunt,
930 1245 1057 1306 converti
1088 1243 1169 1304 desl-

134 1334 265 1396 derantes
297 1339 445 1409 avertunt,
478 1350 631 1394 couversos
657 1333 753 1392 multis
775 1333 867 1392 modis
897 1333 1015 1392 turbent
1050 1337 1080 1392 et
1109 1333 1168 1390 itu·

132 1421 258 1498 pediunt.
299 1421 376 1481 Ecce
399 1419 540 1496 exempla.

378 1603 383 1612 ¹
446 1644 678 1707 eremmon
697 1645 850 1706 xxxin.

155 1803 203 1863 De
224 1800 425 1885 diobolofqof
441 1803 522 1860 obus
544 1807 586 1859 eat
605 1803 750 1858 aoninore
772 1799 948 1858 discordiam
973 1803 1051 1858 inter
1072 1797 1147 1858 doce

490 1890 664 1963 pereminet
686 1889 803 1945 amicos.

199 2045 268 2105 Duo
290 2046 368 2105 cives
391 2043 584 2118 colonienses,
604 2043 659 2102 viri
673 2043 774 2102 divites
797 2049 826 2102 et
846 2042 977 2118 honesti,
989 2049 1017 2102 et
1031 2041 1171 2118 speciales

32 2177 38 2188 .
136 2133 317 2193 adinvicem
339 2133 430 2206 amici,
457 2148 492 2190 ex
514 2131 617 2206 quibus
638 2147 713 2188 unus
734 2131 894 2190 vocabatur
914 2130 1078 2206 Sistappus,
1095 2129 1172 2189 alter

136 2236 204 2280 vero
235 2217 421 2294 Godefridus,
452 2217 490 2276 ad
526 2223 656 2276 sanctum
684 2216 829 2276 Jacobum
861 2213 1060 2294 Apostolum²)
1087 2215 1171 2276 simul

135 2307 254 2384 profecti
285 2311 361 2366 sunt.
411 2304 469 2364 Die
501 2303 627 2381 quadam
659 2300 753 2383 cum³)
787 2303 840 2362 soli
868 2307 1041 2380 equitarent,
1070 2303 1172 2362 ceteris

136 2394 269 2453 fnanibus
297 2390 546 2467 praecedentibus,
576 2389 707 2450 diabolus
734 2390 864 2450 invidens
886 2393 1027 2450 amicitiae
1049 2397 1078 2448 et
1100 2405 1171 2449 con·

137 2479 251 2541 cordiae
282 2479 397 2537 illorum
410 2474 443 2557 ⁴),
473 2479 502 2536 iu
536 2476 666 2554 ingressu
696 2476 843 2536 cuiusdam
870 2481 1007 2552 nemoris,
1034 2476 1172 2536 baculum

139 2565 287 2627 Godefridi
311 2567 341 2623 in
369 2564 452 2624 dorso
484 2566 572 2640 ipsius
598 2564 770 2640 pendentem
779 2560 815 2643 ⁵),
843 2565 969 2639 sedeque
995 2564 1111 2638 fortem,
1140 2565 1171 2621 in

139 2653 210 2715 duas
237 2658 333 2732 partes
360 2651 463 2728 fregit*
502 2651 558 2728 Qui
587 2669 651 2710 cum
680 2654 822 2710 neminem
851 2651 951 2710 adesse
980 2653 1170 2726 conspiceret,

137 2742 268 2800 turbatus
291 2739 425 2812 clamavit
445 2735 483 2798 ad
498 2741 621 2798 socium:
643 2737 706 2812 Eia,
726 2738 821 2811 frater,
843 2753 930 2814 quare
950 2739 1057 2814 fregisti
1077 2738 1171 2798 bacu-

137 2827 198 2888 lum
219 2825 338 2887 meum?
365 2825 419 2885 lllo
447 2831 570 2901 negante
600 2827 686 2883 etiam
715 2841 780 2883 eum
808 2827 982 2900 iuramento,
1009 2827 1082 2884 sicut
1102 2825 1172 2884 mihi

137 2917 196 2974 iam
217 2914 310 2974 dietus
332 2911 504 2972 Godefridus
525 2911 627 2986 retulit,
648 2915 688 2970 ita
708 2913 738 2968 in
760 2929 826 2984 euru
848 2901 961 2986 elausit,
983 2915 1085 2971 utrix
1106 2931 1171 2973 me·

138 3019 193 3061 nus
214 3003 251 3061 ab
267 3003 327 3060 eius
339 2998 466 3059 laesione
481 2998 634 3058 cohiberet.
676 2997 806 3056 Tandem
827 3002 919 3076 gratia
939 2999 996 3058 Dei
1017 3004 1046 3058 et
1066 3001 1174 3058 meritis

139 3090 216 3148 beati
243 3086 377 3163 Apostoli
397 3084 435 3145 ed
456 3091 580 3144 mentem
601 3084 745 3159 reductus,
767 3085 844 3161 apud
865 3089 974 3146 socium
995 3088 1078 3145 unice
1099 3085 1173 3145 dile-

140 3185 217 3252 ctum
245 3174 450 3252 poenitentiam
472 3174 544 3249 egit,
573 3179 603 3232 et
629 3175 716 3232 totius
746 3171 904 3233 discordiae
926 3179 1013 3250 caput
1041 3171 1172 3232 diabolus

134 3256 303 3342 'confusus⁵)
331 3259 449 3337 aufugit.

1317 3549 1318 3576 l

94 3629 99 3636 ’
157 3619 248 3694 1)Βο
275 3621 336 3672 iarn
366 3617 541 3687 probatum.
573 3641 604 3658 -ι
636 3617 668 3686 2)
695 3618 886 3686 Apostolum
910 3633 951 3670 orn
975 3617 1004 3670 Β.
1034 3649 1064 3658 -
1095 3619 1172 3688 3)Β
1206 3603 1209 3607 ’
1317 3617 1318 3628 ’

208 3691 287 3742 dum.
307 3719 337 3728 -
363 3689 395 3757 4)
414 3689 434 3742 0
451 3697 477 3740 et
503 3686 701 3740 concordius
725 3704 848 3752 eorum,
871 3689 1016 3740 Beorum
1041 3695 1172 3748 etcon-

210 3757 350 3813 cordiae.
374 3787 405 3798 —
431 3757 463 3828 5)
485 3755 526 3810 130
549 3755 694 3809 baculum
719 3759 750 3809 in
773 3758 867 3810 dorso
896 3757 1065 3812 dodefridi
1096 3774 1172 3826 pau·

209 3830 346 3885 dentem.
366 3857 396 3868 -
416 3828 448 3898 6)
465 3827 622 3880 confusus
640 3842 681 3880 om
699 3825 746 3880 BG.
