2654 4308
414 293 470 354 oa
491 291 648 354 sanem
664 291 805 354 usura
986 343 989 349 ,
1089 291 1129 350 ce

88 371 324 494 umcrpmms.
366 413 601 476 montosus
632 413 697 474 uon
720 412 892 474 coccineo.
935 411 976 473 ut
997 413 1073 474 eum
1095 410 1131 471 ce

87 520 213 581 pomona
234 504 339 564 beatae
358 502 417 562 Dei
437 501 589 562 Genitriois
610 508 736 576 taceam,
763 517 868 560 nomen
896 501 956 560 eius
982 517 1042 559 nou
1070 505 1131 559 tam

88 592 247 666 sententiis,
269 606 358 666 quarn
378 591 453 648 viris
475 589 614 664 exemplis
636 588 720 650 dulce
741 605 828 664 super
848 587 906 648 mel
926 585 1085 648 ostendam.

404 727 638 788 CAPITULUM
665 727 779 787 XLIX.
791 722 821 807 ⁴⁴)

109 853 159 912 Dc
179 851 304 923 ccccmo,
326 852 378 925 poi
395 867 452 926 pcc·
473 852 537 910 Ave
556 849 659 908 Morio
681 853 770 909 sensit
791 852 900 907 inicam
922 846 1111 906 dnlcedinem.

153 970 250 1032 Juxta
262 968 413 1030 ecclesiam
435 973 527 1031 sancti
541 971 670 1032 Severini
690 972 720 1029 in
735 969 854 1030 Colonia
867 967 994 1028 inclusus
1016 967 1132 1043 quidem

89 1059 243 1119 habitabat
259 1053 275 1138 ¹)
303 1057 448 1140 Mamilius
477 1061 607 1133 nomine,
627 1059 657 1116 in
679 1058 785 1117 Tuscia
813 1056 851 1116 ad
879 1061 1011 1116 sanctum
1038 1053 1132 1116 Seba-

90 1148 216 1206 stianum
244 1145 416 1220 quandoque
437 1146 612 1222 Episcopus,
642 1151 670 1203 et
698 1151 827 1220 tempore
859 1142 1020 1203 schismatis
1056 1139 1133 1216 quod

90 1233 142 1291 fuit
169 1235 246 1291 inter
266 1229 464 1290 Alexandrum
485 1239 515 1291 et
533 1231 719 1308 Paschalem,
748 1233 870 1306 abipso
892 1227 1058 1288 Alexandro
1080 1227 1134 1286 de·

89 1321 210 1395 positus.
254 1317 341 1377 Hunc
362 1335 428 1377 curn
450 1325 597 1378 matronae
616 1321 737 1378 civitatis
750 1312 1002 1395 frequentarent2),
1026 1320 1055 1373 et
1076 1332 1134 1373 una

91 1409 118 1467 ei
138 1405 272 1465 confessa
292 1405 406 1478 fuisset,
436 1406 513 1480 quod
533 1405 677 1464 Dominae
698 1412 813 1464 nostrae
834 1421 938 1464 nornen
961 1401 1055 1461 dicere
1075 1418 1134 1460 non

90 1499 190 1568 posset
198 1489 219 1572 ⁸)
243 1493 303 1550 sine
326 1492 451 1567 quadam
473 1495 545 1551 mira
561 1491 718 1567 dulcedine,
740 1492 776 1552 de
799 1509 887 1552 causa
907 1496 1005 1549 tantae
1026 1490 1134 1565 gratiae

91 1581 230 1654 requisita
258 1579 420 1656 respondit:
452 1578 576 1655 Singulis
606 1577 706 1639 diebus
727 1581 756 1637 in
776 1579 886 1638 honore
908 1581 968 1637 eius
991 1579 1134 1664 quinqua-

92 1669 172 1742 ginta
198 1664 265 1724 Ave
287 1663 395 1740 Maria,
425 1683 502 1724 oum·
517 1666 636 1724 totidem
663 1668 753 1725 veniis
783 1665 875 1724 dicere
905 1665 1055 1736 consuevi,
1082 1679 1134 1737 per

93 1771 167 1828 quae
198 1757 311 1810 tantam
344 1751 524 1811 dulcedinem
556 1755 659 1827 merui,
691 1759 723 1810 ut
755 1755 846 1810 omnis
876 1754 931 1810 oris
959 1751 1017 1808 mci
1042 1748 1134 1808 saliva

94 1841 230 1899 orationis
266 1844 395 1913 tempore
430 1842 460 1897 in
496 1839 553 1896 mel
585 1839 716 1899 videatur
749 1855 895 1898 conversa.
950 1836 1035 1913 Quod
1069 1852 1135 1895 cum

94 1927 223 1986 audisset
249 1927 308 1984 iam
337 1925 429 1984 dictus
455 1925 597 2000 inclusus,
626 1924 756 2001 exemplo
786 1924 908 1983 devotae
935 1923 1057 1982 feminae
1086 1923 1135 1980 vix

93 2031 145 2089 per
176 2029 230 2072 sex
260 2009 457 2071 hebdomadas
480 2012 639 2089 angelicam
660 2013 860 2072 salutationem
889 2009 1018 2086 praefato
1047 2007 1135 2067 modo

95 2107 124 2160 ct
149 2115 272 2158 numero
302 2099 510 2176 compleverat,
540 2106 569 2158 et
597 2117 664 2159 ecce
692 2105 802 2158 tantam
831 2097 1010 2158 dulcedinem
1031 2096 1135 2155 sentire

95 2189 190 2264 coepit
210 2189 242 2244 in
258 2185 332 2245 illius
354 2185 535 2246 dulcissimae
556 2187 733 2247 salutationis
754 2185 912 2262 prolatione
933 2187 963 2242 in
985 2200 1033 2242 ore
1055 2187 1084 2242 et
1105 2184 1135 2239 in

94 2281 219 2350 gutture,
241 2278 274 2330 nt
286 2272 378 2332 mellis
393 2265 572 2333 dulcedinem
592 2274 678 2350 longe
696 2271 909 2332 transcenderet
928 2274 992 2348 ipsa
1005 2267 1136 2329 dulcedo.
1210 2337 1215 2350 ,

95 2360 227 2420 Eandem
256 2359 435 2419 dulcedinem
462 2363 566 2420 meruit
592 2361 708 2436 quidam
737 2360 773 2420 de
794 2360 893 2418 ordine
913 2364 1010 2417 nostro
1032 2372 1136 2414 mona-

95 2447 183 2522 chus,
205 2447 336 2522 exemplo
357 2447 434 2505 illius
462 2455 643 2523 provocatus.
686 2447 768 2506 Haec
797 2446 866 2505 mihi
898 2445 989 2504 relata
1010 2450 1076 2502 sunt
1097 2443 1135 2502 ab

96 2533 200 2594 codem
220 2533 339 2592 incluso.
381 2533 457 2594 Ecce
479 2535 523 2593 his
545 2535 635 2594 tribus
661 2534 797 2612 exemplis
819 2535 888 2592 satis
911 2539 1057 2592 ostensum
1079 2537 1137 2603 est,

95 2637 202 2680 nomen
224 2622 285 2678 eius
308 2637 370 2680 esse
391 2639 480 2696 super
501 2623 557 2680 mel
579 2623 676 2694 dulce,
700 2629 728 2680 ct
749 2621 831 2697 qood
850 2621 995 2679 hereditas
1017 2621 1079 2676 cius
1099 2619 1137 2675 sit

95 2727 185 2784 snper
206 2708 265 2765 mel
286 2714 314 2766 et
332 2703 483 2787 scerew).
525 2707 728 2768 NOVICIUS:
757 2708 797 2767 Ut
819 2707 888 2782 quid
909 2707 1072 2781 appositum
1094 2709 1137 2762 est

95 2794 245 2853 hereditas
266 2797 327 2852 circe
344 2797 432 2870 cuper
453 2796 510 2852 noct
531 2803 559 2854 ct
570 2795 701 2871 fovum?
736 2792 970 2853 MONAOHUS:
992 2792 1137 2866 Repetitio

96 2881 277 2940 confirmatio
293 2887 337 2939 cst
345 2877 374 2960 ⁵).
398 2880 697 2967 Quodxhereditamus,
710 2881 766 2941 hoc
779 2882 1001 2957 frequentamus.
1022 2878 1057 2935 Irr
1070 2877 1137 2936 lavo

97 2985 165 3028 esra
188 2973 232 3026 est
253 2974 282 3025 et
302 2967 367 3026 mel.
412 2967 492 3043 Cera,
515 2971 582 3043 quia
595 2976 682 3028 tenax
698 2974 750 3043 est,
770 2971 893 3043 pertinet
905 2966 944 3027 ad
956 2965 1137 3038 memoriam3

96 3055 155 3114 mel
189 3056 321 3129 exprimit
354 3053 541 3114 dulcedinem.
594 3056 659 3114 Non
688 3058 742 3114 nisi
768 3073 820 3131 per
847 3057 943 3132 iugem
972 3053 1138 3112 memoriam

97 3143 221 3200 nominis
254 3139 404 3200 Genitricis
436 3142 496 3200 Dei
526 3145 684 3217 praemissa
719 3141 840 3201 dulcedo
875 3142 979 3218 poterit
1010 3138 1139 3213 adipisci.

98 3227 174 3288 Cera
197 3224 311 3307 etiams)
332 3228 560 3311 illuminatmel
581 3230 657 3289 cibat
679 3235 708 3288 et
727 3228 856 3288 inebriat.
899 3227 1011 3287 Nomen
1028 3225 1139 3284 Mariae

97 3308 384 3389 incompositionem
406 3316 504 3375 odorio
524 3316 649 3392 foetum,
673 3319 955 3392 opccpipmcntcrii.
997 3313 1036 3372 In
1058 3315 1139 3371 omani

99 3419 152 3460 ore
175 3405 262 3476 quaet
282 3403 340 3459 mel
360 3402 569 3476 indulcabitur,
592 3411 620 3462 ct
639 3411 675 3462 cci
695 3407 809 3461 musica
829 3407 862 3462 in
882 3404 1016 3461 convicto
1036 3397 1139 3477 oicir).

98 3487 263 3563 Utrumque
284 3491 373 3564 enim,
394 3489 629 3548 illuminationem
651 3489 759 3548 scilicet
780 3495 808 3548 et
828 3489 1026 3562 relectionem,
1047 3489 1139 3546 sancti

117 3588 150 3657 ¹¹⁸)
169 3586 258 3708 13101131.
278 3588 296 3639 l.
315 3605 340 3708 ιι.
364 3589 405 3640 24.
427 3618 457 3709 -i
471 3589 512 3708 (ι)
526 3587 571 3640 BD
595 3589 732 3641 habitat.
753 3586 1086 3710 -42)EBlyis2i1ta2r7cnt.
1107 3615 1137 3706 {-

172 3657 440 3796 ιίἒῐιίΙἰιζ)ῗᾶιιιιςᾶιιξιίιιιι.ι
462 3673 585 3780 ἀθιοῦῖιῖἱῗ.
599 3675 656 3780 {ldis
663 3657 823 3793 θΧθῆΙζ-Ώ)
846 3675 926 3792 „ppips
944 3695 1011 3776 edim
1029 3685 1087 3792 spei
1100 3655 1140 3775 esd

173 3795 329 3849 confirmatio
356 3798 428 3850 verbi
453 3798 527 3850 huius
552 3801 686 3852 iteratio.“.
704 3828 736 3837 —
763 3797 795 3865 6)
819 3795 903 3850 ΑΟΒΡ
928 3797 1019 3846 cuim.
1047 3825 1079 3834 -
1106 3795 1140 3860 7)

173 3863 249 3916 Eccli.
267 3866 310 3930 le,
329 3868 404 3919 1-2.
