2642 4330
463 305 518 368 nn
540 305 812 369 1111111111.
924 293 926 298 ’
1019 313 1022 319 ·
1094 310 1156 368 111

115 448 167 491 cus
196 446 261 489 eam
290 429 413 504 dimisit,
442 436 471 489 11
492 432 544 490 ait:
573 430 604 490 Si
625 431 690 489 ieris
713 428 751 490 ad
773 429 944 505 claustrum,
971 445 1085 507 semper
1104 433 1157 490 tibi

115 517 300 577 adversabor.
346 515 431 592 Quod
461 519 484 576 si
505 520 534 576 in
555 517 611 578 hae
632 517 704 576 hora
724 516 873 576 mulierem
893 516 972 576 illam
992 534 1051 577 non
1071 519 1157 578 invo-

114 621 221 679 casses,
236 603 406 663 occidissem
420 610 458 664 te.
479 605 517 662 Et
531 605 586 664 hoc
601 605 687 680 dicto,
703 606 842 679 vrrginem
856 603 941 662 valde
953 605 1156 680 comprimens,

113 695 143 749 in
177 708 280 751 canem
312 692 469 750 maximum
495 696 716 765 transmutatus,
750 689 785 749 de
813 691 937 750 fenestra
966 689 1103 766 exsilivit,
1129 698 1159 750 et

114 795 259 852 nusquam
280 780 449 852 comparuit.
491 777 596 854 Sisque
618 777 656 836 ad
668 774 684 858 ¹)
706 779 918 837 invocationem
937 777 993 835 Dei
1013 779 1157 854 genitricis

115 872 143 924 et
164 865 291 941 Virginis
319 866 401 941 virgo
433 865 555 924 liberata
583 871 635 924 111.
679 863 773 940 Quam
800 863 921 922 infestus
949 867 1092 924 conversis
1121 867 1164 942 sit¹

115 951 264 1025 diabolus,
287 957 315 1011 et
338 968 425 1027 quam
447 951 544 1010 multis
566 967 710 1026 quamque
733 949 852 1010 diversis
874 950 965 1009 modis
986 951 1050 1010 illos
1071 958 1158 1011 vexet

114 1045 143 1098 et
175 1037 328 1114 impediat,
362 1041 512 1113 sequentia
543 1037 738 1097 declarabunt.
782 1037 855 1096 Cum
886 1036 1033 1112 praedicta
1060 1037 1158 1113 puella

113 1127 215 1185 inisset
236 1124 379 1183 monacha
387 1121 408 1205 ²)
432 1125 542 1201 effecta,
563 1131 648 1184 nocte
671 1123 796 1199 quadam
818 1140 884 1192 eum
905 1126 934 1181 in
955 1124 1029 1183 lecto
1042 1125 1157 1198 iaceret,
1229 1147 1230 1156 ¹

114 1219 144 1273 et
166 1211 286 1271 iacendo
309 1211 450 1288 vigilaret,
472 1211 543 1271 vidit
565 1215 641 1272 circa
662 1228 693 1270 se
714 1211 810 1287 plures
833 1210 987 1270 daemones
1009 1213 1038 1270 iu
1061 1212 1156 1286 specie

113 1301 251 1358 virorum.
293 1297 339 1356 Ex
362 1299 466 1373 quibus
487 1317 562 1357 unus
583 1304 703 1374 aspectu
725 1299 884 1357 teterrimus
906 1299 1001 1357 stabat
1016 1296 1055 1356 ad
1069 1305 1157 1374 caput

114 1389 185 1460 eius,
208 1385 266 1444 dno
288 1383 326 1444 ad
348 1384 446 1460 pedes,
469 1393 587 1460 quartus
610 1385 756 1444 exlatere
779 1391 878 1444 contra
892 1402 964 1444 eam.
1008 1384 1065 1460 Qui
1080 1385 1157 1444 clara

96 1483 188 1532 'voce
211 1470 248 1530 ad
270 1471 342 1530 alios
365 1472 524 1531 clamabat:
561 1467 637 1547 Quid
659 1471 762 1530 statis?
805 1471 909 1530 Tollite
931 1466 1009 1530 illam
1031 1472 1156 1534 totaliter

113 1562 190 1620 sicut
222 1561 310 1632 iacet,
345 1564 374 1617 et
401 1561 505 1618 venite.
559 1558 780 1634 Responderunt
808 1557 866 1616 illi:
900 1556 965 1619 Non
993 1575 1169 1636 possumus:

113 1647 268 1706 Invocavit
290 1645 367 1704 enim
389 1645 536 1705 mulierem
556 1645 643 1704 illam.
685 1643 888 1704 NOVIGIUS:
917 1644 993 1721 Quid
1015 1636 1156 1722 estquod

114 1733 272 1792 daemones
315 1737 438 1791 matrem
482 1734 526 1790 sui
564 1732 706 1792 Creatoris
740 1735 887 1790 nominare
925 1739 1157 1806 praesumserunt

113 1823 231 1880 nomine
253 1810 366 1878 tantrrm
389 1819 571 1894 conditionis,
600 1826 629 1879 et
657 1836 716 1877 non
744 1817 882 1877 honoris?
924 1817 1031 1878 Mulier
1050 1823 1156 1878 nomen

114 1912 161 1968 est
192 1907 382 1981 corruptionis
414 1911 443 1964 et
475 1912 608 1981 naturae,
642 1906 748 1982 Virgo,
783 1903 831 1964 vel
865 1904 973 1979 Maria,
1006 1906 1066 1965 sive
1100 1904 1156 1964 Dei

112 1995 255 2072 genitrix,
290 1995 407 2051 nomina
441 1997 508 2050 sunt
541 1993 658 2069 gloriae.
711 1990 947 2052 MONAOHUS:
991 1991 1057 2052 Non
1089 2000 1157 2051 sunt

112 2083 191 2156 ausi,
225 2082 294 2155 quia
321 2078 445 2155 indigni,
474 2095 522 2138 111
550 2077 660 2154 polluto
688 2096 794 2138 nomen
825 2080 994 2156 integritatis
1014 2079 1061 2139 vel
1089 2079 1155 2155 glo-

112 2170 174 2226 riae
201 2168 360 2226 nominare.
403 2164 485 2224 Idem
513 2172 611 2225 tamen
644 2166 767 2225 daemon
794 2170 862 2240 post
890 2167 980 2226 verba
1011 2166 1158 2242 angelicae

111 2253 309 2327 salutationis,
338 2252 464 2329 puellam
495 2253 613 2313 brachio
643 2252 742 2336 11111111
772 2253 869 2328 traxit,
902 2259 932 2312 et
959 2252 1099 2312 trahendo
1127 2255 1157 2312 in

112 2346 227 2400 tantum
257 2341 443 2415 compressit,
468 2346 502 2397 ut
529 2343 769 2415 compressionem
804 2346 914 2415 tumor,
954 2345 983 2398 et
1017 2346 1158 2399 tumorem

111 2433 280 2504 sequeretur
307 2421 418 2504 livor³).
462 2424 544 2502 Quae
566 2443 632 2485 cum
653 2427 773 2486 haberet
793 2428 937 2484 sinistram
957 2425 1093 2501 liberam,
1122 2437 1158 2486 ex
1270 2449 1273 2454 ·
1313 2483 1314 2490 ,

110 2517 200 2573 nimia
228 2512 410 2588 simplicitate
438 2529 496 2571 non
525 2519 568 2572 est
597 2531 668 2574 ausa
697 2531 728 2573 se
758 2515 871 2589 signare
899 2513 1066 2589 perillam,
1100 2532 1157 2589 pu·

111 2609 178 2661 tans
210 2603 324 2678 signum
353 2616 455 2658 manus
484 2601 614 2660 sinistrae
643 2600 712 2658 nihil
744 2601 797 2658 sibi
825 2599 971 2677 prodesse.
1030 2599 1157 2676 Cogente
1234 2618 1240 2631 ‘

111 2696 209 2748 tamen
231 2688 416 2760 necessitate,
436 2703 489 2762 per
510 2685 631 2746 eandem
653 2705 771 2746 manum
793 2703 906 2745 crucem
928 2687 981 2746 sibi
1002 2689 1157 2762 impressit,

112 2781 144 2834 11
171 2774 328 2834 daemones
356 2773 476 2849 fugavit.
517 2773 654 2832 Liberata
681 2775 719 2833 ab
748 2773 817 2846 illis,
849 2790 924 2849 pene
953 2776 1090 2834 exanimis
1119 2773 1158 2832 ad

112 2862 220 2920 lectum
243 2860 393 2920 cuiusdam
414 2862 518 2918 sororis
541 2863 677 2935 cucurrit,
706 2865 734 2918 et
754 2860 845 2919 fracto
867 2860 990 2935 silentio,
1020 2861 1089 2935 quid
1110 2863 1158 2920 vi-

113 2931 186 3008 dent
214 2948 263 3008 vel
292 2947 361 3023 quid
388 2964 476 3021 passa
505 2949 556 3021 sit,
583 2947 623 3004 illi
650 2949 799 3005 intimavit.
843 2945 950 3023 Quam,
982 2949 1057 3006 sieut
1088 2947 1158 3006 mihi
1272 2945 1277 2960 “

113 3034 209 3094 retulit
228 3035 333 3094 beatae
362 3036 517 3092 memoriae
539 3033 654 3093 domina
675 3033 840 3108 Elizabeth,
870 3034 998 3092 eiusdem
1025 3034 1158 3093 coenobii

112 3120 280 3196 Abbatissa,
301 3137 417 3180 sorores
434 3122 463 3179 in
484 3120 559 3180 lecto
575 3125 791 3196 supponentes,
814 3126 842 3178 11
863 3122 1033 3196 principium
1055 3121 1156 3180 Evan-
1173 3173 1175 3184 .

112 3208 179 3284 gelli
199 3204 371 3287 Johannisi)
394 3224 481 3282 super
502 3224 566 3266 eam
586 3207 723 3284 legentes,
746 3224 831 3265 mane
838 3210 1044 3284 regyratum
1035 3225 1156 3267 1111111-

111 3303 186 3354 11111.
239 3293 326 3353 Anno
359 3285 429 3353 vend
469 3295 600 3369 sequenti
630 3296 802 3368 intempesta
832 3301 918 3353 nocte
951 3311 1017 3353 cum
1053 3293 1176 3354 eadem

111 3381 335 3443 sanctimonialis
363 3383 394 3438 in
426 3386 517 3439 stratu
548 3397 601 3440 sno
633 3383 731 3439 iacens
759 3380 906 3456 vigilaret,
938 3380 1010 3440 vidit
1043 3383 1153 3440 eminus

112 3467 185 3528 duos
208 3467 364 3528 daemones
384 3469 414 3525 in
446 3470 541 3543 specie
564 3467 685 3528 duamm
706 3459 837 3526 sororum
858 3467 1012 3544 plurimum
1033 3469 1088 3527 sibi
1110 3467 1169 3526 di-‘

110 3556 258 3616 lectarum.
304 3554 357 3613 (lui
386 3571 452 3612 oum
475 3555 602 3614 dicerent
614 3551 649 3634 ⁶):
679 3554 766 3614 Soror
785 3555 932 3630 Emonia,
962 3571 1061 3631 surge,
1090 3557 1156 3615 veni

363 3653 365 3662 1
470 3642 475 3666 l

129 3743 162 3810 1)
183 3741 204 3794 Β
222 3739 539 3810 ρ11.--2)Β11111
565 3739 736 3804 monacha,
759 3739 947 3792 Pmonacha
969 3737 1102 3792 luisset.
1122 3767 1153 3778 -

179 3812 212 3879 3)
229 3810 295 3864 11οΡ
313 3808 402 3861 livor
419 3807 784 3878 sequeretur-108⁰
809 3811 917 3863 sancti
933 3807 1101 3861 lohannis
1121 3837 1153 3845 —

180 3883 212 3951 )
180 3882 249 3935 P
267 3880 418 3932 ducerent
436 3878 523 3931 illae.
