2664 4308
480 303 533 362 DE
555 301 712 364 sancta
728 303 870 364 MARIA.
1152 307 1192 364 29
1242 357 1247 362 .

154 427 235 500 virgo
265 431 332 488 ante
365 441 456 484 anuos
487 443 597 500 paucos
631 432 675 486 est
713 425 861 501 dehrnota,
897 425 1011 484 nomine
1044 424 1194 486 Christina.

153 509 230 571 Huic
257 511 403 571 Dominus
435 518 464 570 et
491 513 576 572 beata
611 515 671 572 eius
704 511 834 572 Genitrix
865 512 987 589 plurima
1020 511 1056 571 de
1078 514 1193 572 secretis

153 600 212 656 suis
233 597 447 672 revelaverunt,
478 615 512 658 ex
540 599 643 675 quibus
672 599 782 674 aliqua,
814 616 872 658 non
899 598 1114 674 perordinem,
1142 599 1194 658 sed

152 687 275 760 sparsim
307 685 359 743 tibi
388 685 541 760 replicabo.
586 685 816 761 Cumtempore
843 686 969 760 quodam
991 688 1019 743 in
1040 686 1193 746 festivitate

152 771 366 848 Assumptionis
398 765 627 849 gloriosissimae
646 760 788 832 Dominae
816 778 930 832 nostrae
959 775 1088 832 visitaret
1115 771 1193 848 apud

70 909 74 914 .
152 874 205 917 nos
223 851 400 934 'praediohrs
432 858 606 918 Eustachius
638 867 720 934 pater
751 865 860 934 noster,
892 865 921 919 et
953 865 1053 919 essent«
1069 877 1136 918 cum
1159 876 1192 918 eo

152 943 249 1020 plures
264 943 405 1025 Abbates,
426 947 454 1003 in
475 949 539 1022 ipsa
557 948 749 1007 sacratissima
769 952 854 1005 noete
875 948 933 1004 iam
955 945 1035 1005 diota
1053 947 1134 1022 virgo
1157 945 1192 1006 de

152 1031 216 1091 loco
239 1038 336 1091 nostro
359 1034 499 1092 visionem
520 1031 592 1091 vidit
612 1032 785 1091 huiusmodi.
829 1031 902 1091 Cum
923 1032 1026 1092 Abbas
1047 1033 1193 1109 praefatus

152 1117 229 1177 dieto
244 1118 403 1194 Evangelio
418 1119 566 1196 hymnum,
591 1119 631 1177 Te
644 1121 744 1178 Deam
759 1119 929 1192 laudamus,
950 1119 1123 1194 inchoasset,
1144 1119 1193 1178 illa
1209 1125 1218 1134 ‘

151 1211 230 1264 stans
252 1207 281 1264 in
303 1205 390 1265 choro
413 1223 475 1279 suo,
497 1206 601 1264 mentis
618 1223 769 1265 excessum
790 1224 877 1281 passa
901 1213 953 1280 est,
974 1205 1101 1281 viditque
1124 1222 1192 1266 coe-

151 1290 210 1350 lum
232 1308 320 1367 super
347 1295 599 1368 congregationem
626 1299 753 1351 nostram
785 1299 926 1368 apertum.
976 1293 1015 1351 Et
1046 1311 1112 1352 oum
1143 1292 1191 1351 illo

150 1381 179 1436 in
193 1375 209 1458 ¹)
231 1386 360 1454 ternpore
383 1382 538 1438 oratorium
559 1385 689 1438 nostrum
710 1384 802 1438 totum
825 1385 900 1440 esset
920 1379 1060 1456 ligneum,
1082 1385 1192 1439 utram-

151 1482 207 1540 que
240 1468 302 1526 eius
322 1465 442 1525 frontem
470 1483 588 1524 auream
615 1483 678 1524 esse
700 1469 854 1542 conspexit.
897 1466 1056 1527 Sustollens
1078 1466 1192 1540 oculos,

151 1569 217 1611 oum
238 1548 297 1632 in²)
321 1552 432 1612 coelum
453 1554 625 1627 intueretur,
654 1553 809 1629 gloriosam
830 1553 887 1613 Dei
909 1552 1084 1612 Genitricem
1105 1556 1192 1622 totius

150 1638 257 1698 ordinis
278 1641 366 1699 nostri
378 1646 538 1715 patronam,
557 1641 587 1697 in
605 1639 674 1699 sede
688 1639 916 1716 splendidissima
929 1640 1001 1699 vidit
1012 1640 1192 1716 residentem,

151 1732 180 1785 et
201 1728 278 1786 cirea
306 1726 383 1784 illam
412 1733 577 1785 sanctorum
607 1726 831 1802 multitudinem,
860 1743 981 1802 quorum
1013 1733 1094 1787 aetas
1116 1730 1192 1787 cirea

151 1813 252 1889 viginti
286 1815 412 1889 quinque
450 1830 541 1873 annos
574 1831 637 1873 esse
669 1812 828 1872 videbatur.
884 1812 957 1871 Cum
986 1831 1055 1874 vero
1088 1813 1192 1874 chorus
1303 1831 1308 1842 ·

149 1899 362 1960 monachorum
387 1899 550 1959 inclinando
581 1900 684 1959 devote
717 1905 858 1973 cantaret,
890 1900 1031 1972 Sanctus,
1063 1908 1191 1974 sanctos,

149 1994 283 2058 sanetus,
305 1986 456 2046 Dominus
476 1988 561 2046 Deus
582 1986 729 2059 Sabaoth,
757 1989 820 2061 ipsa
841 1987 931 2062 Virgo
953 1987 1118 2046 beatissima
1140 1986 1192 2046 de-

149 2075 258 2132 votioni
290 2089 389 2132 eorum
418 2073 634 2150 congratulans,
672 2091 806 2132 eoronam
844 2075 932 2132 mirae
964 2073 1193 2150 pulchritudinis,

150 2159 298 2235 quales'in
312 2159 438 2236 eeclesiis
455 2160 580 2236 pendere
603 2160 704 2235 solent,
724 2177 776 2236 per
797 2160 949 2220 cathenam
970 2178 1087 2220 auream
1108 2178 1193 2237 super

150 2254 324 2306 conventum
346 2246 459 2306 demisit
468 2244 498 2326 ³).
541 2247 620 2307 Loco
643 2255 741 2306 autem
761 2247 829 2306 nodi
850 2264 965 2324 gemma
987 2253 1048 2306 erat
1067 2250 1193 2323 pretiosa

150 2335 234 2392 nimis
255 2351 291 2392 ae
312 2333 423 2408 lucida,
450 2336 481 2392 in
503 2351 561 2409 qua
582 2337 719 2410 scriptum
741 2340 813 2408 erat,
844 2352 861 2394 ο
884 2333 1024 2409 clemens,
1051 2351 1069 2394 o
1090 2337 1152 2410 pia,
1174 2351 1191 2394 o

150 2419 242 2480 dulcis
263 2419 366 2480 Maria.
416 2420 463 2480 De
483 2423 547 2496 ipsa
568 2439 683 2497 gemma
704 2423 759 2485 tria
779 2420 974 2496 procedebant
1001 2418 1192 2501 brachiuw),

150 2523 225 2582 quae
268 2523 402 2567 coronam
439 2507 648 2583 dependentem
676 2509 844 2568 retinebant.
901 2509 946 2567 Ex
978 2511 1092 2568 nomine
1123 2525 1192 2569 vero

149 2593 257 2669 Maria,
289 2594 362 2652 radii
383 2594 501 2669 qnidam
523 2602 675 2670 exeuntes,
696 2598 813 2655 uomina
833 2595 1039 2655 monachorum
1063 2596 1192 2672 singulo-

47 2709 49 2714 ·
149 2677 256 2760 rums),
279 2681 382 2740 eadem
403 2681 475 2740 hora
495 2683 525 2739 in
548 2682 635 2741 choro
659 2684 853 2757 existentium,
875 2698 949 2757 quae
970 2700 1022 2758 per
1043 2685 1192 2742 ohcrdtum

150 2785 273 2827 coronae
287 2770 393 2843 scripta
406 2767 585 2844 videbantur,
606 2768 814 2828 illuminabant.
852 2767 886 2826 Iu
900 2768 1008 2828 eisdem
1029 2770 1192 2829 nominibus

149 2871 256 2931 magna
285 2862 346 2912 erat
367 2854 563 2931 inaequalitas
591 2861 652 2915 tam
678 2857 870 2930 inpositione
892 2873 980 2931 quam
1000 2858 1029 2914 in
1052 2856 1192 2929 claritate,
1266 2864 1269 2872 ’

150 2943 218 3016 quia
246 2939 406 3000 seeundum
439 2941 606 3017 qualitatem
625 2945 792 3001 meritorum
815 2948 875 3001 erat
896 2942 1010 3002 claritas
1030 2944 1192 3019 nominum,

150 3035 179 3086 et
201 3026 381 3104 quorundam
401 3030 534 3103 uomina,
556 3031 605 3103 qui
626 3029 777 3088 recentiori
797 3035 926 3105 tempore
948 3036 1094 3103 venerant,
1117 3047 1192 3106 quo-

150 3115 271 3174 nmdam
299 3116 461 3174 nominibus
489 3115 661 3175 videbantur
682 3118 844 3191 superiora,
876 3118 924 3191 qui
954 3116 1004 3176 diu
1032 3120 1061 3175 in
1094 3116 1192 3176 ordine
1277 3153 1279 3159 ι

139 3202 360 3278 damnaverant.
402 3202 447 3260 Ex
469 3220 526 3277 quo
550 3202 691 3279 colligitur
719 3202 796 3277 quod
825 3204 928 3260 merita
948 3202 1074 3263 Domino
1096 3204 1192 3264 famu-

150 3288 276 3348 lantium·
291 3306 350 3348 non
365 3291 522 3348 consistant
539 3306 626 3365 penes
649 3291 774 3366 spatium
796 3287 941 3365 temporis,
962 3305 1020 3348 non
1041 3293 1071 3348 in
1092 3289 1209 3361 labore¹

151 3373 292 3452 corporis,
325 3375 376 3434 sed
399 3377 491 3452 magis
512 3393 601 3451 penes
622 3376 764 3436 fervorem
786 3374 955 3435 devotionis.
1000 3375 1073 3435 Cum
1095 3383 1192 3437 autern

170 3526 200 3595 1)
217 3528 249 3578 in
267 3541 309 3578 om
327 3525 479 3593 BD.-2]
498 3527 528 3578 in
553 3526 602 3577 add
620 3527 1191 3597 ss.-a]ssrrmtsrt.-4)trbraa

219 3595 298 3648 chia.
334 3595 423 3647 llomil.
442 3596 482 3648 lV.
501 3612 526 3662 p.
546 3597 607 3649 176:
637 3596 739 3661 „llodns
756 3596 798 3648 vel
815 3597 905 3666 globus
923 3597 955 3649 de
973 3613 1024 3666 quo
1042 3598 1191 3666 quibusdam

141 3697 145 3704 ·
218 3663 353 3717 brachiolis
371 3680 465 3718 corona
482 3666 538 3732 ipsa
555 3664 696 3732 dependet,
719 3666 873 3719 rotunditate
891 3683 936 3719 sna
953 3676 1029 3736 atque
1046 3671 1129 3720 nitore
1147 3683 1192 3720 so-

219 3735 273 3787 lare
290 3749 382 3802 eorpus
399 3738 550 3802 exprimens,
568 3735 693 3788 Christum
712 3737 837 3804 significat
854 3736 932 3790 solens
950 3738 1070 3802 iustitiae,
1087 3740 1191 3806 qui'ra-
1248 3772 1253 3783 ,
1302 3765 1314 3780 ·

220 3803 268 3855 diis
295 3819 356 3856 suae
382 3807 479 3874 gratiae
504 3813 555 3856 tarn
582 3805 718 3876 Apostolos
744 3822 819 3874 quam
843 3805 978 3874 discipulos
1002 3806 1050 3858 sibi
1076 3808 1191 3870 attraxit,

221 3874 381 3939 sustentavit,
398 3873 570 3928 illuminavit.“
585 3905 614 3916 -·
629 3875 663 3943 5)
680 3875 720 3928 ΒΡ
738 3875 936 3946 singulorum
955 3876 1189 3929 monachorum.
