2580 4316
149 239 185 298 s·
481 237 709 302 normanno
730 236 861 300 rems
938 189 942 204 ¹

148 358 386 422 MONACHUS:
414 358 568 422 Conversio
599 367 643 420 est
669 362 762 422 cordis
790 363 900 436 versio,
927 360 976 421 vel
1005 359 1040 420 de
1061 358 1139 422 malo
1159 361 1189 422 in

147 449 273 524 bonum„
307 447 355 507 vel
382 446 419 508 de
440 449 517 508 bono
538 450 568 506 in
589 448 705 522 melius,
733 447 782 508 vel
803 448 839 508 de
860 447 969 510 meliori
989 450 1019 508 in
1041 449 1189 523 optimum.

147 534 197 595 De
225 535 280 594 hac
309 537 440 596 versione
460 553 513 610 per
538 534 721 596 Salomonem
744 535 859 594 dicitur:
888 536 974 595 Verte
994 538 1132 610 inpium,
1162 542 1190 594 et

148 640 212 683 reon
232 626 289 682 crit
301 618 338 698 ¹),·
358 621 505 696 subaudis,
526 628 669 698 peccator,
691 621 769 697 quod
782 625 860 697 prius
874 622 934 680 fuit
976 621 1075 680 Prima
1094 623 1189 682 versio

44 717 46 722 ’
149 716 194 770 cst
215 708 254 772 ed
275 726 332 784 cor,
353 697 480 769 secunda
501 711 530 766 in
553 709 653 783 corde,
675 711 760 769 tertia
781 709 817 768 de
840 709 943 783 corde;
965 711 1057 784 prima
1080 709 1188 768 contri·

149 798 249 870 tionis,
275 795 402 856 secunda
423 796 598 870 devotionis,
626 798 711 856 tertia
732 794 988 872 contemplationis.
1032 795 1189 857 Conversio

149 883 188 942 ad
202 899 267 957 cor,
289 889 332 942 est
353 882 445 944 redire
468 883 504 942 de
526 881 611 958 culpa
632 883 670 942 ad
691 885 820 959 gratiam,
843 882 879 942 de
899 888 1020 958 peccato
1043 881 1082 944 ad
1102 884 1186 942 iusti-

45 1040 48 1046 ,
149 972 227 1044 tiam,
250 969 369 1030 devitio
392 968 429 1028 ad
445 973 585 1029 virtutem.
603 969 675 1029 'De
689 969 744 1029 hac
758 988 811 1046 per
829 970 936 1030 isaiam
951 969 1067 1030 dicitur:
1090 971 1189 1028 Proo-

148 1059 345 1130 accentores,
366 1057 458 1116 redite
480 1058 521 1115 ad
542 1049 631 1133 cor²).
675 1056 830 1117 Conversio
852 1058 882 1114 in
905 1056 1006 1130 corde,
1034 1062 1078 1116 est
1098 1055 1190 1132 profi·

149 1159 214 1204 cere
235 1145 265 1202 in
290 1145 420 1218 caritate,
453 1146 493 1202 ire
516 1143 551 1202 de
581 1145 683 1203 virtute
709 1147 738 1202 in
761 1146 909 1218 virtutem,
939 1143 1031 1203 donec
1058 1142 1191 1202 videatur

148 1227 231 1289 Deus
245 1229 363 1290 deorum
384 1233 413 1288 in
429 1229 507 1304 Sion,
527 1229 558 1288 id
580 1236 631 1304 est,
652 1232 681 1289 in
704 1230 951 1306 contemplatione.
995 1229 1041 1289 De
1063 1229 1118 1289 heo
1137 1245 1190 1305 per

149 1315 333 1378 Psalmistam
361 1316 477 1376 dicitur:
506 1319 695 1376 decoctiones
722 1321 755 1376 cic
783 1317 870 1376 cordo
897 1334 956 1375 eoo
974 1317 1131 1392 disposuit,
1162 1322 1191 1378 et

149 1400 284 1483 cetera2).
337 1402 492 1462 Conversio
523 1403 559 1462 de
585 1403 746 1478 condecet
771 1405 873 1462 mentis
896 1420 1030 1464 excessus
1059 1405 1089 1462 in
1118 1419 1190 1463 con-

149 1489 342 1566 templatione.
384 1489 450 1550 Hac
460 1507 513 1549 usa
527 1496 594 1549 sunt
605 1490 740 1550 coelestia
757 1488 834 1571 illa¹)
857 1490 999 1564 animalia,
1021 1507 1096 1565 quae
1109 1491 1191 1550 ibant

150 1582 179 1636 ct
204 1579 421 1636 revertebantur
429 1574 465 1656 Β);
487 1578 569 1636 ibant
597 1576 633 1636 de
662 1577 747 1636 corde
776 1577 814 1638 ad
841 1577 953 1651 Deum,
986 1594 1037 1652 per
1058 1583 1190 1642 contem-

148 1662 305 1738 plationem
340 1664 538 1740 ascendendo,
573 1665 788 1724 revertebantur
821 1664 860 1724 ad
899 1667 1042 1728 actionem
1077 1679 1191 1726 rursum

150 1749 359 1812 descendendo.
412 1750 621 1826 Contemplatio
655 1769 743 1827 supra
775 1767 823 1810 cor
856 1757 913 1826 est,
949 1750 1026 1813 unde
1055 1767 1191 1812 assessus

149 1840 253 1896 mentis
281 1840 311 1896 in
335 1841 481 1912 scripturis
509 1838 619 1897 dicitur.
662 1839 775 1899 Dicitur
802 1844 900 1899 autem
929 1840 1076 1898 conversio
1107 1839 1191 1914 quasi

149 1923 236 1984 simul
260 1926 373 1999 versio,
406 1924 436 1982 id
463 1931 520 2000 est,
549 1915 681 2004 totalis⁶).
724 1925 891 1985 Secundum
917 1924 988 1984 hoc:
1016 1925 1073 2000 Qui
1100 1941 1191 1987 unum

149 2012 251 2070 vitium
272 2011 385 2086 deserit,
407 2017 436 2070 et
448 2012 485 2071 ab
505 2011 594 2072 altero
617 2029 676 2071 non
696 2011 812 2087 recedit,
834 2029 865 2072 sc
887 2011 1003 2086 quidem
1023 2014 1117 2086 vertit,
1138 2010 1192 2072 sed

148 2115 207 2158 non
243 2101 391 2158 convertit.
441 2097 524 2158 Unde
559 2098 716 2160 Psalmista
746 2105 824 2158 orat:
856 2097 999 2158 Converte
1026 2116 1081 2159 noe
1106 2099 1191 2158 Deus

147 2185 290 2244 solutoris
303 2192 403 2245 noster
410 2182 441 2262 ⁷).
484 2185 538 2243 Est
559 2192 588 2244 et
609 2186 666 2244 alia
687 2188 797 2261 species
812 2185 1015 2259 conversionis,
1038 2203 1105 2245 cum
1126 2187 1192 2261 quis

146 2271 243 2331 locum
280 2278 309 2331 et
340 2270 499 2352 habituml)
529 2278 636 2347 mutat,
665 2272 726 2331 zelo
759 2272 879 2331 alicuius
907 2272 1058 2348 religionis.
1110 2271 1193 2331 Talis

148 2360 296 2418 conversio
326 2375 413 2434 saepe
444 2359 478 2417 iit
504 2361 564 2417 sine
592 2361 769 2418 contritione.
819 2359 921 2435 Neque
953 2354 1118 2438 magnum⁹l
1148 2364 1195 2418 est

148 2461 245 2505 coram
262 2444 328 2504 Deo
350 2452 532 2522 peecatorem
553 2452 664 2504 mutare
686 2446 791 2520 locum,
812 2452 842 2505 et
862 2463 920 2504 non
941 2447 1058 2519 vitium;
1079 2451 1193 2505 mutare

147 2537 275 2607 vestem,
300 2538 329 2591 et
349 2549 408 2590 non
429 2539 564 2592 mentem.
606 2531 793 2592 Monstruosa
815 2549 860 2591 res
883 2540 926 2592 est
941 2530 986 2612 ¹⁰),
1008 2532 1062 2591 sub
1085 2533 1194 2592 vestitu

148 2621 247 2678 ovium
276 2635 325 2678 cor
350 2637 450 2696 gerere
479 2619 617 2694 lupinum.
666 2618 871 2679 NOVICIUS=
900 2617 1048 2694 Numquid
1077 2624 1106 2678 et
1134 2618 1193 2679 hoo

148 2708 314 2784 contingere
335 2703 431 2766 solet?
474 2703 711 2774 MONACHUS:
732 2705 836 2782 Etiam,
858 2723 926 2767 cccc
948 2703 1110 2782 exemplum
1125 2701 1165 2786 ¹¹).

166 2977 198 3048 1)
216 2977 336 3100 ff⁰v⁰¹b=³
356 2977 399 3117 122),
411 2979 676 3118 ἷΜοὶἕυέαυᾱές
693 2975 1195 3118 (ξξὲιιιῐηὸἕτοόευὴαὸἀὲᾒεξῗίιηώ-

233 3063 345 3100 re.-
427 3066 472 3100 sar.
528 3079 623 3111 ,.·—
754 3089 760 3101 .
858 3078 915 3100 .-
1045 3061 1196 3099 r2=acoc-

218 3065 333 3170 legatia.
354 3147 384 3158 -—
404 3119 436 3187 5]
456 3118 550 3171 fflcclr,
570 3120 595 3181 1,
612 3120 655 3171 11.
667 3119 762 3172 llomil.
775 3087 821 3170 lit'
837 3133 862 3185 p.
877 3119 940 3170 idi:
961 3117 1108 3182 „anirnulie,
1126 3131 1194 3184 quaa

214 3187 280 3242 ¹vidit
297 3184 415 3240 Ezechiel
432 3192 458 3240 in
476 3191 573 3241 visione
590 3189 652 3252 idei,
678 3189 748 3242 ibent
772 3198 798 3244 ot
815 3188 1016 3242 revertebuntur.
1044 3187 1111 3240 llaec
1132 3187 1194 3240 imi-

216 3260 264 3310 tari
276 3257 369 3308 debent
377 3260 428 3311 ¹viri
441 3251 561 3328 religiosi,
572 3259 656 3318 eundo
666 3259 696 3309 ad
707 3262 785 3314 vitam
798 3257 1016 3325 contemplativam
1028 3267 1053 3310 ct
1061 3254 1195 3310 redeundo

217 3325 248 3379 ad
259 3329 374 3379 activam.
388 3327 494 3392 Quando
504 3328 628 3390 monachi,
639 3331 713 3381 varlis
723 3328 812 3381 officiis
825 3327 948 3396 deputati,
958 3327 1089 3395 psallendi,
1103 3324 1195 3377 orandi

216 3396 387 3449 meditandive
401 3414 476 3449 causa
490 3407 640 3466 praeparent
660 3415 687 3450 se
702 3398 891 3461 adoratorium,
910 3407 968 3451 sunt
989 3395 1194 3462 contemplativi3

217 3465 318 3535 quando
332 3465 364 3518 ed
377 3467 460 3519 cilicia
472 3467 588 3529 redeunt,
597 3469 698 3520 activi.“
711 3467 892 3536 -26Jrepcta
901 3469 1020 3520 versio.
1035 3465 1106 3518 Conl.
1117 3467 1195 3518 etin-

217 3537 257 3588 ira
274 3536 311 3600 ll,
330 3537 353 3586 1.
373 3565 403 3576 -
423 3537 455 3603 7)
472 3537 537 3589 Paul.
553 3538 604 3600 84,
624 3539 648 3588 5.
667 3566 699 3585 -.-
714 3537 750 3602 78)
769 3537 795 3588 cO
813 3537 963 3590 habi-tum
982 3545 1014 3587 at
1032 3535 1193 3588 locunt.—

219 3606 251 3672 9)
267 3605 292 3656 Μ
310 3613 359 3667 est,
377 3621 472 3672 parurn.
493 3635 523 3647 -
544 3606 593 3673 10)
610 3605 651 3658 BC
670 3616 719 3659 eet
737 3623 798 3658 res.
817 3606 906 3660 llornil.
921 3607 961 3660 lll.
980 3621 1004 3674 p.
1019 3605 1082 3658 too:
1103 3619 1195 3670 „mon-

217 3683 317 3728 struosa
333 3691 376 3728 res
394 3683 441 3738 est,
459 3675 596 3728 monachus
613 3676 763 3742 superbea¹⁴
783 3677 809 3730 S.
825 3677 946 3730 Barnard.
964 3676 1030 3743 opp.
1046 3675 1086 3728 111.
1100 3691 1125 3742 p.
1144 3673 1195 3727 27:

218 3753 392 3810 „monstruosa
417 3761 469 3807 res,
498 3744 593 3813 gradus
615 3763 743 3814 summus,
766 3755 793 3800 et
816 3748 914 3802 animus
941 3747 1065 3800 tranunt
1085 3773 1121 3808 -ν,
1143 3743 1194 3815 11)

216 3830 294 3867 ecco
312 3813 493 3882 exemptum
511 3830 552 3868 om
577 3815 626 3872 BC.
