2538 4314
396 257 453 317 DE
476 254 753 318 GONFESSIONE.
972 305 976 313 .
1036 257 1093 314 151

90 374 168 438 domus
178 394 252 438 meae
264 373 280 459 ¹)
302 379 342 439 ad
364 379 457 438 talem
470 377 574 452 locum,
597 384 712 440 etcum
734 375 853 451 rediero,
873 381 992 452 paratus
1014 378 1097 436 vobis

89 479 123 522 ero
140 463 171 522 ad
186 481 294 525 omnam
316 472 449 526 vestram
470 465 657 525 voluntatem.
699 464 758 524 Irit
780 470 809 523 et
829 463 920 538 rediit,
942 469 971 522 et
992 479 1097 522 cuma

86 547 211 611 dulciore
229 552 386 627 didicisset,
409 553 487 628 quod
507 559 604 611 tamen
624 569 682 611 uon
703 552 853 628 ignoravit,
875 551 952 609 misit
972 549 1010 610 ad
1032 567 1097 610 mo·

84 640 223 713 ramnum,
243 647 348 716 petens
370 641 427 700 sibi
451 640 602 702 transmitti
624 637 815 700 confessorem
838 637 1000 696 discrmum.
1044 636 1097 697 Cui

83 739 138 798 oum,
158 734 303 800 praesente
319 743 473 801 converso,
494 727 570 786 idem
595 724 714 786 clericus
735 730 857 801 peccata
877 740 931 782 sua
953 724 1021 782 satis
1044 723 1096 784 de-

81 817 131 868 note
149 812 344 889 confiteretur,
383 820 413 872 et
440 815 470 872 in
492 812 609 872 diversis
638 812 708 871 locis
734 811 831 886 aliqua
851 828 903 885 per
924 810 1097 870 oblivionem

79 898 226 974 bmsslbret,
244 901 393 976 quaedam
401 896 422 980 ²)
446 902 530 958 etiam
551 904 667 975 proptor
689 899 915 960 erubescentiam
936 899 1030 956 minus
1050 899 1096 956 in·

78 983 197 1059 agraliter
209 1003 276 1046 cum
298 990 361 1048 suis
375 987 593 1046 circumstantiis
607 987 784 1061 exprimeret,
806 987 1013 1058 interrumpens
1036 986 1096 1043 eins

78 1071 260 1133 mastalonem
272 1077 334 1133 iam
354 1073 448 1132 dictus
462 1072 560 1132 Simon
574 1074 627 1131 ait:
643 1072 739 1148 Quare
752 1071 824 1131 baec
838 1077 866 1130 et
887 1070 960 1130 baec
977 1077 1098 1145 peccata

76 1157 221 1218 ulands?
264 1161 330 1220 Ista
358 1162 389 1218 in
418 1159 469 1218 tali
497 1164 592 1218 aetate
620 1161 814 1233 commisistis,
843 1154 901 1236 et³)
930 1155 979 1216 illa
1001 1163 1030 1216 et
1048 1157 1098 1215 illa

75 1243 156 1303 irr-tali
174 1246 238 1306 loco
262 1265 300 1306 ex
323 1247 460 1320 levitate,
482 1245 618 1305 nonnulla
639 1263 675 1306 ex
695 1247 866 1312 neoessitate
880 1235 1008 1319 'lecistis3
1030 1244 1096 1303 ubi·

75 1345 118 1402 que
136 1347 198 1391 eum
219 1336 384 1410 corrigens,
412 1335 454 1392 ita
481 1337 514 1390 ut
534 1332 619 1391 valde
641 1334 805 1405 miraretur,
839 1337 868 1390 et
898 1348 964 1389 cum
985 1332 1098 1408 Regina

74 1415 156 1476 Austri
174 1419 302 1479 mediam
325 1426 437 1496 partem
458 1421 566 1495 gratiae
588 1415 682 1500 eius²)
704 1435 762 1478 nou
783 1435 815 1476 sc
844 1417 959 1477 audisse
990 1418 1106 1482 fatere,

73 1500 144 1583 1115).
183 1506 314 1568 Rediens
343 1523 414 1567 vero
449 1505 488 1565 ad
516 1505 625 1566 Urbem
652 1523 718 1565 cnm
750 1503 856 1582 gaudio
885 1520 1006 1582 magno,
1046 1521 1097 1580 per

74 1595 147 1650 lotam
176 1596 288 1654 curiam
315 1595 345 1652 in
372 1599 486 1652 tautum
514 1610 598 1652 suum
625 1591 795 1668 prophetam
823 1591 1032 1668 magnificavit,
1064 1598 1097 1650 ut

74 1673 185 1739 dominus
203 1681 290 1758 Papa
303 1680 490 1740 Innocentius
512 1679 550 1738 ad
562 1679 720 1739 Concilium
728 1673 749 1759 ⁶)
771 1697 856 1738 suum
866 1678 999 1756 generale
1016 1677 1097 1736 illum

74 1772 186 1842 vocaret,
212 1775 411 1842 vocatumque
439 1767 476 1826 de
504 1767 633 1842 pluribus
654 1769 841 1842 interrogaret
850 1763 886 1845 ⁷),
917 1782 1014 1840 aquo
1037 1773 1097 1824 tam

74 1849 122 1923 ipse
141 1870 226 1928 quam
248 1857 337 1915 ceteri
350 1852 516 1913 Cardinales
538 1853 696 1914 didicerunt
717 1855 920 1929 experimento,
941 1851 1019 1928 quod
1036 1853 1096 1926 spi-

74 1937 116 1995 ritu
134 1940 253 2014 polleret
272 1940 454 2017 prophetico.
496 1939 580 1999 Haec
601 1941 670 1998 mihi
691 1940 787 1999 retulit
801 1941 904 1998 beatae
918 1935 1095 2016 memoriael)

75 2020 201 2087 ll'altcms
223 2029 261 2088 dc
278 2024 437 2107 Birbecha)
459 2026 617 2086 monachus
638 2030 668 2086 in
689 2026 911 2100 Hemmenrode,
933 2028 982 2101 qui
1005 2027 1031 2084 ei
1052 2026 1096 2082 sa-

75 2110 263 2174 milenssimus
285 2115 355 2189 suit,
385 2120 415 2174 et
440 2115 523 2190 plura
551 2113 587 2173 de
613 2113 661 2173 illo
690 2116 808 2173 recitare
830 2114 987 2172 consuevit.
1030 2110 1096 2170 Alio

76 2201 184 2274 tempore
205 2201 308 2262 videus
331 2199 477 2277 quandam
498 2199 694 2260 mulierculam
710 2203 908 2277 peccatricem,
929 2199 1098 2258 hortabatur
1173 2231 1182 2238 -
1250 2213 1251 2224 ¹

75 2297 126 2344 eam
145 2287 181 2346 ad
202 2289 429 2361 confessionem,
450 2287 562 2347 diceus:
594 2287 735 2347 Confitere
756 2305 803 2348 me
825 2286 968 2346 audiente.
1012 2284 1097 2361 Quod
1196 2331 1200 2340 ,

76 2383 128 2431 tum
152 2373 279 2450 lecisset,
309 2393 370 2435 non
398 2373 511 2433 sinebat
539 2391 603 2434 eam
624 2373 732 2450 aliquid
760 2391 811 2450 per
832 2374 1006 2434 oblivionem
1036 2376 1096 2434 sive

75 2471 115 2529 lter
134 2463 359 2522 erubescentiam
381 2463 569 2537 supprimere,
598 2463 705 2536 ubique
735 2463 795 2520 eius
817 2463 960 2536 corrigens
983 2460 1096 2520 coufes-

76 2543 175 2623 sionem,
195 2553 270 2610 sicut
292 2565 382 2625 supra
403 2548 511 2608 dictum
533 2554 576 2607 est
597 2547 633 2608 de
656 2547 911 2622 clericoRomauo,
932 2564 967 2606 ac
982 2549 1006 2608 si
1018 2547 1097 2606 illam

76 2643 191 2702 peccasse
212 2636 344 2696 vidisset
387 2633 592 2695 NOVICIUS:
626 2634 781 2694 Considero
803 2637 832 2692 in
852 2637 908 2693 isto
929 2636 990 2692 viro
1014 2636 1097 2708 quie·

77 2717 138 2778 visse
157 2725 284 2798 spiritum
304 2723 406 2796 Elisei,
430 2724 478 2797 qui
500 2737 617 2796 corpore
639 2723 744 2781 absens
767 2727 796 2780 et
817 2723 916 2797 spiritu
944 2738 1095 2795 praesens,

77 2817 221 2874 peccurtcm
242 2809 326 2870 Giezi
348 2811 484 2884 corripuit
498 2805 537 2887 ¹⁰).
580 2806 816 2867 MONAoHUS:
837 2808 904 2867 Nou
925 2807 997 2866 alius
1012 2809 1095 2883 spiri-

78 2893 113 2948 wa
131 2904 257 2972 operetur
279 2899 309 2954 iu
331 2897 415 2954 iustis
436 2898 539 2954 veteris
561 2897 739 2969 testamenti,
772 2901 858 2970 atquc
881 2893 953 2952 alius
974 2896 1004 2952 in
1026 2912 1096 2953 san-

79 2977 119 3038 ctia
131 2978 155 3061 ¹¹)
174 2987 292 3060 gratiae,
313 2981 472 3056 sedidem,
494 2980 622 3040 dividens
633 2981 750 3058 siugulis
772 2988 856 3056 prout
878 2981 941 3040 vult
958 2977 996 3059 ¹²).
1024 2979 1096 3040 NO·

78 3058 202 3130 VlClUS:
232 3071 264 3130 Si
287 3070 365 3128 nosti
386 3068 480 3128 adhuc
499 3068 600 3152 'aliqua
622 3068 659 3128 de
680 3069 736 3128 hoc
759 3085 913 3142 converso,
941 3084 1043 3143 precor
1064 3074 1096 3126 ut

79 3149 194 3218 duceres
216 3157 296 3231 mibi,
319 3157 388 3230 quia
408 3156 500 3231 magis
522 3155 635 3216 videtur
656 3155 872 3230 miraculosum,
895 3154 1008 3215 occulta
1030 3172 1095 3214 cor-

964 3275 974 3302 Ι

94 3335 302 3404 lldnostrae.
324 3370 355 3380 -
384 3340 415 3406 2)
442 3339 463 3392 0
488 3349 520 3392 et
547 3339 707 3408 quaedam.
727 3369 758 3380 -
786 3340 818 3408 3)
837 3349 920 3391 etom
938 3338 993 3403 EC3
1020 3340 1095 3406 paulo

134 3419 186 3476 post
201 3412 244 3464 Al)
262 3410 323 3462 teli
341 3412 373 3461 iu
392 3410 514 3462 loco.-
534 3411 566 3478 4)
585 3409 604 3462 C
622 3412 690 3461 eius
709 3412 854 3477 gratiam
872 3425 930 3461 rnox
948 3425 981 3460 sc
999 3407 1049 3458 add
1067 3409 1094 3461 C.

136 3506 163 3518 -
180 3481 210 3549 5)
227 3481 289 3550 lleg.
309 3480 357 3541 lll,
376 3479 423 3544 10,
440 3481 464 3530 7.
485 3509 516 3518 -
544 3479 575 3547 6)
593 3479 635 3531 Bo
652 3478 831 3532 consilium.
851 3509 883 3561 3-
908 3480 939 3546 7)
957 3478 977 3530 G
995 3479 1095 3561 inter·

135 3560 323 3672 111ἔὲῖῶ
341 3548 811 3686 ltldltllllsrnrlldt
829 3546 1096 3669 ,lttlttlstlt'

138 3689 245 3740 cernunt.
280 3688 401 3757 iutelligit
419 3697 506 3742 auctor
523 3688 606 3742 villam
625 3688 753 3750 Bierbais,
779 3687 899 3751 Bierbec,
916 3688 941 3737 in
959 3685 1095 3736 Brabantin

138 3771 208 3824 prope
224 3760 362 3811 Levanium
380 3759 461 3810 sitam.
481 3789 511 3798 -
539 3758 586 3824 10)
605 3758 666 3827 lleg.
685 3757 727 3820 lV,
745 3759 775 3819 5,
791 3759 834 3811 26.
853 3787 883 3796 —
914 3756 962 3823 11)
980 3755 1000 3806 G
1018 3763 1095 3805 tern-

138 3840 220 3892 porc;
237 3828 304 3882 coni.
322 3827 365 3893 lll,
383 3829 425 3880 30.
447 3857 475 3867 -
496 3829 545 3897 12)
561 3827 618 3882 Gor.
637 3828 657 3893 l,
675 3827 777 3894 12,11.
834 3887 835 3890 ¹
