2654 4308
377 259 432 320 DE
454 257 638 320 DIVERCIS
659 199 925 322 warentiarias
1053 254 1057 262 ’
1109 259 1148 320 91

112 385 186 443 tiens
213 381 355 459 passionis
383 388 452 442 tuae
470 382 550 442 fuero
572 382 746 442 reeordatus.
789 382 828 440 Et
847 381 1002 441 Dominus:
1031 377 1151 460 Habeas

112 470 166 529 tibi
193 468 270 528 hanc
298 470 427 545 gratiam.
470 465 518 528 Ab
541 465 590 528 illa
610 470 686 528 enirn
706 467 873 529 horasiout
895 467 1006 542 audivi,
1035 466 1151 542 quando

116 556 153 616 de
183 557 318 632 passione
340 555 444 616 Christi
472 557 598 632 cogitare
619 561 670 615 aut
691 554 768 631 loqui
798 557 906 631 eoepit,
928 571 996 613 mox
1016 553 1151 614 lacrimae

113 648 278 718 eruperunt
325 641 386 702 Nec
415 645 528 701 mirum.
572 641 699 700 Christus
727 641 816 702 Jesus
843 644 904 717 ipse
934 647 978 700 est
1004 640 1076 700 silex
1103 640 1151 701 ille

111 727 343 805 limpidissimus,
365 730 414 804 qui
442 745 533 804 aquas
553 727 748 789 indeficientes
777 727 841 788 fillis
863 724 954 787 Israel
979 729 1151 788 ministravit

111 819 142 874 iu
153 816 277 876 deserto.
320 813 575 875 Bihehcrttomnee
590 815 625 874 de
637 817 764 892 spiritali
783 821 975 890 consequente
989 813 1133 890 cospeira
1140 835 1151 889 ς

106 909 199 980 petro
222 909 323 962 cutem
345 907 409 962 croi
429 901 561 962 cheteus
577 899 605 980 ¹).
647 899 851 962 NOVICIUS:
873 900 1026 977 Quomodo
1041 907 1085 959 est
1104 903 1151 959 in·

112 988 301 1066 telligendum
315 989 371 1048 hoc
383 987 460 1065 quod
481 990 511 1048 in
529 987 645 1048 Psalmo
666 987 785 1066 legitur:
807 989 957 1047 Percussit
972 993 1101 1064 petram,
1124 993 1152 1046 et

109 1078 267 1156 flammant
281 1093 395 1152 oquce3
417 1075 554 1135 abierunt
571 1079 604 1135 ira
617 1079 691 1134 sicco
703 1072 883 1154 fluminoss?
915 1072 1150 1134 MONACHUS:

111 1163 189 1228 Nota
211 1168 255 1223 est
276 1161 312 1222 de
333 1162 390 1222 hoc
410 1161 544 1238 historia,
568 1161 705 1240 allegoria
725 1165 794 1222 satis
815 1163 936 1238 usitata,
968 1160 1074 1221 ideirco
1096 1159 1151 1220 ali-

110 1247 183 1326 quid
202 1245 289 1330 tibi³)
318 1247 412 1309 Maera
441 1248 507 1310 volo
536 1247 615 1325 quod
641 1250 784 1326 praesenti
812 1249 915 1309 visioni
936 1253 1088 1375 congruat,
1123 1253 1152 1308 et

111 1343 239 1398 mentem
260 1341 340 1396 tuam
362 1335 506 1397 moraliter
526 1335 666 1396 aedificet.
728 1355 729 1359 ¹

468 1524 702 1588 CAPITULUM
729 1525 801 1586 XII.

144 1647 304 1728 Quomodo
323 1649 546 1725 intellipcndom
568 1653 624 1710 ait:
647 1650 799 1710 Percussit
815 1655 943 1725 petram,
966 1655 994 1710 ct
1014 1654 1119 1710 cetero.

177 1785 328 1847 Permittit
345 1792 479 1862 petram,
514 1793 542 1847 et
564 1792 667 1847 cetera.
708 1786 874 1848 Secundum
893 1785 1070 1846 intellectum
1090 1793 1151 1846 tro·

110 1869 286 1951 pologioum,
307 1873 337 1933 id
351 1879 395 1933 est
408 1873 554 1947 moralem,
574 1873 693 1951 Moyses
706 1873 793 1941 horno
817 1880 860 1932 est
876 1872 1042 1948 claustralis,
1065 1889 1151 1948 quem

109 1961 200 2038 Regis
222 1960 289 2036 filia,
310 1960 340 2020 id
361 1966 406 2019 est
423 1962 515 2037 gratia
534 1960 638 2036 divina,
659 1959 878 2020 misericorditer
899 1959 964 2019 tulit
984 1960 1020 2020 de
1035 1959 1152 2020 fiumina
1218 1997 1221 2000 -

109 2049 189 2108 vitae
211 2045 375 2108 saecularis.
406 2045 613 2122 Interpretatur
627 2049 702 2107 enim
715 2047 844 2124 Moyses,
865 2053 996 2124 sumptus
1017 2063 1054 2105 ex
1066 2063 1151 2122 aqua

109 2133 216 2211 Petra,
245 2133 337 2194 corda
359 2139 403 2194 est
431 2131 548 2211 duritia3
577 2136 672 2212 virga,
703 2151 772 2194 crux
793 2134 959 2210 Dominica;
987 2135 1150 2212 percussio,

108 2220 253 2298 passionis
276 2219 380 2280 Christi
407 2219 575 2280 recordatio.
617 2221 722 2281 Petrae
743 2223 857 2296 scissio,
890 2219 983 2279 cordis
1004 2225 1047 2280 est
1069 2237 1151 2280 oom-

107 2309 239 2385 punctio.
280 2307 331 2367 Bis
352 2306 472 2385 Moyses
499 2313 532 2367 ut
560 2308 665 2384 legitur
674 2305 696 2389 t)
717 2310 860 2386 percussit
879 2307 1003 2384 silicem,
1032 2311 1061 2366 et
1081 2313 1150 2366 tunc

69 2381 76 2396 ’
107 2395 236 2472 primum
256 2393 382 2470 protudit
393 2393 414 2474 ⁵)
441 2411 555 2470 aquam.
598 2395 712 2454 Primus
740 2397 814 2454 ictus
835 2396 957 2472 pertinet
978 2393 1015 2453 ad
1036 2396 1150 2472 passio·

108 2483 156 2542 nis
175 2480 280 2540 Christi
300 2483 475 2556 memoriam,
495 2481 640 2541 secundus
661 2481 700 2541 ad
720 2485 799 2558 passi
814 2483 1050 2560 compassionem.
1092 2479 1150 2540 Ju-

109 2565 203 2632 daeus
223 2568 332 2627 silicem
354 2567 443 2628 semel
463 2570 601 2644 pereutit,
622 2571 691 2645 quia
712 2568 856 2628 Christum
876 2586 995 2644 passum
1017 2567 1150 2644 quando·

109 2672 169 2733 que
191 2657 307 2735 cogitat,
328 2653 459 2726 sednon
482 2657 668 2731 compatitur,
691 2662 719 2715 et
739 2655 804 2716 ideo
827 2672 876 2715 cor
897 2657 959 2715 eius
980 2655 1071 2714 scindi
1091 2672 1150 2714 nou

107 2748 208 2822 potest
234 2741 273 2802 ad
301 2741 448 2817 lacrimas,
477 2743 581 2818 quurus
603 2741 702 2802 abluat
722 2760 775 2802 sua
795 2747 925 2820 peccata
967 2741 1014 2800 Tu
1034 2759 1103 2802 vero
1125 2741 1150 2800 si

109 2829 279 2907 cogitationi
293 2831 520 2904 compassionem
536 2828 686 2904 addideris,
707 2835 818 2905 petram
830 2830 875 2888 bis
896 2830 1029 2905 percutis,
1051 2835 1080 2888 et
1100 2830 1149 2888 rix

109 2933 175 2977 asse
202 2918 309 2992 poterit
336 2918 405 2992 quin
427 2921 578 2976 cortuum
599 2915 744 2976 scindatur
765 2916 804 2977 ad
825 2917 1087 2992 compunctionem,
1121 2920 1150 2975 et

108 3001 229 3064 flumina
243 3001 425 3062 lacrimarum
446 2998 512 3061 inde
527 3005 734 3079 erumpentium
750 3021 802 3079 per
816 3002 915 3063 oculos
930 3007 1041 3078 exeant,
1061 3008 1150 3079 atque

108 3108 164 3168 per
190 3089 322 3150 maxillas
352 3088 518 3166 decurrant,
547 3095 576 3148 et
603 3086 719 3170 quasi⁶)
745 3091 872 3149 insieco
902 3079 1035 3165 flumina,
1063 3091 1149 3149 etiarn

108 3179 221 3253 impetu
243 3193 295 3236 suo
317 3181 422 3236 terram
434 3175 592 3236 infundant.
635 3175 837 3236 NOVICIUS:
858 3175 960 3235 Placet
981 3175 1059 3252 quod
1071 3176 1148 3236 dieis.

108 3259 346 3324 MONACHUS:
367 3263 453 3340 Quod
475 3262 580 3323 Christi
606 3265 702 3340 passio
735 3262 878 3324 medicina
904 3267 943 3322 sit
964 3269 1063 3326 eontra
1083 3270 1148 3324 ten-

107 3353 242 3426 tationes,
263 3350 357 3410 dioam
378 3351 430 3410 tibi
450 3368 502 3430 per
524 3351 663 3432 exempla.

128 3625 236 3698 iJGor.
255 3625 276 3691 l,
293 3624 335 3690 10,
352 3626 428 3678 1.-
447 3623 571 3694 2J1’srt.
582 3623 641 3690 101,
658 3623 752 3676 11.-
770 3623 803 3692 3)
821 3619 943 3677 Burtbt
961 3620 1096 3691 aliquid
1115 3650 1147 3660 -

179 3697 212 3766 1)
230 3695 331 3748 Numer
349 3695 392 3760 20,
411 3693 503 3747 il.-
523 3661 823 3763 5)Bphoduxit.—
792 3691 875 3760 6)
892 3691 959 3744 nun
979 3705 1148 3760 erumpen-

179 3775 292 3820 tes-
316 3764 530 3819 decurrentes
566 3764 677 3834 qussi,
703 3761 1004 3830 Porumpeutia-
1032 3760 1148 3814 decur-

179 3835 291 3889 rantra
309 3849 409 3902 quaer
