2564 4306
162 201 225 262 ses
433 197 662 262 nrsnmcrro
687 197 930 292 ouonecntn
983 193 985 200 ·

161 319 230 380 tello
258 319 362 380 beutee
383 319 441 380 Dei
463 319 614 380 Genltricis
643 327 834 398 congregatus
863 326 915 380 est
962 314 1196 380 MONACHUS:

162 407 272 468 Verum
305 405 384 467 dicis.
425 405 633 468 NOVIOIUSt
662 407 748 485 Quod
775 406 856 467 iustis
884 407 1089 482 repromissum
1118 411 1199 466 ests

162 492 304 553 Domino:
325 493 497 570 Fulpcbuut
517 497 588 554 iusti
608 498 684 554 sicto
705 497 750 554 eol
770 499 803 554 iu
819 511 912 570 reputo
928 495 1033 554 Patris
1055 509 1160 552 cortun
1172 488 1199 569 ¹),

161 582 259 640 nescio
291 586 387 640 utrum
418 579 632 657 intelligendum
664 581 701 640 sit
733 580 769 641 do
801 597 920 656 corpore
951 578 999 639 vel
1031 577 1068 638 de
1096 580 1199 638 anime

162 665 397 728 MONAOHUS:
421 665 549 743 (iorpors
564 667 719 727 electorum
733 673 799 744 post
813 668 1047 727 resurrectionem
1063 663 1201 726 lucebunt

162 760 195 814 ut
217 753 359 816 oredimus
381 756 454 814 sicut
475 754 615 830 sol,non
636 754 818 814 sicutmodo
840 753 932 828 lucet,
960 751 1012 812 sed
1034 754 1110 812 sicut
1130 752 1201 811 luxit

162 846 230 900 ente
250 840 379 916 lapsum,
406 839 463 901 hoc
484 847 528 902 est
556 840 778 917 septempliciter
805 846 916 900 tentum
937 845 970 900 ut
997 839 1101 914 modo,
1128 845 1201 900 testo

162 925 255 987 Isaia:
285 925 325 986 Et
353 930 423 1001 erit,
451 929 508 1004 ait,
536 929 590 988 lus
619 929 709 988 lunae
737 935 772 987 ut
800 928 855 986 lux
883 927 966 999 eolis,
994 933 1022 986 et
1051 927 1107 985 lux
1135 927 1202 985 solio

162 1015 385 1090 oeptctnplicitcr
396 1019 431 1074 ut
446 1015 500 1074 lux
521 1009 629 1090 septeni
644 1011 797 1090 dierum²).
829 1011 937 1072 Anime
950 1029 1019 1072 vero
1032 1011 1123 1072 multo
1138 1011 1203 1088 plus

162 1099 270 1162 lucebit
281 1117 369 1176 quam
391 1115 504 1177 corpus.
546 1099 750 1161 NOVIOIUS:
773 1100 940 1160 claritatem
962 1115 1115 1175 corporum
1137 1098 1202 1158 vel·

162 1185 220 1247 lem
241 1186 310 1246 mihi
338 1185 435 1262 aliquo
463 1186 593 1262 exemplo
622 1188 746 1264 probari.
795 1184 1032 1246 MONACHUS:
1058 1184 1099 1245 Ut
1128 1187 1203 1245 enim

163 1279 275 1334 taceam
304 1273 345 1334 de
368 1272 617 1350 transfiguratione
646 1273 789 1333 Dominici
818 1275 960 1350 corporis,
991 1273 1114 1332 referem
1151 1273 1202 1332 tibi

164 1359 327 1436 exemplum
348 1359 426 1436 quod
448 1377 540 1436 nuper
560 1359 666 1420 audivi.

516 1549 750 1612 CAPITULUM
770 1549 849 1612 LIV.

310 1673 360 1734 De
380 1671 592 1750 ploriflcuts‘ouc
611 1673 721 1749 pedum
742 1673 899 1734 cuiusdam
919 1675 1063 1751 mopiam.

229 1793 370 1872 Magister
390 1794 507 1871 quidam
528 1793 696 1854 Purisiensis
717 1793 884 1870 infirmatus,
906 1811 972 1854 cum
994 1793 1029 1853 de
1057 1791 1204 1872 glorifice·

165 1882 243 1941 boue
265 1899 417 1958 corporum
439 1883 591 1958 cogitaret,
619 1886 648 1940 et
669 1880 814 1940 haesitans
835 1883 865 1939 in
887 1881 972 1941 corde
1000 1897 1053 1942 suo
1082 1880 1205 1964 diceret,

166 1967 312 2044 quomodo
334 1970 438 2045 poterit
459 1983 523 2028 esse
537 1973 570 2028 ut
583 1984 704 2044 corpora
724 1970 779 2028 ista
802 1967 900 2038 fictilia
922 1974 950 2028 et
970 1965 1085 2044 putride
1107 1967 1205 2030 lucere

166 2057 277 2132 possint
298 2057 327 2113 in
347 2055 443 2114 tuturo
460 2057 535 2115 ment
554 2053 608 2130 sol,
628 2054 667 2114 ed
689 2054 778 2130 pedes
793 2072 861 2115 suos
882 2072 955 2131 quos
969 2053 1005 2114 de
1027 2056 1204 2132 operimento

167 2148 304 2217 erexerat
325 2143 458 2218 respexit.
499 2141 538 2200 Et
559 2157 626 2201 ecce
648 2147 745 2202 tentus
766 2141 901 2217 splendor
923 2141 958 2201 de
978 2141 1033 2201 illis
1055 2143 1152 2216 exivit,
1173 2147 1206 2201 ut

167 2227 243 2289 oculi
265 2231 326 2288 eius
352 2230 527 2290 reverberati
553 2243 603 2288 eos
624 2229 727 2288 intueri
746 2231 906 2304 nequirent.
948 2228 1077 2304 Moxque
1105 2228 1144 2288 ed
1173 2244 1204 2287 se

166 2331 299 2376 reversus
320 2317 428 2392 gratius
450 2317 509 2392 egit
529 2314 651 2390 Christo,
673 2317 753 2376 cuius
774 2318 879 2375 virtute
901 2321 1055 2391 antequam
1076 2332 1205 2375 morere-

166 2408 214 2462 tur
226 2402 273 2463 ‘od
294 2401 381 2462 fidem
402 2404 615 2462 resurrectionis
635 2401 771 2462 reductus
793 2408 845 2462 est
887 2400 1092 2463 NOVICIUS:
1122 2402 1205 2478 Quo-

166 2490 254 2550 modo
265 2495 401 2565 poterunt
415 2489 490 2549 oculi
503 2495 615 2548 tentum
626 2487 766 2566 fulgorem
782 2488 944 2549 sustinere?
966 2487 1205 2549 MONAOHUS:

167 2575 208 2636 Ut
237 2575 305 2636 dicit
332 2574 530 2653 Augustinus,
561 2574 647 2652 longe
677 2582 760 2635 erunt
789 2583 858 2636 tunc
886 2575 1003 2636 alterim
1030 2573 1205 2655 potentioe³)

168 2679 256 2738 quom
276 2663 378 2740 modo;
395 2667 464 2724 rium
486 2668 516 2722 et
536 2665 590 2739 ipsi
610 2661 855 2740 glorificabuntur.

532 2851 766 2916 CAPITULUM
786 2851 850 2915 LV.

271 2977 319 3037 Dc
340 2976 445 3037 Dauid
464 2977 610 3038 moncello
632 2979 685 3053 qui
706 2977 806 3036 octcloe
827 2978 860 3036 iu
881 2975 972 3036 solem
993 2975 1102 3053 deicit.

233 3097 307 3157 Cum
327 3105 445 3158 senous
458 3097 663 3159 recordationis
677 3096 809 3158 dominus
824 3096 922 3157 Devld
942 3095 1102 3157 monachus
1117 3093 1208 3154 Cleu-

168 3185 285 3244 stronsis
306 3183 401 3245 edhuc
424 3191 500 3245 essct
518 3187 549 3243 in
574 3201 707 3261 corpore,
734 3202 822 3261 saepe
851 3183 954 3244 sedens
975 3185 1005 3242 in
1032 3183 1147 3258 labore,
1177 3183 1208 3240 in

168 3271 263 3346 ipsum
284 3271 403 3348 globum
425 3272 547 3332 solerem
568 3273 781 3332 irreverberatis
810 3271 900 3351 oculis
922 3271 1071 3330 adinstar
1092 3268 1208 3346 aquilae

168 3360 302 3433 respexit.
344 3358 439 3418 Huius
460 3359 501 3419 rei
522 3364 610 3419 testes
631 3365 699 3418 sunt
719 3361 845 3418 seniores
866 3359 971 3433 nostri,
999 3360 1050 3433 qui
1072 3374 1108 3416 ea
1132 3371 1208 3432 quse

169 3443 247 3504 dicta
268 3450 335 3504 sunt
356 3449 469 3522 saepius
491 3445 632 3508 viderunt.
675 3445 706 3506 Si
728 3448 804 3524 enim
825 3445 907 3505 Deus
934 3450 1044 3504 mntem
1073 3446 1209 3502 virtutem

169 3531 268 3591 tribuit
288 3531 379 3593 oculis
400 3531 526 3609 infirmis,
548 3532 617 3609 quid
638 3531 695 3593 boc
716 3535 826 3592 miraris
848 3532 885 3594 de
906 3531 996 3591 oculis
1020 3527 1208 3608 glorificetis?

187 3696 221 3766 ι)
237 3697 325 3834 2¹33?
334 3698 387 3834 ²19³
395 3679 491 3822 scos·
511 3700 544 3771 2)
562 3699 619 3754 rur.
637 3701 681 3768 eo,
698 3702 740 3755 oe.
760 3731 790 3742 -
812 3701 844 3771 s)
861 3700 1000 3776 ᾼιμιιι.
1018 3697 1051 3752 ιι
1068 3697 1144 3754 orer.
1164 3697 1211 3751 ne
