2642 4330
468 277 523 341 DE
543 279 813 343 DAEMONIBUS.
1094 282 1155 343 339

115 404 207 478 vivit,
236 408 335 464 votum
355 401 466 464 hahens
488 403 636 464 cuiusdam
656 403 899 482 peregrinationis
942 402 999 463 Hic
1022 419 1087 464 cum
1109 403 1156 464 die

116 490 247 568 quadam
276 489 447 550 condirissct
473 507 538 551 cum
566 491 673 551 femina
702 491 826 567 quadam
859 489 944 549 villae
966 507 1049 564 suae,
1079 490 1156 567 quod

114 595 204 638 mane
234 581 339 658 pariter
367 579 433 636 ituri
462 583 572 652 essent,
600 577 649 636 illu
678 595 743 637 eum
771 579 899 654 rogavit,
926 583 959 638 ut
987 579 1126 637 maturius
1138 574 1156 657 ¹)

113 667 273 724 matutinas
304 664 445 740 pulsaret,
478 671 595 740 propter
629 657 698 724 solis
731 665 881 742 servorem.
937 664 976 722 Et
1020 667 1157 742 promisit

113 752 228 812 Eadem
250 760 334 810 nocte
358 751 488 812 diabolus
510 750 676 811 adlectum
698 754 759 810 eius
780 753 906 826 veniens,
927 753 1018 828 tetigit
1040 768 1106 811 eum
1128 757 1158 811 et

113 842 171 898 ait:
194 838 285 898 Pulsa
313 841 478 898 matutinas.
520 837 626 913 Sicquc
659 838 797 897 discessit.
840 838 895 914 Qui
923 855 991 896 mox
1022 855 1156 915 surgens,

114 925 265 985 etlumen
295 927 324 984 in
354 924 476 984 ccclesia
497 924 601 984 ardens
629 927 783 1000 respiciens
791 920 826 1004 ²),
859 943 924 984 cum
946 931 1012 984 ante
1033 927 1157 1000 primum

112 1013 315 1089 gallicantum
330 1028 392 1070 esse
404 1010 646 1087 deprehendisset,
659 1017 764 1087 putans
775 1014 873 1087 quiea
894 1011 1039 1086 praedicta
1052 1011 1157 1072 femina

112 1100 216 1158 hrissct
239 1102 394 1172 excitatus,
424 1098 460 1158 de
482 1098 605 1166 ecclesie
626 1101 728 1173 exivit,
755 1097 855 1159 volens
875 1098 915 1156 illi
937 1099 1030 1157 dicere
1052 1105 1084 1156 ut
1104 1100 1158 1156 irct

113 1185 278 1260 dormitum,
301 1202 336 1244 eo
360 1185 438 1260 quod
459 1187 542 1244 nimis
564 1202 648 1243 mane
671 1191 755 1244 esset.
799 1184 893 1260 Quam
915 1202 980 1244 cum
1001 1190 1158 1259 quaereret,

112 1263 171 1332 nec
197 1275 352 1354 inveniret,
379 1273 485 1332 bovem
511 1274 624 1348 nigrum
650 1278 750 1331 contra
778 1289 809 1332 se
838 1278 913 1330 stare
941 1269 1050 1352 vidit³).
1100 1271 1156 1347 Qui

111 1360 213 1436 lingua
240 1361 346 1418 emissa
373 1359 517 1418 hominem
545 1359 649 1434 tetigit,
678 1375 801 1433 eumque
828 1376 914 1434 super
935 1359 1051 1418 dorsum
1072 1376 1157 1418 suum

111 1465 167 1523 per
194 1446 272 1505 illam
294 1447 385 1519 misit,
419 1452 447 1504 et
468 1463 519 1521 per
540 1462 635 1503 aerem
659 1461 724 1503 cum
745 1445 794 1504 illo
816 1445 954 1520 volitans,
984 1463 1069 1521 super
1090 1448 1157 1521 pin-

112 1551 185 1592 nam
212 1535 297 1592 turris
321 1534 413 1607 castri,
435 1531 513 1607 quod
531 1532 678 1607 Ysinburg
700 1531 809 1606 dicitur,
832 1533 971 1607 deposuit.
1015 1529 1157 1592 culeum

114 1620 238 1680 diceret:
264 1619 398 1679 Timesne
419 1615 555 1698 uliquidi)
578 1618 686 1677 modo?
708 1618 854 1695 respondit
873 1619 936 1692 illex
957 1620 1014 1678 Dei
1034 1621 1156 1695 permis·

113 1710 196 1766 sione
218 1702 305 1786 huc⁵)
329 1705 432 1764 ductus
453 1723 532 1780 sum,
561 1705 631 1763 nihil
653 1711 752 1764 contra
773 1723 819 1765 me
841 1710 961 1781 poteris,
987 1709 1041 1764 nisi
1061 1725 1156 1782 quen-

113 1800 178 1853 tum
198 1792 246 1853 illc
267 1794 435 1868 permiserit.
477 1791 527 1851 Ad
548 1791 625 1867 quod
648 1791 792 1851 diabolus:
814 1792 875 1852 Fac
901 1793 970 1852 mihi
991 1793 1157 1867 hominium,

116 1888 149 1940 et
166 1897 221 1956 ego
235 1887 265 1940 te
280 1879 432 1954 deponam,
454 1879 588 1954 daboque
602 1871 655 1939 tibi¹
669 1879 783 1938 divitias
804 1879 918 1938 multas.
946 1879 1031 1955 Quod
1052 1883 1077 1938 si
1097 1873 1156 1938 noir

99 1968 228 2042 -fcceris,
249 1966 298 2026 vel
310 1967 385 2025 lame
408 1967 436 2025 in
453 1966 587 2026 hocloco
608 1968 743 2041 morieris,
764 1966 812 2025 val
832 1969 997 2042 praecipitio
1019 1968 1155 2036 interibis.

117 2053 174 2113 Cui
195 2055 408 2130 campanarius,
429 2071 510 2128 spem
531 2053 642 2112 hebens
663 2055 693 2111 in
716 2052 841 2129 Christo,
862 2053 1020 2128 respoudit:
1044 2052 1154 2112 Adiuro

116 2149 147 2201 te
169 2158 221 2216 per
241 2157 347 2199 nomen
360 2137 434 2199 Jesu
453 2139 566 2215 Christi,
586 2157 623 2198 ne
644 2157 691 2198 me
711 2139 819 2214 laedas,
840 2146 869 2200 ct
890 2147 922 2198 ut
937 2158 982 2200 me
1005 2142 1065 2200 sine
1077 2143 1156 2217 peri-

116 2227 183 2288 culo
212 2229 338 2303 corporis
364 2229 421 2285 mei
451 2227 586 2302 deponas.
634 2225 705 2285 Mox
727 2226 956 2288 diabolus'illum
980 2227 1097 2302 tollens,
1125 2229 1156 2286 in

116 2332 222 2390 campo
251 2317 331 2372 iuxta
356 2313 455 2376 villam
485 2310 693 2393 Gerinsheim⁶)
722 2316 792 2373 satis
818 2314 998 2374 incommode
1024 2314 1156 2390 deposuit

115 2407 184 2462 ante
219 2401 315 2461 lucem
352 2399 422 2474 diei,
457 2402 486 2460 in
523 2399 700 2459 dedicatione
734 2400 872 2460 ecclcsiae
905 2402 1032 2461 eiusdem
1061 2400 1155 2462 villae.

114 2488 254 2547 Diluculo
275 2487 406 2546 homines
427 2486 465 2545 ad
486 2489 689 2546 matutinarum
710 2487 858 2547 sollemnia
879 2507 945 2547 cum
964 2488 1065 2548 faculis
1085 2505 1154 2564 pro-

114 2581 259 2652 perantes,
282 2591 347 2632 cum
361 2574 506 2633 homiuem
527 2576 556 2632 in
579 2591 647 2650 agro
669 2575 699 2632 in
717 2591 822 2651 magno
845 2575 957 2635 defectu
977 2578 1155 2651 reperissent,

115 2667 204 2737 atque
238 2661 458 2735 refocillassent,
490 2660 594 2720 auditis
622 2660 682 2735 his,
709 2677 783 2736 quae
813 2663 838 2721 ei
867 2666 1057 2739 contigerant,
1084 2665 1155 2722 satis

114 2751 212 2807 mirati
239 2754 314 2807 sunt.
358 2747 478 2823 Quarto
505 2764 574 2807 vero
607 2747 653 2806 die
680 2765 824 2824 regressus
853 2752 882 2808 in
911 2749 1027 2809 domum
1056 2767 1153 2824 suam,

114 2838 203 2895 situm
229 2841 290 2894 tam
317 2833 445 2892 locomm
474 2851 562 2909 quam
591 2833 798 2910 aedificiorum,
826 2853 900 2914 quac
919 2855 1067 2912 nunquam
1088 2843 1155 2896 ante

115 2922 242 2996 viderat,
271 2929 331 2980 tem
352 2921 437 2996 plene
458 2922 589 2980 omnibus
612 2924 756 2996 exposuit,
788 2928 821 2981 ut
842 2923 877 2982 dc
898 2928 982 2998 raptu
1004 2927 1063 2982 eius
1084 2923 1155 2982 nihil

116 3008 288 3069 dubitarent.
337 3006 539 3068 NOVIOIUS:
575 3007 644 3067 Jam
680 3008 750 3068 mihi
781 3011 850 3068 satis
876 3010 968 3070 fateor
1001 3011 1153 3085 probatum

116 3103 177 3155 tam
205 3097 351 3160 sententiis
374 3112 462 3169 quam
484 3095 634 3169 exemplis,
664 3095 818 3155 daemones
840 3113 917 3172 esse,
949 3097 1054 3156 multos
1077 3115 1153 3172 esso,

115 3182 208 3241 malos
254 3199 332 3256 esse,
369 3188 398 3240 et
431 3182 549 3241 infestos
589 3199 651 3242 csse
690 3182 861 3242 hominibus.
916 3183 1151 3244 MONACHUS:

115 3267 214 3328 Unum
223 3265 243 3348 ²)
265 3268 414 3328 consilium
426 3285 522 3327 meum
545 3274 596 3342 est,
617 3275 649 3328 ut
662 3271 781 3345 cognitis
803 3268 855 3345 his,
876 3287 934 3330 non
954 3271 1008 3330 illis
1029 3289 1152 3331 consen-

116 3357 230 3427 tiamus,
251 3373 288 3413 nc
309 3373 363 3414 nos
375 3355 473 3415 audire
494 3358 654 3431 contingat:
676 3357 730 3427 Ite,
751 3357 906 3430 maledicti,
927 3362 959 3416 in
980 3361 1078 3433 ignem
1100 3377 1151 3418 oe-

116 3449 243 3514 tomum,
265 3446 317 3518 qui
326 3450 529 3517 praeparatus
551 3449 593 3503 cst
614 3442 731 3502 diabolo
752 3449 781 3510 ,ec
802 3445 913 3519 angelis
934 3449 1012 3519 eiua·
1033 3446 1084 3504 sed
1104 3462 1153 3505 re·

136 3643 170 3711 1)
181 3642 222 3695 llll
239 3647 396 3696 maturius
415 3611 566 3714 surgeret
585 3653 623 3697 et.
638 3676 668 3685 -
681 3646 712 3713 2)
724 3617 916 3699 th’urdere
934 3649 1150 3716 conspiciens.

190 3743 219 3752 -
238 3716 270 3782 3)
286 3714 306 3766 Β
324 3717 503 3782 conspexit.
524 3743 554 3754 -
574 3715 605 3782 4)
625 3716 752 3784 aliquid
770 3733 809 3768 om
828 3716 881 3768 Bc.
897 3747 928 3756 -
948 3719 979 3787 5)
997 3718 1017 3769 B
1040 3719 1099 3769 hic.
1120 3747 1150 3756 -

152 3852 160 3864 .
189 3782 397 3906 llnGgmheim
421 3785 480 3837 villu
507 3785 729 3837 notissima'iuxta
752 3786 963 3853 llusseldorpium.
983 3815 1014 3826 —
1038 3788 1070 3854 7)
1088 3785 1151 3838 Alll'
