2580 4316
184 303 222 360 72
484 275 915 362 nisumcmosnc'unna

181 429 299 500 rogetus
320 423 358 483 ab
387 439 489 498 uxore,
521 430 555 482 ut
579 423 789 499 pusillanimem
820 424 1005 497 confortaret,
1035 421 1217 500 desperatum

182 513 316 586 erigeret,
338 508 427 569 etad
449 527 483 570 ea
505 527 580 585 quae
600 517 667 570 sunt
688 510 802 584 salutis,
822 510 991 570 hortaretur.
1035 509 1129 586 Quem
1151 528 1218 570 cum

182 597 316 656 sacerdos
337 602 479 671 moneret,
512 604 545 656 ut
574 600 769 657 contritionem
798 597 916 658 haberet
939 597 974 656 de
995 600 1121 672 peccatis
1143 599 1217 672 suis,

183 690 212 743 et
233 690 266 742 ut
286 701 388 759 puram
408 684 514 744 laceret
536 677 749 759 confessionem,
772 683 877 759 decus,
897 687 1038 744 neminem
1062 683 1167 744 debere
1181 684 1218 743 dc

182 771 240 828 Dei
260 771 452 830 misericordia
480 771 646 846 desperare;
674 769 832 846 respondit:
877 770 953 846 Quid
981 777 1100 846 prosunt
1127 771 1219 830 verba

182 856 258 916 ista?
290 858 355 916 Non
376 875 495 932 possum
516 859 631 931 conteri,
652 858 827 932 superfluum
848 857 943 917 iudico
965 857 1100 916 confiteri.
1133 857 1218 934 Quod

183 944 220 1004 de
240 961 287 1006 me
309 944 477 1019 dispositum
499 951 550 1018 e'st,
571 961 688 1004 necesse
710 950 754 1003 est
773 943 892 1020 impleri.
924 944 1014 1004 Sedes
1035 961 1101 1004 mea
1117 951 1219 1020 parata

183 1036 235 1106 est,
256 1038 323 1106 post
342 1034 456 1090 tertium
479 1031 554 1090 diem
574 1031 640 1090 illuc
662 1034 784 1105 veniam,
806 1039 835 1089 et
856 1031 1013 1090 secundum
1036 1032 1113 1106 quod
1134 1033 1218 1108 gessi,

182 1120 212 1177 iu
234 1120 432 1193 eareeipiam.
476 1117 580 1192 Sicque
592 1115 608 1196 ¹)
637 1120 697 1177 sine
727 1121 908 1192 contritione,
938 1121 998 1177 sine
1026 1118 1218 1191 consessione,

183 1205 244 1266 sine
265 1207 370 1264 viatico
400 1212 428 1264 et
449 1211 531 1263 saera
551 1206 685 1264 unctione
706 1207 788 1264 tertio
811 1205 857 1288 die
878 1205 1036 1280 defunctus,
1059 1207 1089 1264 in
1108 1205 1217 1265 inferno

184 1290 311 1366 sepultus
340 1297 391 1350 est.
435 1291 575 1365 Sacerdos
604 1308 673 1350 vero
703 1307 768 1350 cum
797 1292 1019 1351 ecelesiasticam
1046 1294 1074 1354 ei
1100 1303 1219 1368 negaret

184 1377 372 1453 sepulturam,
401 1379 439 1436 ab
454 1395 557 1436 ‘uxore
589 1381 650 1438 eius
672 1385 836 1453 corruptus,
867 1381 897 1436 in
919 1381 1053 1438 cimiterio
1074 1375 1218 1458 positusz)

184 1471 236 1524 cst.
279 1465 399 1542 Propter
422 1464 500 1539 quod
520 1471 622 1540 postea
648 1468 678 1523 in
706 1465 824 1542 Synodo
846 1465 1021 1525 Traiectensi
1048 1469 1219 1539 aecusatus,

64 1605 68 1608 .
183 1569 279 1626 poena
298 1554 395 1611 nescio
418 1568 476 1625 qua
497 1551 649 1611 mulctatus
672 1559 723 1612 est.
766 1553 824 1611 Vix
845 1559 913 1610 sunt
933 1558 990 1611 tres
1019 1554 1086 1611 anni
1113 1551 1219 1628 elapsi,

185 1655 221 1698 ex
243 1656 299 1714 quo
321 1641 377 1698 ista
399 1641 584 1714 contigerunt.
626 1639 702 1698 Ecce
723 1641 776 1698 istc
799 1641 872 1698 sicut
894 1642 1023 1714 superior
1042 1639 1157 1713 cecidit,
1190 1645 1221 1697 et

184 1727 299 1784 minime
327 1727 456 1785 surrexit.
497 1723 700 1786 NOVICIUS:
733 1725 856 1786 Videtur
883 1726 951 1784 milri
979 1725 1086 1801 aliquid
1111 1725 1220 1785 habere

185 1812 406 1888 significationis,
428 1812 505 1887 quod
525 1815 555 1870 in
576 1829 667 1872 vacca
686 1815 813 1887 inquieta
834 1830 957 1888 poenam
978 1831 1060 1872 suam
1074 1812 1156 1872 miles
1171 1831 1220 1872 re-

186 1901 275 1974 cepit,
304 1901 449 1958 usurarius
471 1901 580 1958 veroin
595 1900 662 1960 sede
687 1917 761 1974 quac
783 1903 896 1976 signum
918 1906 961 1958 est
983 1902 1085 1974 quietis
1108 1906 1137 1959 et
1156 1905 1219 1958 sta-

185 1985 311 2046 bilitatis.
353 1983 589 2046 MONACHUS:
621 1986 702 2045 Deus
732 1987 888 2045 secundum
917 1986 1083 2061 qualitatem
1105 1993 1134 2045 et
1154 2003 1221 2045 mo·

186 2073 256 2132 dum
275 2075 387 2148 peccati
406 2075 501 2147 ipsum
521 2075 604 2148 punit
623 2079 783 2148 peccatum.
830 2072 915 2132 Miles
936 2075 991 2132 iste
1012 2075 1080 2148 quia
1100 2090 1221 2132 vaccam

186 2162 295 2236 rapuit,
326 2162 356 2217 in
384 2166 647 2235 vacca-peccatum
668 2160 728 2218 luit.
770 2159 852 2219 Haec
875 2161 910 2220 de
933 2159 1077 2235 qualitate.
1120 2160 1222 2220 Vacca
1275 2223 1276 2226 ,

143 2239 146 2246 “
185 2252 302 2324 propter
322 2264 431 2321 pascua
451 2263 502 2321 per
524 2248 641 2306 diversa
656 2253 739 2322 prata
761 2247 899 2320 discurrit,
923 2253 952 2306 et
972 2247 1088 2306 assidua
1107 2248 1222 2322 praeci·
1275 2279 1276 2290 ι

185 2337 266 2394 sione
286 2335 473 2393 recrescentia
493 2335 622 2410 gramina
644 2334 779 2410 depaseit
822 2334 929 2408 Vacca,
949 2335 1012 2408 ipsa
1034 2351 1088 2392 sua
1107 2335 1222 2408 inquie—
1275 2327 1276 2402 ζ

186 2420 284 2481 tudine
306 2427 335 2480 et
357 2420 531 2496 depastione,
552 2421 661 2480 nobiles
684 2427 713 2479 et
734 2420 890 2479 advocatos
912 2422 1047 2494 temporis
1069 2420 1222 2480 nostride-

186 2510 289 2584 signat,
311 2510 359 2583 qui
381 2508 481 2567 domos
503 2515 531 2568 et
552 2525 636 2584 egros
658 2508 836 2566 subditorum
857 2506 1028 2582 hospitando
1050 2506 1223 2582 depascunt,
1275 2577 1276 2582 η

187 2601 217 2655 et
237 2612 289 2669 per
309 2594 440 2654 assiduas
463 2598 632 2669 exocdones,
655 2613 726 2670 quas
747 2597 777 2652 in
797 2594 860 2653 illos
882 2594 997 2668 faciunt,
1018 2595 1224 2654 insubstantia
1275 2609 1276 2674 ᾗ

187 2699 345 2740 recrescere
366 2699 424 2741 non
445 2685 548 2741 sinunt.
591 2682 643 2741 Isti
664 2682 855 2757 praedonibus
876 2683 906 2740 in
929 2683 1030 2756 poenis
1052 2680 1223 2740 similabun-

187 2775 241 2842 tru,
263 2774 292 2827 et
313 2769 493 2828 sicutmodo
515 2769 586 2828 alios
608 2771 724 2845 agitant,
738 2772 786 2828 ita
806 2771 860 2844 ipsi
883 2786 948 2826 cum
969 2766 1114 2843 praedicto
1133 2767 1224 2828 milite

189 2853 416 2934 exagitabuntur.
447 2855 530 2914 Haec
546 2856 582 2914 de
597 2856 683 2915 modo
701 2857 856 2916 dicta-sint
889 2853 1132 2929 Usurariusvero,
1154 2857 1224 2930 quia
1275 2863 1276 2934 ζ

187 2942 266 3002 domi
288 2945 383 3017 quiete
411 2942 537 3002 residens
565 2945 716 3018 pecuniam
743 2961 825 3002 suam
854 2942 891 3005 ad
923 2958 1040 3000 usuram
1069 2940 1177 3016 dedit,
1174 2944 1224 3000 in
1275 2951 1276 3018 ξ

187 3030 296 3088 interno
326 3028 424 3087 sedem
455 3031 569 3132 igneam
597 3032 722 3106 recepit.
765 3030 845 3090 Bene
878 3035 975 3088 autem
1003 3027 1105 3088 eadem
1139 3028 1223 3090 sedes

187 3118 273 3192 ignea
293 3115 353 3190 luit,
375 3117 444 3190 quia
464 3118 539 3176 sicut
559 3119 633 3192 ignis
655 3115 797 3192 stipulam,
818 3120 860 3175 ita
880 3134 967 3177 usura
987 3132 1147 3192 pauperum
1169 3115 1223 3176 de·
1275 3189 1276 3202 χ

78 3219 84 3230 “
188 3200 303 3282 vorst³)
324 3203 522 3265 substantiam
566 3266 567 3270 ,

477 3439 936 3494 ww...-

209 3809 545 3878 l)Bsicquemiser,
572 3807 987 3880 Csicquemiserillen-
1008 3804 1223 3879 asemper·
1275 3787 1276 3796 ¹

260 3888 368 3932 tus.-
389 3879 651 3947 3)llconsumit;
669 3879 982 3934 morciacultetem.
1275 3893 1276 3896 ’
