2580 4316
160 320 205 380 VI
735 373 736 378 ,

161 447 238 496 men
264 427 327 496 tria
345 425 549 520 exemplaria
563 424 722 498 Coloniae
739 428 880 520 reperis,
907 447 1008 498 unum
1025 428 1060 498 in
1074 424 1213 498 biblio-

161 529 258 600 theca
283 529 325 599 D.
354 553 374 599 a
400 529 543 620 Bianco,
584 530 723 600 aiterum
749 533 835 601 inter
868 529 970 604 libros
995 532 1038 603 D.
1066 530 1210 620 Merlo;

160 637 293 705 tertium
328 634 577 706 honestissimus
603 635 699 707 huius
730 635 881 708 editionis
908 635 1099 731 redemptor
1133 659 1211 706 ac-

162 741 319 831 quisivit,
359 737 450 810 Finis
476 738 571 810 huius
598 739 750 812 editionis
769 742 856 811 inter
874 742 1053 834 specimina
1079 762 1210 814 manus

160 844 311 914 codicum
337 863 519 936 expressus
544 842 676 934 legitur.

264 945 305 1018 Π.
360 946 469 1018 Editio
495 945 744 1035 Koelhoffiana,
777 944 894 1018 Goion.
925 947 1046 1038 1481,
1081 951 1208 1044 paucis

160 1050 243 1121 locis
271 1053 434 1145 exceptis,
461 1050 503 1120 ad
520 1049 617 1121 fidem
636 1050 712 1120 edit.
728 1052 832 1144 princ.
860 1060 1015 1121 accurate
1033 1073 1208 1146 expressa

162 1164 222 1228 est.
277 1154 399 1225 Littera
425 1154 456 1224 K
481 1154 568 1224 hunc
593 1154 712 1225 librum
737 1156 903 1246 insignivi.

264 1258 321 1330 111.
375 1258 546 1330 Editiones
579 1261 783 1330 recentiores
817 1258 982 1329 litteraR
1020 1261 1207 1352 insignitae

163 1372 248 1437 sunt.
311 1361 368 1432 Ex
394 1361 512 1456 quibus
548 1364 737 1433 examinavi
765 1361 983 1434 Colonienses
1010 1385 1040 1434 a.
1071 1364 1206 1454 1591,

165 1467 277 1556 1599,
305 1455 587 1562 Antvcrpiensem
613 1489 643 1536 a.
674 1465 785 1537 1605.
848 1466 1002 1538 Editores
1032 1465 1207 1539 chlhof-

162 1570 281 1642 {ianam
315 1571 446 1662 quidem
484 1570 678 1666 pierumque
711 1573 817 1642 secuti
850 1570 1047 1662 editionem,
1086 1582 1207 1645 tamen

162 1675 261 1747 modo
288 1696 335 1745 ex
360 1677 493 1770 proprio
518 1677 665 1767 ingenio,
692 1674 802 1765 modo,
830 1684 866 1745 ut
892 1677 993 1764 aiunt,
1022 1698 1092 1766 „ex
1110 1698 1207 1770 quo-

164 1780 239 1851 dam
264 1783 487 1874 mauuscripto
514 1779 649 1869 codice,
676 1779 755 1849 licet
779 1802 845 1850 nec
869 1781 1107 1870 vetustissimo,
1133 1802 1206 1851 uec

164 1884 449 1973 correctissimo,“
487 1893 615 1954 textum
651 1885 845 1977 saepissime
879 1893 1054 1955 mutarunt.
1125 1882 1205 1968 Qua

164 1991 197 2059 in
223 2010 261 2058 rc
280 1991 358 2081 quin
384 1987 499 2068 codice
519 1986 558 2078 C,
585 1989 762 2082 praecipue
788 1989 822 2057 in
849 1985 1055 2059 distinctione
1070 1997 1203 2081 quarta,

164 2115 349 2186 quanquam
374 2103 501 2163 temere
528 2095 606 2164 satis
633 2114 673 2161 ac
699 2094 771 2163 sine
797 2091 939 2182 iudicio,
974 2095 1026 2165 usi
1052 2094 1137 2181 sint,
1166 2100 1206 2162 et

164 2207 338 2292 praeterea
372 2218 419 2266 cx
453 2195 569 2266 codice
595 2194 625 2265 Ε
651 2193 808 2288 plurimas
842 2194 1004 2267 lectiones
1039 2194 1205 2289 deprom-

164 2304 302 2397 pserint,
330 2298 469 2370 dubitari
494 2319 562 2370 non
588 2306 708 2392 potest.

157 2407 161 2412 '
268 2403 325 2475 Ad
350 2404 425 2474 loca
451 2425 478 2476 s.
508 2404 702 2497 scripturae,
729 2423 814 2496 quae
839 2404 874 2473 in
889 2401 1030 2495 Dialogo
1056 2399 1205 2472 laudan-

166 2517 241 2598 tur,
269 2507 357 2602 quod
383 2509 516 2596 attinet,
552 2506 759 2601 respicienda
786 2515 882 2595 sunt,
909 2528 994 2598 quae
1022 2504 1214 2578 Caesarius·

164 2614 237 2709 ipse
262 2616 297 2684 in
321 2612 526 2709 praefatione
544 2610 585 2681 ad
611 2610 768 2681 Homiiias
785 2608 1076 2704 aCoppensteinio
1095 2610 1203 2682 editas

165 2720 308 2789 monuit:
340 2715 553 2808 „Sententiae
580 2724 613 2785 et
639 2716 850 2786 auctoritates
865 2723 932 2785 tam
951 2717 1076 2786 veteris
1102 2735 1203 2808 quam
1282 2779 1283 2783 ,

164 2824 246 2893 no'vi
271 2822 470 2910 testamenti,
497 2842 572 2889 cum
598 2843 618 2890 a
644 2842 698 2890 me
714 2816 976 2913 expositionibus
1002 2818 1203 2890 inserendae

166 2935 297 3015 essent,
330 2927 467 3019 ipsaque
493 2923 599 2997 verba
625 2922 798 3017 aliquando
824 2922 1009 3009 nescirem,
1045 2931 1079 2992 et
1103 2923 1201 2994 nimis

167 3039 259 3102 esset
282 3019 593 3101 taediosum'libros
609 3028 802 3114 revolvere,
829 3027 925 3121 posui
941 3026 1014 3098 ilias
1040 3035 1077 3096 ut
1103 3026 1201 3113 scivi,
1281 3095 1282 3115 ,

166 3157 234 3205 non
261 3155 307 3204 ex
332 3133 504 3224 industria,
531 3131 591 3216 sed
609 3155 655 3202 ex
673 3133 857 3223 ignorantia
883 3129 1078 3223 quandoque
1094 3127 1201 3201 verba

166 3241 250 3334 ipsa,
275 3238 334 3311 vel
360 3259 494 3312 sensum
519 3236 701 3309 verborum
726 3232 918 3308 mutando.“

270 3341 368 3434 Vale,
394 3340 561 3413 benevole
588 3340 714 3430 lector,
754 3348 788 3409 et
826 3336 903 3410 huic
929 3336 1083 3433 quicquid
1110 3335 1202 3409 Cae-
1280 3399 1281 3436 Ξ

168 3449 255 3521 sario
281 3446 425 3544 impendi
451 3467 574 3543 operae
600 3444 689 3516 fave.
1280 3443 1281 3450 ’

471 3748 905 3804 ψ
