2628 4310
422 262 478 323 DE
498 259 779 326 MORIEN'I‘IBUS.
1054 261 1117 322 283

85 388 172 462 anget
184 379 212 464 ¹),-
231 381 386 444 multorum
399 385 546 444 criminum
561 382 637 444 mole
659 383 833 444 conscientia
850 387 994 458 gravatur.
1025 380 1118 458 Quem

84 479 203 532 sanctus
226 470 378 531 consolans
400 470 482 530 dixit:
510 470 571 530 Diu
592 470 707 546 quidem
729 469 804 529 male
824 471 933 553 vinxisti:
960 467 1011 528 sed
1032 467 1118 530 hodic

84 559 159 618 scias
180 563 210 616 to
218 554 239 638 ²)
269 559 445 617 moriturum.
494 557 558 633 Ego
579 556 736 616 Dominam
756 561 883 615 nostram
911 561 1041 614 sanctam
1061 554 1118 614 Dei

84 643 258 705 Genitricem
281 650 310 704 et
337 643 461 720 reliquos
483 648 599 704 sanctos
626 659 679 718 pro
701 647 743 702 te'
759 644 868 718 rogavi,
898 648 926 701 ct
954 640 1039 700 duros
1068 657 1118 702 cos

81 732 193 805 inveni,
208 735 250 790 et
276 731 331 788 nisi
359 729 510 789 exauditus
536 729 633 804 fuero,
659 735 752 788 totum
782 727 935 788 coelestem
963 728 1119 788 exercitum

81 818 217 878 movebo.
259 815 364 890 Sicque
379 816 524 892 disparuit
567 814 653 892 Quod
670 833 735 875 cum
755 814 803 874 ille
825 814 939 873 domino
952 813 1119 874 Hermanno

80 903 207 978 Abbati,
229 903 401 979 quandoque
429 908 592 962 sanctorum
613 900 818 977 Apostolorum
839 901 975 975 Decano,
1002 906 1030 960 et
1051 907 1120 960 tune

80 993 110 1050 in
121 989 253 1049 claustro
270 990 371 1064 Priori,
391 991 546 1064 recitasset,
566 988 714 1066 respondit
733 988 795 1047 ille:
817 988 899 1046 Bone
921 986 1034 1046 domine
1054 986 1119 1046 Ru·

82 1077 216 1153 dingere,
244 1093 298 1136 vos
321 1077 390 1135 estis
412 1077 456 1136 vir
475 1081 631 1150 provectae
652 1076 771 1150 aetatis,
792 1079 822 1134 et
842 1073 985 1148 infirmus,
1010 1079 1039 1134 et
1062 1075 1119 1133 cito

81 1165 257 1239 moriemini,
284 1162 372 1222 nolite
395 1161 488 1221 dicere
509 1163 563 1221 nisi
584 1163 743 1222 veritatem.
786 1160 867 1220 Bene
887 1165 1009 1219 noverat
1029 1161 1120 1220 vitam

81 1253 153 1311 eius.
196 1248 357 1325 Respondit
378 1248 518 1307 infirmus:
544 1247 575 1308 Si
596 1264 654 1307 non
675 1248 754 1307 fuero
775 1253 906 1306 mortuus
926 1245 1027 1321 hodie,
1048 1244 1121 1306 hora

79 1352 160 1398 nona
181 1335 251 1411 diei,
278 1335 351 1396 falsa
372 1341 440 1395 sunt
461 1351 535 1410 quae
558 1334 624 1393 dixi.
668 1333 745 1410 Quid
771 1331 875 1409 plura?
924 1332 1006 1393 Hora
1033 1345 1120 1409 prae-

80 1422 161 1485 dicta
191 1422 351 1482 monachus
383 1423 516 1496 moritur,
556 1427 585 1482 et
616 1420 653 1480 de
684 1423 794 1480 visione
825 1419 909 1479 Prior
941 1417 1120 1480 certificatur.

71 1507 279 1572 novicius:
301 1508 376 1568 Puto
399 1508 553 1568 daemones
574 1507 697 1566 multum
716 1507 845 1581 fremere,
867 1502 962 1586 cum³)
984 1505 1057 1570 tales
1079 1507 1120 1567 eis
1161 1561 1164 1566 .

79 1594 296 1656 subtrahuntur.
333 1592 575 1654 Messeniis:
604 1593 685 1654 Sicut
712 1595 803 1654 sancti
819 1592 920 1669 angeli
939 1593 1121 1652 morientium

79 1685 192 1744 animas
215 1680 356 1742 deducere
377 1682 505 1740 nituntur
525 1681 555 1740 in
576 1679 705 1755 coelum,
727 1681 768 1740 sic
790 1679 884 1756 angeli
906 1679 974 1739 mali
996 1696 1045 1742 eas
1067 1678 1120 1740 de-

79 1769 195 1830 trudere
217 1773 356 1828 conantur
377 1769 408 1826 in
429 1766 578 1827 infernum.

436 1937 670 2000 CAPITULUM
696 1938 767 2000 XV.

158 2063 207 2122 Dc
227 2068 322 2122 morte
344 2059 478 2136 Geruupi
500 2078 587 2136 quern
608 2060 739 2119 bominac
759 2063 840 2136 cipri
861 2067 889 2120 et
909 2061 1042 2124 uultures

401 2149 574 2207 metentem
596 2145 800 2206 observabant.

146 2267 278 2327 Mortuus
305 2274 348 2328 est
376 2270 406 2326 in
433 2268 534 2328 eadem
563 2267 649 2328 domo
678 2267 795 2344 quidam
824 2284 978 2327 conversus
1006 2270 1120 2330 nomine

80 2354 245 2430 Gerungus.
294 2354 353 2414 Iste
377 2361 444 2414 ante
472 2357 688 2415 conversionem
711 2353 891 2431 quorundam
911 2355 1120 2431 Episcoporum

77 2441 315 2517 Treverensium,
344 2445 506 2502 successive
529 2447 641 2517 tamen,
659 2442 761 2501 ‘fuerat
782 2441 960 2517 dispensator
982 2448 1011 2502 et
1032 2442 1120 2502 durus

76 2545 239 2606 pauperum
261 2534 385 2590 exactor.
428 2528 559 2588 Tandem
581 2528 761 2608 quorundam
783 2528 977 2589 admonitione
997 2545 1119 2606 persua-

76 2632 138 2690 sus,
158 2614 371 2676 Hammenrode
393 2617 486 2692 venit,
508 2617 558 2676 ubi
580 2618 609 2674 in
631 2615 732 2675 habitu
754 2615 893 2675 saeculari
914 2621 1042 2693 tempore
1063 2617 1119 2678 ali·

77 2707 186 2778 quanto
210 2701 245 2760 de
265 2705 380 2778 proprio
402 2704 482 2762 vixit.
524 2703 632 2763 Tactus
652 2703 735 2778 gravi
755 2702 932 2778 infirmitate,
958 2705 1052 2780 magis
1079 2705 1118 2762 ti-

76 2804 158 2854 more
179 2788 328 2864 gehcnnao
351 2805 437 2865 quam
459 2806 558 2850 amore
579 2791 689 2865 patriae
709 2788 841 2848 habitum
861 2789 996 2866 induens,
1021 2792 1051 2848 in
1071 2791 1118 2850 in·

75 2874 255 2934 firmitorium
268 2891 471 2935 conversorum
485 2875 651 2952 deportatus
674 2881 725 2934 cst.
769 2874 910 2952 Quicum
931 2876 969 2936 ad
990 2883 1119 2937 extrema

53 2963 255 3036 devenisset,
288 2968 317 3021 et
334 2963 364 3019 in
381 2961 486 3021 lectulo
494 2957 517 3041 ⁴)
547 2979 599 3021 suo
628 2960 707 3022 solus
729 2963 844 3036 iaceret,
865 2965 1020 3038 aspiciente
1041 2980 1117 3040 quo-

75 3049 144 3110 dam
186 3064 325 3108 converso
366 3051 481 3108 nomino
518 3047 655 3123 Ludone,
698 3047 826 3108 vultures
860 3049 1048 3126 advolantes,
1087 3052 1117 3109 in

76 3137 189 3212 pertica
220 3134 286 3194 lecti
324 3136 385 3194 cius
417 3133 602 3210 resederunt,
641 3151 707 3194 cum
740 3136 845 3210 quibus
875 3135 1006 3196 homines
1037 3139 1116 3212 tetri,

74 3223 175 3297 magni
196 3226 283 3297 atque
301 3220 442 3281 deformes
462 3223 609 3296 intrantes,
631 3219 753 3280 eundem
770 3223 1023 3282 circumsteterunt.
1046 3221 1117 3283 Jam

76 3308 172 3368 dictus
193 3307 277 3367 Ludo
300 3307 336 3367 de
357 3309 467 3367 visione
488 3310 611 3384 primum
633 3306 793 3382 admirans,
823 3314 852 3368 et
879 3315 946 3384 post
965 3309 1116 3386 paululum
1220 3337 1223 3343 ·
1301 3369 1302 3380 ,

74 3393 155 3472 quod
177 3392 332 3453 daemones
354 3399 465 3469 essent,
494 3396 544 3469 qui
564 3395 744 3453 morientium
772 3396 882 3454 animas
901 3398 991 3471 'quasi
1019 3413 1115 3457 escam

73 3480 295 3559 praestolantur,
316 3482 493 3556 recogitans,
521 3479 580 3540 alta
601 3496 673 3540 voce
696 3479 844 3539 clamavit:
875 3480 951 3557 Quid
972 3485 1054 3546 stetis
1074 3484 1115 3542 ibi

73 3585 129 3629 vos
152 3565 280 3626 domini?
323 3566 505 3643 Egredimini.
547 3566 606 3643 Qui
634 3565 704 3624 dum
730 3569 845 3626 minime
873 3567 1037 3643 obedirent,
1065 3586 1114 3629 sc-

75 3654 170 3716 onudo
194 3654 342 3714 clamavit:
371 3653 435 3730 Ego
463 3653 547 3712 vobis
573 3655 717 3729 praecipio
745 3654 775 3711 in
801 3657 916 3714 nomine
936 3654 1054 3714 Domini
1081 3662 1115 3716 ut

93 3770 125 3840 1)
143 3768 207 3822 DFP
225 3770 325 3838 angit.
344 3769 428 3822 Simile
446 3776 486 3819 est
502 3767 564 3819 illud
582 3767 679 3838 deget
697 3783 773 3834 supra
785 3768 815 3832 11,
834 3769 876 3825 25.
893 3785 919 3836 p.
938 3769 980 3822 97.
1000 3797 1030 3809 -
1050 3766 1113 3839 2)c

144 3848 176 3892 te
199 3853 279 3890 esse.
299 3868 329 3878 -
349 3839 381 3908 3)
399 3838 421 3892 Β
439 3836 574 3907 quando.
595 3867 625 3878 —
644 3837 677 3906 4)
695 3836 739 3890 bl>
756 3837 852 3890 lecto.
