2628 4310
129 259 134 266 ·
198 234 260 296 832
468 233 695 297 bisulduno
719 173 961 296 Duonucmd

539 389 772 452 CAPITULUM
790 389 895 450 XXII.

500 495 549 554 De
575 495 715 555 Jordono
739 494 893 555 Cordinoli
903 491 932 572 ¹)

263 595 341 657 Ante
368 614 478 675 paucos
506 615 597 658 annos
619 599 730 658 Romae
759 595 876 675 quidam
898 595 1056 658 Cardinalis
1084 596 1226 658 defunctus

198 691 251 760 est,
272 686 386 744 nomine
407 684 563 746 Jordmus.
595 685 642 745 De
664 685 762 746 ordine
784 686 900 762 quidem
920 685 1100 745 cisterciensi
1122 702 1226 744 assum·
1285 731 1286 736 1

199 777 266 848 ptus
287 771 394 846 morat,
415 771 467 831 sed
496 775 555 832 vita
576 772 667 832 ordini
688 775 718 831 in
740 789 774 831 eo
796 775 912 832 minime
933 771 1136 832 concordabat
1167 771 1228 830 Erat

199 860 275 918 enim
295 875 401 918 avarus
421 858 523 935 valde,
543 860 617 918 sicut
638 875 656 918 e
676 858 802 934 quodam
821 858 939 919 Abbate
960 858 1068 918 audivi.
1099 857 1228 917 Habebat

198 950 296 1005 cutem
309 947 451 1004 notarium
472 947 587 1004 nomine
599 943 810 1021 Pandolphum.
844 945 931 1005 Hunc
953 961 1019 1004 oum
1039 944 1228 1020 proquodam

198 1033 314 1109 nogotio
335 1032 433 1090 nescio
455 1047 512 1107 qno
533 1032 672 1106 misisset,
703 1033 816 1092 inierim
840 1034 1003 1108 exspiravit
1032 1031 1147 1091 Eadem
1166 1031 1228 1090 hora

199 1118 334 1187 cumiiie
356 1117 470 1195 expleto
491 1120 606 1195 negotio
628 1118 746 1193 rediret,
774 1135 860 1178 mane
885 1124 953 1178 ante
973 1117 1068 1178 lucem
1092 1124 1228 1178 dammam

198 1204 390 1264 miserabilem
418 1207 448 1264 in
469 1221 540 1282 agro
564 1204 773 1281 contemplatus
794 1211 847 1265 est.
888 1203 1036 1266 Sedebant
1055 1204 1228 1264 homineein

199 1292 340 1366 iumentis,
361 1293 390 1350 in
413 1307 461 1354 ore
483 1291 590 1352 caudas
603 1291 752 1366 hebentes,
773 1293 863 1352 versis
885 1292 977 1351 dorsis
998 1289 1036 1351 ad
1055 1294 1154 1368 capita
1172 1290 1228 1349 illo·

198 1395 271 1438 rum.
315 1377 396 1454 Quos
416 1377 580 1439 Jordannss
592 1378 704 1439 cuculla
723 1377 854 1453 indubrs,
881 1378 965 1438 nudis
986 1377 1112 1454 pedibus
1133 1393 1228 1454 seqre·

199 1463 293 1541 batur,
315 1465 428 1524 dnobus
450 1463 638 1525 daemonibus
659 1482 690 1525 se
712 1464 890 1525 ducentibus.
924 1465 959 1524 In
974 1481 1097 1541 quorum
1120 1470 1228 1541 aspectu

199 1549 269 1610 dum
289 1553 416 1611 noterius
437 1553 521 1610 nimis
541 1551 677 1626 horreret,
702 1550 837 1612 clamavit
858 1551 1030 1612 cardinalis:
1052 1551 1228 1628 Pandolpbe,

199 1637 383 1714 Pandolphe,
403 1638 573 1714 Pundolphe
580 1635 610 1718 ²).
653 1638 832 1699 Subsisteote
854 1637 956 1698 clerico
979 1645 1009 1698 et
1029 1638 1154 1715 dicente,
1174 1638 1229 1714 quis

201 1739 241 1798 es,
262 1730 313 1784 aut
333 1724 403 1800 quid
424 1723 554 1785 clamas?
575 1725 721 1801 respondit
741 1724 803 1784 illc:
846 1725 910 1802 Ego
932 1741 996 1784 sum
1012 1724 1164 1786 Jordanus
1183 1725 1229 1784 do-

122 1809 126 1822 '
200 1812 399 1887 minuemus,
428 1818 457 1872 et
484 1818 613 1872 mortuns
640 1829 713 1871 sum.
756 1812 879 1872 Dicente
899 1811 964 1886 illo,
992 1829 1050 1888 quo
1078 1808 1228 1874 ducimini?

201 1896 361 1974 respondit:
382 1897 460 1959 Ante
480 1898 605 1958 tribunal
627 1897 738 1958 Christi.
769 1898 808 1958 Et
827 1899 890 1958 ille:
912 1898 1010 1958 Nostis
1032 1899 1103 1975 qnid
1126 1900 1162 1959 de
1181 1915 1229 1960 ro·

201 1984 246 2044 bis
267 1985 304 2044 sit
323 1984 471 2045 futurum?
510 1984 575 2045 Non
596 1987 672 2059 novi,
692 1987 792 2060 inquit,
813 1985 895 2044 Deus
916 1987 978 2045 scit.
1009 1985 1068 2046 Sed
1092 2003 1159 2046 cnm
1171 1985 1229 2044 illuc

202 2087 325 2146 venero,
357 2072 460 2132 beatus
480 2072 585 2132 Petrus
605 2071 641 2131 de
664 2071 826 2131 Cardinalia
847 2089 913 2132 mea
933 2088 985 2149 pro
1007 2089 1055 2132 mc
1074 2073 1229 2133 redditurus

200 2163 245 2218 est
264 2161 417 2234 rationem,
438 2165 555 2218 sanctus
582 2175 651 2218 vero
673 2158 847 2218 Benedictus
876 2159 912 2218 de
940 2158 1060 2218 cuculla.
1106 2158 1230 2236 Quodsi

199 2243 277 2309 illam
299 2244 368 2303 mihi
389 2247 518 2305 obtinere
538 2241 703 2326 potuerit³),
725 2245 875 2321 salvabor;
904 2248 947 2304 sin
969 2251 1081 2320 autem,
1116 2247 1229 2306 damna·

200 2331 261 2391 bor.
303 2330 408 2407 Sioque
440 2332 530 2392 oeulis
559 2334 620 2392 eius
648 2333 811 2392 subtractus
839 2338 891 2390 est.
933 2330 1140 2394 NOVICIUS:
1173 2332 1229 2390 Non

200 2417 269 2476 mihi
289 2418 385 2494 placet
404 2421 433 2478 in
453 2418 503 2479 illo
525 2419 631 2478 ducatu
652 2421 814 2494 praesentia
836 2418 1023 2494 daemonum,
1056 2425 1085 2478 et
1107 2419 1230 2480 absentia

199 2510 363 2564 sanctorum
395 2506 571 2582 angelorum.
620 2503 855 2565 MONACHUS:
887 2505 970 2566 Haeo
1002 2504 1080 2564 dicta
1112 2509 1170 2565 sint
1200 2503 1229 2562 de

198 2593 299 2668 poenis
328 2593 523 2668 reproborum.
572 2589 775 2652 NOVICIUS:
807 2591 890 2651 Licet
920 2591 1084 2652 huiusmodi
1111 2594 1230 2653 visiones

198 2693 288 2755 saepo
309 2681 366 2737 sint
385 2695 486 2754 verae,
514 2680 606 2756 magis
627 2685 724 2738 temen
746 2680 772 2738 ci
794 2677 939 2738 crederem
960 2681 1009 2755 qui
1030 2685 1178 2740 revertens
1197 2677 1228 2738 ab

143 2801 147 2813 ›
198 2764 293 2826 inferis
324 2767 387 2824 visa
418 2768 559 2825 recitaret.
607 2763 843 2825 MONACHUS:
876 2763 942 2826 Hoc
973 2765 1035 2825 fieri
1061 2783 1151 2841 posse
1176 2763 1228 2825 Job

200 2851 376 2912 contradicit.
418 2853 516 2926 Siout,
543 2854 648 2928 inquit,
681 2854 865 2911 coruumituo·
890 2850 982 2911 nubes
1011 2859 1039 2912 ct
1058 2855 1229 2927 permeruit,

198 2941 239 2998 etc
261 2941 312 3015 qui
334 2935 507 3017 descendttt)
531 2939 572 2998 ad
592 2939 718 3015 inferos,
740 2955 802 2997 oon
827 2939 976 3010 ascendet,
997 2955 1051 2997 nco
1070 2945 1229 2999 reooutor

198 3026 282 3085 uitro
302 3028 335 3084 io
357 3025 478 3085 dom
499 3043 603 3103 soom,
626 3043 721 3100 neque
742 3031 895 3100 copnosoet
916 3041 983 3082 eom
1005 3027 1135 3101 anplius
1156 3027 1228 3084 douo

199 3109 301 3183 arob.
344 3111 478 3174 Referam
499 3113 552 3173 tibi
573 3118 670 3172 nmen
691 3111 770 3188 quod
791 3118 858 3171 anto
879 3111 1027 3172 biennium
1048 3111 1155 3172 audivi.

235 3327 239 3338 ι
510 3247 743 3314 CAPITULUM
768 3245 924 3329 XXIII.⁴‘)

334 3355 566 3416 De.Eoorwoco
586 3355 629 3414 od
648 3353 810 3432 infamatos
827 3371 943 3430 poenos
965 3353 1100 3415 decom.

263 3457 458 3521 Theodericus
486 3459 676 3518 Traieotensis
703 3457 864 3534 Episcopus
897 3457 933 3516 de
965 3463 1059 3516 castro
1086 3456 1228 3530 Nuroberg

199 3547 343 3622 oriundus,
364 3564 479 3608 servum
501 3544 644 3623 quendam
664 3543 793 3604 habebat
812 3542 972 3604 Everwach
992 3545 1116 3620 nomine,
1135 3541 1227 3622 provi·

217 3664 251 3732 1)
266 3661 332 3718 nali
355 3661 540 3718 Gerdiraie.
558 3691 588 3704 -·
609 3657 641 3729 2)
659 3660 848 3728 Pandolpha
865 3658 915 3712 add
932 3657 1029 3712 ABOF.
1049 3654 1226 3726 -a)ABF1³

267 3734 403 3800 poterit.
429 3761 459 3772 -
479 3732 511 3796 4)
534 3731 556 3784 li
578 3731 800 3785 descenderit.
818 3761 852 3772 -
869 3730 902 3800 5]
918 3728 967 3784 iob
984 3731 1016 3792 i,
1037 3729 1131 3782 9-10.
1150 3757 1180 3770 -
1197 3724 1225 3792 ⁸)

267 3801 357 3856 nomi
375 3801 415 3854 111.
433 3817 458 3867 p.
477 3801 519 3854 66.
