2580 4316
399 259 461 322 DE
484 259 756 324 CONTRITIONE.
1060 261 1098 320 75

440 399 670 494 senmurum
690 401 731 460 x.

88 501 125 562 De
139 503 251 562 colubri
270 504 461 582 Parisiorui,
483 508 535 581 qui
555 505 591 565 ob
606 507 731 564 nimium
749 506 951 564 contritionem
971 503 1101 580 conduci

134 607 187 649 con
200 595 317 667 potuit,
350 595 441 651 corius
467 597 587 668 peccota
606 596 639 651 irc
661 591 798 650 schedula
826 593 937 666 scr-imo
958 591 1035 650 divi-

433 683 513 738 niem
541 687 610 738 sunt
632 679 735 737 deleto.

131 813 361 878 MONACHUS:
385 816 490 878 Annus
517 816 602 878 modo
623 819 777 877 vicesimus
799 823 842 876 est
863 814 1015 888 secundus,
1035 812 1100 890 plus

83 900 154 960 uinus
168 899 192 982 ¹),
213 920 247 962 eo
269 909 406 980 tempore
430 922 487 979 quo
508 905 546 965 ad
567 903 698 964 ordinem
717 905 792 979 veni,
813 905 863 978 qui
883 903 935 960 fuit
956 902 1101 961 abincar·

82 989 172 1048 reione
192 989 312 1050 Domini
342 991 513 1050 millesimus
542 992 752 1052 ducentesimus
773 1007 832 1050 uuo
854 991 962 1062 minus,
993 991 1022 1046 in
1044 1004 1101 1064 quo

81 1073 123 1132 tale
148 1077 211 1150 quid
232 1095 251 1136 a
272 1080 346 1136 viris
376 1078 516 1154 religiosis
545 1085 573 1138 et
593 1078 729 1152 literatis,
759 1084 791 1136 ut
819 1083 887 1135 sunt
912 1075 1044 1135 Abbetes
1073 1081 1102 1134 et

80 1158 232 1238 Scholastici,
253 1164 378 1224 Parisiis
391 1166 542 1241 contigisse
553 1167 694 1224 veraciter
714 1164 847 1224 intellexi
889 1163 960 1222 Erat
969 1162 1008 1221 ibi
1018 1164 1102 1220 iuve-

79 1248 111 1304 uis
129 1249 238 1323 quidam
258 1254 290 1308 in
314 1252 423 1325 studio,
447 1254 494 1327 qui
519 1257 688 1329 suggerente
709 1252 828 1311 humani
848 1252 960 1326 generis
981 1249 1102 1324 inimico,

79 1333 132 1392 telis
150 1336 291 1410 quaedam
313 1345 440 1413 peccata
461 1341 657 1412 commiserat,
679 1355 752 1414 quae
775 1338 907 1397 obstante
929 1336 1101 1396 erubescen-

78 1421 108 1478 tia
125 1423 189 1481 nulli
209 1424 367 1484 hominum
390 1424 519 1484 confiteri
530 1428 631 1501 potuit
676 1425 811 1501 Cogitans
824 1431 919 1482 tamen
933 1440 1007 1497 quse
1019 1421 1101 1482 mulis

78 1516 226 1584 praeparata
249 1519 320 1570 sunt
342 1519 487 1572 tormenta
502 1512 660 1588 gehennae,
683 1517 711 1570 et
732 1528 807 1586 quae
829 1511 912 1570 bonis
933 1509 1102 1569 abscondita

78 1601 130 1651 sunt
147 1599 251 1672 gaudia
272 1601 412 1674 perennis
434 1601 519 1672 vitae,
539 1601 642 1658 timens
660 1600 746 1656 etiam
759 1598 885 1672 quotidie
895 1596 1031 1657 iudicium
1043 1596 1102 1656 Dei

79 1697 148 1756 super
166 1701 196 1742 se
208 1681 239 1764 ²),
259 1688 342 1744 intus
365 1687 552 1760 torquebatur
573 1702 673 1744 morsu
695 1686 891 1757 conscientiae,
917 1690 946 1744 et
966 1684 1032 1744 ioris
1054 1688 1101 1741 ta·

79 1768 196 1830 bescebat
215 1775 246 1830 in
268 1789 404 1848 corpore.
456 1771 529 1847 Quid
555 1763 658 1847 plural
699 1770 828 1830 Tandem
849 1773 1001 1830 miserante
1022 1770 1101 1844 Deo,

80 1853 329 1938 iradolescente³)
360 1860 446 1930 timor
472 1858 519 1917 ille
539 1858 651 1917 servilis
683 1855 885 1918 verecundiam
905 1860 988 1930 vicit,
1018 1854 1099 1935 quie)

80 1941 139 2000 sicut
157 1950 217 2004 seta
236 1945 330 2019 filum,
355 1948 504 2004 caritatem
522 1944 657 2004 inducere
682 1946 838 2004 consuevit
881 1945 1007 2004 Veniens
1020 1941 1040 2022 ⁵)
1062 1942 1101 2001 ad

80 2035 192 2088 sanetum
213 2033 377 2106 Victorem,
398 2031 526 2090 Priorem
546 2033 677 2105 vocavit,
698 2037 727 2089 et
749 2033 816 2106 quia
837 2029 989 2090 confitendi
1009 2032 1102 2109 gratia

83 2117 186 2177 venisset
199 2119 351 2194 indicavit.
373 2117 427 2176 Ille
441 2126 557 2193 paratus
569 2117 608 2178 ad
618 2117 674 2176 tale
690 2117 821 2191 officium,
835 2120 909 2177 sieut
922 2133 1021 2176 omnes
1035 2121 1101 2175 sunt

31 2253 33 2260 .
82 2198 163 2262 intres
183 2207 314 2266 eiusdem
329 2207 503 2280 monasterii,
525 2207 622 2264 statim
644 2207 730 2280 venit,
751 2207 780 2263 in
793 2205 858 2264 loco
880 2205 918 2263 ad
939 2204 995 2264 hoc
1008 2203 1100 2278 depu-
1159 2223 1168 2233 ·

84 2293 130 2348 teto
147 2291 225 2367 sedit,
245 2295 467 2369 praemissoque
485 2291 681 2352 exhortatione
699 2293 832 2350 iuvenem
851 2291 977 2350 confiteri
997 2291 1101 2350 volen-

83 2379 129 2434 tem
147 2381 334 2454 exspectavit
378 2377 453 2436 Mire
473 2396 526 2437 res.
570 2378 694 2436 Tantam
714 2378 786 2437 hora
807 2377 984 2454 eadempius
997 2378 1101 2438 Domi-

83 2476 138 2536 nus,
167 2469 246 2526 cuins
266 2472 377 2526 nature
398 2465 509 2524 bonitas
531 2470 589 2539 est,
618 2467 699 2524 cuim
731 2465 864 2525 voluntas
892 2472 1022 2540 potestas
1043 2472 1101 2538 est,

86 2550 150 2609 cuim
176 2568 248 2629 opus
283 2551 479 2611 misericordie
508 2557 565 2625 est,
598 2551 677 2610 cordi
712 2553 772 2611 eius
806 2552 924 2622 contulit
955 2553 1102 2611 contritio-

86 2649 151 2710 nem,
175 2647 207 2698 ut
234 2642 372 2715 quotiens
395 2637 600 2698 confessionem
621 2639 772 2712 inciperet,
801 2641 904 2697 totiens
931 2637 1102 2714 singultibus

86 2721 221 2802 intemepta
247 2743 307 2785 vox
329 2724 471 2784 deiiceret.
512 2725 548 2784 In
570 2725 660 2785 oculis
680 2725 829 2798 lacrimae,
857 2728 978 2800 suspiria
998 2727 1027 2783 in
1047 2741 1125 2800 per

87 2813 157 2886 etore,
176 2813 321 2890 singultus
345 2818 425 2871 eraut
445 2814 474 2868 iu
495 2818 617 2888 gutture.
667 2811 750 2872 Haec
771 2818 804 2870 ut
822 2812 893 2870 vidit
912 2812 1001 2886 Prior,
1023 2811 1102 2870 dice-

87 2892 128 2955 tc
144 2899 282 2962 scholari:
303 2897 388 2958 Vade
409 2899 500 2958 scribe
522 2904 642 2974 peccata
663 2905 713 2957 tua
740 2901 769 2956 in
797 2899 947 2973 schedula,
976 2905 1005 2958 et
1026 2898 1104 2956 deser

90 2981 118 3040 nl
141 3002 190 3046 me.
237 2986 353 3045 Placuit
381 2985 529 3044 consilium
550 2987 661 3059 iuveni,
688 2986 773 3059 abiit,
800 2988 923 3060 scripsit,
947 2985 992 3044 die
1014 2982 1103 3043 altera

90 3069 161 3148 rediit,
180 3081 212 3135 et
234 3075 259 3132 si
282 3071 411 3133 confiteri
431 3079 530 3148 posset
549 3074 652 3132 iterum
673 3079 785 3132 tentam
797 3065 827 3151 ⁶),
849 3079 881 3131 ut
901 3075 978 3147 prius
995 3071 1105 3130 deiecit.

91 3153 119 3214 Et
143 3176 205 3220 eum
235 3160 276 3218 nil
311 3159 478 3235 proficeret,
514 3158 683 3218 schedulam
710 3159 803 3218 Priori
841 3162 973 3234 porrexit
1022 3158 1107 3235 Legit

105 3271 176 3339 1)οΡ
194 3275 267 3344 plus
285 3273 341 3326 vet
358 3276 475 3338 minus,
493 3274 514 3327 Ι)
531 3274 603 3342 plus
620 3289 679 3325 nec
697 3276 813 3338 minus3
831 3275 897 3326 coni,
915 3274 956 3336 Vl,
975 3274 1057 3324 22.-
1075 3273 1108 3341 2)

141 3343 237 3399 cnei
254 3344 414 3397 iudicium
432 3359 530 3412 snper
548 3361 581 3396 se
599 3343 756 3413 quotidie.
770 3373 799 3384 —
821 3345 853 3411 3)
869 3346 902 3394 in
919 3342 1109 3396 adolescen-

145 3424 173 3466 te
195 3414 247 3467 add
264 3413 339 3466 ACD.
362 3443 390 3452 —
414 3415 446 3480 4)
464 3415 487 3465 A
506 3429 606 3481 quse..
630 3415 762 3484 Augustis.
780 3415 806 3465 in
823 3415 903 3481 Epist.
921 3413 1010 3464 hohan.
1028 3412 1109 3464 Truct.

145 3483 193 3549 lx,
219 3485 251 3536 t:
289 3486 375 3536 sicut
405 3483 552 3540 videmus
583 3499 641 3551 per
672 3492 771 3536 sctum
801 3481 966 3535 introduci
992 3480 1111 3544 linum,

145 3553 274 3622 quando
301 3551 426 3621 aliquid
453 3555 577 3616 suitur,
604 3561 673 3604 seta
699 3553 792 3619 prius
818 3555 939 3617 intrat,
966 3549 1020 3602 sed
1046 3553 1111 3601 nisi

146 3633 255 3687 exeat,
281 3637 346 3674 non
370 3620 515 3674 succedit
536 3621 648 3675 linum:
673 3624 719 3673 sie
744 3623 837 3674 timor
854 3624 956 3690 primo
974 3629 1114 3687 occupat

147 3702 293 3756 mentem,
312 3707 376 3743 non
396 3701 501 3742 nutem
519 3691 565 3742 ibi
582 3700 726 3744 remanet
747 3692 857 3757 timor,
875 3694 950 3760 quia
973 3689 1044 3741 ideo
1068 3692 1115 3741 in-

148 3765 264 3826 trovit,
290 3771 324 3814 ut
350 3761 581 3814 introduceret
606 3764 789 3813 caritatem.
809 3792 840 3802 —
868 3761 938 3829 5)c
964 3761 1116 3812 veniens-

148 3849 213 3900 que.
235 3861 266 3872 -
287 3832 320 3900 6)
339 3831 361 3884 D
379 3833 533 3883 tentarit.
