2622 4322
443 224 497 285 nu
525 222 789 286 neuunuronn.
863 191 866 198 ’
1077 228 1137 284 241
1191 179 1204 234 ⁵

99 352 197 410 homo.
245 347 346 424 Quam
367 345 458 406 valida
487 353 515 406 et
543 350 705 423 importuna
727 348 764 406 eit
784 346 868 405 nobis
889 346 951 408 uitii
970 345 1055 406 huius
1076 353 1143 406 ten-

99 439 190 512 tatio,
221 433 397 510 quibusdam
419 437 567 493 recentiori
588 440 718 509 tempore
739 435 827 510 gestis
848 433 975 509 pandam
997 433 1142 510 exemplis.

100 523 243 583 Ordinem
258 523 355 596 etiam,
376 523 555 596 inquantum
576 527 685 596 potero,
706 537 833 580 necnon
851 525 880 578 et
901 518 1019 578 modum
1040 537 1143 596 supra·

99 611 245 670 dictarum
268 610 470 682 tentationum,
491 606 575 666 Adae
598 606 706 666 scilicet
728 613 757 666 et
772 602 788 686 ¹)
811 607 890 666 Esau
913 614 942 666 et
962 605 1145 684 reliquorum,

99 699 149 773 qui
171 697 232 756 illic
254 697 412 755 enumerati
433 701 507 771 sunt,
529 710 645 754 servare
666 693 798 753 studebo.

309 841 311 849 ’
425 882 824 944 onr1uunuunxxrv.

97 1010 147 1070 Dc
171 1007 316 1068 Conrado
337 1007 477 1078 scholare,
500 1008 552 1080 qui
567 1002 693 1080 propter
715 1021 796 1063 aem
818 1006 909 1064 unias
924 1009 1023 1081 poeni,
1046 1025 1143 1066 avan·

387 1094 447 1151 ordi
467 1095 515 1151 eui
536 1095 638 1168 pratia
654 1095 795 1167 pmvaiac
817 1097 866 1150 cet.

165 1231 307 1292 Coloniae
328 1233 358 1289 in
376 1233 484 1291 maiore
507 1231 628 1290 ecclesia
649 1230 786 1289 Decanus
809 1228 927 1305 quidam
949 1239 1010 1291 erat
1031 1234 1146 1294 natione

98 1321 228 1394 Suevus,
250 1322 295 1378 vir
310 1319 398 1393 dives,
420 1317 546 1393 prudens
565 1325 594 1376 et
602 1314 623 1396 ²)
645 1317 792 1392 honestus
813 1319 843 1376 in
866 1319 982 1378 consilio
1003 1319 1147 1381 Frederici

98 1409 290 1484 Imperatoris
308 1409 378 1465 satis
399 1411 544 1479 acceptus.
587 1404 644 1462 Hic
667 1421 732 1462 cnm
753 1406 783 1461 in
803 1406 930 1479 pomerio
953 1423 1006 1465 suo
1027 1395 1146 1481 pomum

98 1494 250 1555 novellam
267 1492 427 1569 plantatam
444 1491 578 1565 haberet,
602 1498 631 1550 et
651 1493 708 1549 iam
730 1490 814 1549 flores
838 1493 898 1550 eius
919 1494 949 1549 in
970 1510 1057 1568 poma
1077 1512 1147 1569 pro·

98 1582 252 1653 fecissent,
281 1581 427 1655 praecepit
462 1580 539 1636 omni
573 1576 697 1636 familiae
732 1594 801 1636 snae
833 1577 887 1637 sub
920 1581 1147 1642 interminatione

99 1672 213 1746 gratiae
227 1683 298 1726 suae
307 1663 338 1745 ³),
360 1682 413 1724 nee
428 1681 486 1723 non
501 1671 530 1723 et
540 1681 661 1740 poenae,
679 1681 716 1722 ne
728 1663 834 1739 aliquis
847 1664 964 1740 aliquod
982 1684 1017 1725 ex
1040 1669 1147 1728 eisdem
1235 1693 1238 1705 ’

99 1759 207 1832 pomis,
232 1769 306 1829 quae
328 1769 422 1828 pauca
445 1758 539 1826 erant,
561 1757 630 1810 ante
649 1753 843 1830 maturitatem
866 1761 1002 1827 carperet,
1023 1756 1146 1830 probare

100 1842 205 1902 volens
219 1843 282 1900 eius
294 1841 441 1915 primitias.
486 1838 617 1914 Cumque
632 1855 731 1896 omnes
745 1844 931 1916 praeceptum
952 1839 1026 1899 illius
1049 1849 1147 1902 eusto-

53 1935 59 1948 '
99 1929 212 2003 duent,
236 1926 374 1987 scholaris
397 1924 514 2001 quidam
534 1927 650 1983 nomine
673 1924 837 1999 Comedus,
862 1933 1000 2000 cognatus
1022 1930 1097 2003 eius,
1119 1937 1147 1988 et

99 2018 270 2093 peripsum
291 2015 330 2070 iu-
343 2012 466 2072 ecclesia
479 2014 570 2072 sancti
592 2010 728 2070 Andreae
749 2013 779 2069 in
801 2015 1149 2091 canonicumpromotus,

100 2121 192 2180 poma
205 2101 310 2162 eadem
330 2099 431 2158 videns
456 2105 484 2158 et
497 2098 670 2171 desiderans,
692 2100 787 2173 patrui
808 2106 994 2175 praeceptum
1014 2103 1148 2178 neglexit,

102 2207 196 2249 unum
210 2193 333 2260 tantum,
354 2192 478 2260 utputo,
501 2185 640 2260 depomis
662 2185 726 2242 tulit
748 2191 777 2244 et
799 2186 930 2244 comedit
975 2186 1060 2263 Quod
1082 2207 1148 2250 cum

103 2278 247 2337 Decanus
275 2268 498 2352 intellexisset⁴),
524 2278 605 2330 tanta
625 2273 668 2330 ira
690 2278 718 2330 et
740 2271 805 2330 odio
828 2276 932 2332 exarsit
951 2276 982 2332 in
1002 2275 1089 2351 illum,
1117 2286 1150 2337 ut

105 2364 247 2424 dilectum
269 2362 396 2435 eliceret,
424 2375 477 2418 nee
500 2359 537 2418 ab
560 2357 656 2433 aliquo
678 2364 778 2433 posset
798 2359 909 2434 induci,
933 2367 966 2419 ut
987 2362 1102 2438 culpam
1124 2367 1150 2424 ei

102 2454 278 2528 ignosceret.
320 2447 359 2504 Et
386 2463 474 2522 quem
500 2445 623 2504 multum
652 2447 828 2521 cogitaverat
856 2446 976 2506 diversis
1004 2451 1150 2526 stipendiis

105 2539 208 2611 ditare,
230 2536 268 2595 ab
289 2533 338 2593 illo
352 2533 406 2608 die,
426 2536 457 2591 in
472 2538 612 2607 quantum
627 2534 728 2607 potuit,
752 2531 898 2608 depressit.
940 2535 1003 2611 Ego
1026 2538 1149 2599 eundern

106 2623 276 2694 conradum
291 2621 364 2680 bene
386 2622 462 2694 novi,
484 2626 513 2677 et
524 2624 595 2677 erat
613 2625 713 2678 cantor
725 2621 871 2694 praefatae
884 2622 1030 2683 ecelesiae.
1073 2624 1149 2685 Satis

106 2721 139 2772 ut
168 2709 254 2770 vides
275 2709 440 2766 tentationis
465 2708 547 2782 pueri
567 2705 651 2772 huius
672 2723 767 2781 poena
789 2707 944 2767 concordat
971 2727 1036 2769 cum
1056 2729 1151 2786 poena

106 2797 226 2857 Adam,
259 2795 312 2854 Ille
338 2800 455 2870 propter
481 2809 601 2868 pomum
627 2795 734 2852 eiectus
756 2800 800 2852 est
822 2793 857 2853 de
885 2796 1010 2869 paradisi
1030 2797 1150 2875 deliciis,

107 2887 163 2946 iste
187 2883 224 2942 de
253 2882 338 2941 domo
360 2880 494 2940 avunculi
521 2881 674 2954 sciatque
696 2879 810 2939 divitiis.
852 2880 1053 2943 NOVICIUS:
1078 2884 1151 2945 Cum

109 2971 210 3030 Adam
239 2971 270 3027 in
297 2973 439 3044 potestate
468 2966 588 3051 haberet
616 2983 715 3026 omnes
736 2965 843 3026 fructus
865 2969 998 3045 paradisi,
1019 2970 1150 3052 mirum⁵)

110 3057 192 3134 quod
214 3074 245 3115 se
267 3055 304 3114 ab
323 3073 381 3114 una
403 3055 507 3122 arbore
529 3055 751 3112 continerenon
773 3057 874 3129 potuit.
903 3056 1150 3120 .MONACHUS:

110 3143 199 3203 Multi
217 3141 324 3202 temere
344 3140 441 3199 Adam
460 3140 588 3199 indicant
595 3133 616 3218 ⁶)
640 3140 675 3199 de
693 3140 894 3216 inobedientia,
914 3147 993 3219 pomi
1014 3145 1152 3206 vilitatem

112 3229 304 3303 attendentes,
326 3235 354 3287 et
370 3229 431 3286 vim
445 3229 608 3287 tentationis
622 3244 680 3286 non
695 3226 915 3303 considerantes,
936 3233 1009 3291 sieut
1023 3233 1152 3294 subiecto

112 3309 285 3394 probabitm
307 3313 447 3390 exemplo.

137 3588 217 3658 1)et
238 3585 406 3639 111130,-
432 3587 463 3654 2)
489 3596 520 3639 et
543 3602 582 3639 om
602 3587 635 3650 ss;
660 3587 735 3654 paulo
758 3596 816 3655 post
833 3586 874 3641 BG
891 3597 924 3640 et
946 3591 985 3641 in.
1004 3619 1038 3632 ..,
1059 3592 1092 3659 3)
1108 3592 1156 3654 Vl,

123 3653 127 3664 '
191 3658 235 3710 12:
253 3673 302 3726 ego
320 3657 447 3724 praecipio
464 3657 536 3708 vobis
560 3657 606 3708 sub
623 3660 825 3709 interminatione
838 3660 934 3726 gratiae
952 3674 1031 3710 meae.
1050 3659 1092 3726 lit,
1110 3663 1157 3715 ³8:

191 3725 236 3778 sub
254 3728 456 3778 interminatione
474 3726 602 3778 oculorum
621 3734 728 3779 tuorum.
749 3757 779 3767 -—
799 3727 831 3793 4)
847 3729 910 3780 ADP
928 3727 1107 3783 intellexit.
1125 3760 1155 3770 -

192 3795 1157 3867 5)Cmirorrmorl'quodabunese.-·6)BGiudicantAdam.

849 3873 893 3944 11
