2642 4330
147 275 213 335 304
473 271 700 336 DlSTlNGTIO
725 272 875 351 QUINTA

307 355 314 387 l

491 445 723 542 emmenum
744 446 849 507 xxn.

417 567 464 627 De
485 569 635 628 boarcdcts
656 570 782 628 Panno
806 569 923 642 cauam.

216 686 326 748 Eodem
348 679 478 766 tempore
487 706 544 767 quo
559 689 757 749 manifestatae
768 695 834 749 sunt
855 689 988 748 haereses
1000 685 1195 762 Albiensium,

152 779 181 834 in
202 774 354 836 Parisiensi
377 777 506 852 civitate,
531 779 561 836 in
583 795 641 852 qua
660 777 724 835 sons
746 783 790 836 ast
810 779 897 835 totius
919 777 1054 835 scientiae
1085 782 1114 835 et
1134 792 1194 850 pu-

151 871 214 924 teus
237 862 396 923 divinarum
418 865 629 939 scripturamm,
651 862 824 938 quibusdam
842 865 910 922 viris
930 862 1048 921 literatis
1069 878 1193 938 persua·

151 952 193 1010 sio
217 949 358 1009 diabohea
371 967 537 1026 perversum
550 948 697 1009 instillavit
714 949 897 1009 intellectum.
931 948 1059 1025 Quorum
1076 950 1195 1009 nomina

151 1042 219 1096 sunt
240 1036 327 1112 haec,
348 1039 484 1113 magister
504 1036 676 1096 Wilhclmus
697 1035 887 1097 Pictaviensis
908 1031 1123 1109 Subdiaconus,
1143 1036 1195 1112 qui

151 1123 260 1201 legerat
270 1123 388 1183 Parisiis
400 1122 436 1182 de
455 1123 564 1183 artibus
586 1130 615 1182 et
636 1125 726 1183 tribus
737 1125 818 1183 annis
828 1123 977 1182 studuerat
996 1125 1026 1181 in
1039 1122 1195 1198 theologia,

150 1209 316 1270 Bernartius
336 1209 544 1285 Subdiaconus,
565 1209 736 1269 Wilhelmus
761 1210 870 1269 aurifex
887 1206 903 1289 ¹)
924 1209 1065 1285 propheta
1086 1225 1195 1284 eorum,

151 1295 316 1372 Stephanus
344 1296 478 1356 sacerdos
508 1295 544 1356 de
571 1297 670 1357 Veteri
692 1296 832 1372 Curbuel,
865 1295 1030 1374 Stephanus
1058 1294 1194 1354 sacerdos

153 1383 189 1443 de
212 1383 306 1458 Gella,
328 1382 476 1444 Johannes
498 1383 633 1443 sacerdos
656 1382 691 1442 de
713 1382 846 1444 Uncinis:
867 1385 915 1442 isfi
935 1399 1034 1442 omnes
1053 1385 1085 1440 in
1105 1382 1192 1441 theo-

151 1471 228 1548 logia
256 1469 437 1544 studuerant,
471 1476 592 1545 excepto
621 1469 782 1548 Bemard03
804 1469 892 1530 Dudo
920 1469 1050 1545 speciaHs
1072 1469 1193 1529 alericus

141 1559 280 1634 'magistri
290 1552 453 1637 Almerici²)
475 1557 640 1632 sacerdotis,
662 1559 711 1633 qui
723 1557 782 1617 tere
796 1556 895 1616 decem
905 1558 987 1616 annis
1007 1555 1194 1632 intheologia

153 1643 316 1718 studuerat,
339 1642 496 1702 Elmandus
517 1642 648 1703 Aeolitus
661 1641 699 1723 ⁸),
728 1647 756 1702 et
779 1641 843 1703 Odo
865 1643 1028 1718 Bistonas,
1056 1645 1196 1718 magister

153 1729 285 1804 Garinus,
308 1731 356 1806 qui
371 1737 594 1790 conventaverat
604 1730 721 1790 Parisiis
744 1729 778 1789 de
800 1732 917 1805 artibus,
940 1736 968 1789 et
989 1730 1035 1789 hic
1057 1728 1194 1790 sacerdos

151 1816 281 1876 audierat
302 1817 477 1894 theologiam
498 1835 516 1877 a
538 1819 673 1894 magistro
696 1816 843 1892 Stephano
864 1815 1089 1892 Archiepiscopo
1112 1815 1193 1874 Can·

151 1905 302 1980 tuariensi3
324 1903 437 1964 Uiritus
452 1903 586 1964 sacerdos
598 1904 633 1964 de
647 1903 742 1978 Lueri,
764 1906 813 1979 qui
831 1906 1032 1980 sexagenarius
1043 1902 1195 1962 studuerat

150 1992 180 2048 in
201 1989 346 2067 theologia
364 1997 495 2066 tempore
524 1990 613 2049 multo
624 1985 662 2070 ⁴),
682 1989 785 2050 Petrus
815 1991 849 2050 de
878 1995 978 2050 sanato
1005 1988 1193 2049 Clodowaldo

151 2077 285 2137 sacerdos
318 2083 346 2137 at
378 2079 595 2153 sexagenarius,
634 2078 682 2151 qui
715 2079 801 2137 etiam
837 2077 966 2136 audierat
1001 2076 1195 2153 theologiam,

91 2175 95 2182 '
151 2163 314 2239 Stephanus
336 2163 483 2223 Diaconus
505 2164 541 2223 de
556 2164 654 2224 Veteri
672 2162 815 2223 Curbuelo
828 2160 858 2244 ⁵).
900 2163 953 2222 Isti
970 2166 1104 2223 instinctu
1125 2163 1195 2222 dia—

150 2251 209 2310 boh
231 2251 365 2310 haereses
391 2251 495 2309 multas
524 2256 553 2310 et
581 2252 720 2310 maximas
750 2254 996 2327 excogitaverant,
1025 2257 1054 2309 et
1081 2252 1139 2309 iam
1159 2252 1194 2309 in

150 2335 279 2413 plurimis
290 2337 360 2396 locis
376 2335 637 2396 disseminaverant.
666 2335 870 2397 NOVIOIUS:
893 2335 1194 2413 Quaatircruntcapi-

151 2423 227 2499 tula,
258 2425 288 2481 in
320 2424 424 2499 quibus
459 2426 512 2482 viri
548 2425 665 2483 scientia
698 2430 726 2484 et
755 2430 851 2484 aetate
883 2430 942 2482 tam
967 2426 1065 2500 magni
1096 2441 1195 2484 errare

151 2508 325 2586 potuerunt?
367 2509 603 2570 MONACHUS:
629 2509 775 2570 Dicebant
802 2527 861 2569 non
889 2510 971 2570 aliter
1001 2527 1064 2569 esse
1086 2527 1195 2584 corpus

153 2597 307 2656 christiin
329 2615 404 2672 pane
426 2597 531 2673 altaris,
554 2615 640 2673 quam
662 2599 692 2655 in
714 2597 769 2656 alio
790 2615 866 2673 pane
889 2603 917 2656 et
945 2599 974 2655 in
996 2597 1122 2673 qualibet
1142 2613 1195 2676 re;

151 2685 249 2759 sicque
270 2683 367 2743 Deum
388 2683 518 2743 locutum
544 2684 631 2743 luisse
652 2685 682 2743 in
711 2682 831 2759 Ovidio,
863 2686 937 2743 sicut
967 2686 997 2742 in
1018 2683 1195 2760 Augustino.

151 2770 305 2848 Negabant
327 2773 561 2832 resurrectionem
573 2788 732 2846 corporum,
755 2770 881 2831 dicentes
903 2769 972 2829 nihil
988 2787 1051 2830 esse
1072 2769 1195 2847 paradi-

152 2874 224 2932 sum,
246 2873 340 2932 neque
362 2857 510 2931 infernum,
532 2857 584 2917 sed
605 2859 654 2932 qui
675 2857 795 2917 haberet
817 2859 1007 2934 cognitionem
1020 2857 1078 2916 Dei
1098 2859 1127 2915 in
1149 2873 1195 2934 se,

152 2961 239 3020 quam
260 2946 322 3020 ipse
343 2943 498 3019 habebant,
519 2944 638 3005 haberet
652 2945 688 3002 'in
710 2961 744 3009 se¹
763 2943 943 3020 paradisum,
966 2945 1016 3019 qui
1028 2960 1097 3003 vero
1118 2960 1194 3019 peo-

152 3036 248 3090 catum
269 3029 398 3106 mortue,
419 3030 539 3090 haberet
551 3032 690 3090 insemum
711 3033 740 3088 in
761 3048 792 3090 se
814 3034 888 3089 siout
910 3029 1024 3090 dentem
1044 3030 1194 3106 putridum

152 3118 181 3175 in
203 3134 260 3177 ore.
303 3116 415 3176 Altaria
437 3119 543 3176 sanetis
562 3119 657 3191 statui,
680 3123 815 3176 stsacras
833 3119 971 3194 imagines
986 3116 1147 3179 thurificare
1159 3111 1196 3196 ⁵),

151 3203 312 3264 idolatriam
327 3221 389 3264 esse
402 3203 548 3279 dicebant3
571 3221 620 3263 eos
643 3206 692 3278 qui
713 3221 780 3263 ossa
801 3211 958 3280 martyrum
980 3202 1194 3263 deosculaban-

152 3297 212 3365 tur,
241 3291 467 3350 subsannabant.
509 3289 668 3350 Maximam
690 3293 775 3350 etiam
797 3290 1006 3366 blasphemiam
1035 3293 1097 3350 ausi
1124 3298 1195 3349 sunt

152 3376 245 3437 dicere
273 3380 302 3436 in
332 3376 469 3452 Spiritum
499 3384 645 3451 sanctum,
674 3394 771 3452 aquo
801 3379 893 3436 omnis
922 3377 1060 3435 munditia
1089 3384 1134 3436 est
1161 3387 1194 3436 et

152 3467 295 3524 sanctitas.
323 3463 354 3524 Si
375 3464 478 3540 aliquis
499 3466 528 3522 in
550 3465 650 3540 spiritu
662 3459 683 3543 ⁷)
705 3469 767 3538 est,
795 3464 924 3538 aiebant,
946 3469 975 3523 ct
995 3463 1081 3524 iaciat
1102 3463 1192 3523 lomi-

170 3650 201 3717 1)
219 3647 259 3700 ΒΟ
271 3647 460 3712 aurilaber,
478 3657 506 3700 ut
524 3649 595 3702 infra.
610 3679 639 3689 -
654 3649 687 3716 2)
699 3647 956 3702 ACDPEmelrici.
971 3679 999 3688 —
1015 3649 1047 3716 3)
1058 3647 1190 3716 acolythus

221 3726 260 3768 est
276 3719 403 3784 proximus
421 3717 609 3770 subdiaconatui
627 3717 729 3787 gratim.
748 3749 778 3758 —
798 3719 830 3786 4)
849 3718 890 3772 Bc
907 3718 1008 3770 multo
1027 3728 1183 3786 tempore.

220 3786 516 3909 1&525¹etigrrbual,
533 3797 562 3840 ut
580 3804 703 3855 supra-
720 3788 752 3855 6)
770 3787 810 3839 br
829 3788 1029 3841 thurificari.
1044 3819 1074 3828 -
1095 3790 1126 3856 7)
1145 3787 1186 3840 bit
