2654 4308
400 263 456 328 Du
477 265 661 333 DIVERSIS
683 264 920 330 VISIONIBUS.
1118 267 1178 328 139

142 391 202 446 tem
229 387 342 463 patroni
369 388 415 448 sui
442 387 520 449 boati
547 387 695 450 Pontificis
715 387 857 466 Nycltolai
877 387 916 448 ad
936 375 1064 448 diuersas
1084 394 1181 448 trans

141 475 281 534 miserrmt
305 475 476 548 provincias.
493 535 497 543 ,
518 474 589 534 Erat
610 477 686 534 enim
708 475 831 535 cristallo
850 474 986 536 inclusus.
1027 474 1083 536 Die
1105 493 1181 551 qna-

143 558 211 620 dam
228 577 295 620 cum
315 559 527 637 praedicatores
547 561 588 620 illi
601 556 620 640 ¹)
642 561 812 622 conductori
831 561 981 622 inhonesto
1001 579 1033 622 se
1053 560 1180 640 geneum
1241 569 1244 576 '

143 663 196 708 vas
217 652 362 706 tantarum
382 647 564 723 reliquiarum
586 649 811 723 circumferrent,
839 648 979 714 cristallus
1001 651 1124 725 crepuit,
1145 665 1181 710 aa

43 803 46 808 Ι
141 734 168 792 si
188 731 301 810 illorum
326 733 518 810 blasphemias
539 734 671 794 Pontifex
691 735 941 795 reverendissimus
962 735 1102 795 sustinere
1122 751 1181 796 uon

142 827 250 896 posset
300 818 367 896 Quo
401 819 538 881 miraculo
567 823 630 881 viso
658 818 839 901 mouccffl'),
868 821 983 882 dentem
1009 820 1181 899 retulerunt,

142 923 237 982 neque
249 905 356 966 adulo
372 923 445 983 opus
456 906 531 966 ultra
553 924 619 966 cum
641 907 677 966 de
698 909 872 972 monasterio
894 907 985 968 efferri
1005 909 1083 985 possi
1105 915 1180 968 sunt

33 1025 34 1034 ι
141 992 206 1070 Ego
222 999 371 1070 rupturam
393 989 549 1072 eiusdem⁸)
571 994 687 1053 cristalli
707 994 774 1054 vidi
816 992 1017 1056 NOVICIUS:
1040 994 1117 1072 Quid
1138 1000 1183 1057 est

143 1078 222 1155 quod
239 1078 355 1156 quidam
371 1085 512 1156 martyres
525 1080 587 1140 aliis
600 1083 709 1141 maiora
724 1083 806 1158 signa
826 1081 934 1141 iaciunt
953 1086 1020 1156 post
1039 1079 1182 1141 mortem‘l

138 1165 232 1226 Estne
251 1167 307 1227 hoc
321 1181 356 1224 cx
369 1166 466 1242 aliqua
479 1168 632 1226 eminentia
645 1166 824 1227 sanctitatis?
845 1165 1080 1228 MONAGHUS:
1101 1167 1183 1228 Sicut

142 1255 274 1328 superius
296 1247 395 1331 dixit),
423 1253 560 1313 miracula
588 1271 647 1312 non
668 1260 735 1313 sunt
757 1253 793 1315 de
814 1254 976 1314 substantia
995 1255 1103 1328 meriti,
1130 1253 1183 1314 sed

142 1341 226 1416 signa
257 1341 425 1400 sanctitatis.
474 1338 600 1415 Quidam
631 1343 723 1400 sancti
750 1343 780 1400 in
808 1343 869 1400 vita
900 1357 954 1400 sua
981 1340 1073 1401 murlta
1099 1341 1184 1418 signs

141 1425 258 1500 iaciunt,
277 1431 385 1501 etpost
404 1432 525 1485 mortem
547 1429 706 1502 quiescunt
747 1426 807 1486 Alii
829 1443 993 1501 econverso,
1015 1429 1083 1504 quia
1103 1426 1184 1488 nulla

144 1599 215 1658 culis
239 1598 407 1659 clarescunt

485 1823 717 1887 CAPITULUM
737 1826 852 1888 LXIX.

146 1947 248 2025 Οιιαιε
270 1945 373 2048 beatas
396 1947 526 2008 reomao
549 1947 770 2008 cantuariensis
786 1949 858 2025 plus
879 1950 980 2010 ceteris
1002 1946 1184 2026 martyribas

498 2035 649 2094 miraculis
674 2035 832 2126 choruscat.

209 2155 319 2216 Beatus
346 2171 414 2218 vero
443 2155 571 2216 Thomas
595 2157 755 2232 Episcopus
778 2155 990 2216 cantuariensis
1010 2157 1060 2232 qui
1079 2155 1184 2216 nostris

145 2241 322 2317 temporibus
334 2260 386 2319 pro
405 2243 543 2304 ecclesiae
564 2243 694 2302 libertate
715 2259 807 2319 usquc
829 2243 866 2304 nd
887 2248 1009 2302 mortem
1030 2242 1184 2316 dimicavit,

145 2328 232 2390 nullis
259 2329 401 2390 miraculis
427 2332 456 2389 in
484 2331 543 2389 suis
568 2330 813 2406 persecutionibus
835 2328 1030 2405 chorusoavit,
1056 2331 1184 2404 satisque

146 2413 183 2474 de
217 2415 266 2475 illo
296 2422 363 2492 post
394 2418 567 2477 occisionem
596 2417 772 2493 disputatum
800 2422 853 2476 cst
901 2414 1025 2491 Quidam
1053 2414 1185 2475 dixerunt

146 2517 212 2562 enm
230 2501 397 2563 damnatum
418 2510 451 2564 ut
471 2505 550 2581 regni
570 2503 759 2581 proditorcm3
781 2503 831 2563 alii
850 2509 1005 2579 martyrem
1026 2503 1068 2562 uti
1089 2501 1184 2564 ecclc·

80 2639 85 2654 .
145 2591 206 2648 siae
239 2588 426 2650 defensorem.
482 2589 593 2650 Eadem
627 2592 758 2666 quaestio
791 2589 907 2649 Parisiis
932 2591 1005 2649 inter
1032 2591 1185 2666 magistros

145 2675 285 2736 ventilata
310 2683 363 2736 cst.
405 2676 481 2736 Nam
508 2680 645 2754 magister
672 2677 805 2754 Rugerus
828 2678 934 2737 iurarit
958 2675 1038 2742 illum
1066 2675 1185 2753 dignum

145 2761 234 2822 tuisse
247 2769 365 2840 morte,
391 2769 420 2824 et
448 2765 474 2822 si
500 2779 559 2823 non
580 2761 647 2839 tali,
673 2764 751 2823 beati
771 2765 825 2823 viri
846 2765 1038 2826 constantiam
1055 2763 1185 2822 iudicans

147 2850 365 2909 contumaciam.
406 2849 533 2910 Eoontra
560 2853 697 2927 magister
721 2850 825 2910 Petrus
854 2849 962 2910 Cantor
988 2851 1092 2908 iurarit
1118 2865 1185 2908 eum

147 2949 213 2994 csse
240 2941 393 3011 martyrem
421 2935 487 2995 Deo
516 2935 648 3012 dignum,
681 2942 781 3012 utpote
808 2953 860 3012 pro
887 2936 1018 2996 libertate
1047 2935 1185 2996 ecclesiae

147 3018 329 3080 trucidatum.
372 3021 501 3097 Quorum
518 3024 716 3096 quaestionem
737 3022 867 3082 Christus
889 3022 981 3098 solvit,
1002 3039 1068 3082 cum
1089 3021 1185 3081 multis

148 3111 179 3166 et
205 3108 317 3183 magnis
342 3106 422 3168 illum
449 3110 537 3184 signis
563 3107 742 3185 glorificavit
789 3109 855 3169 Non
886 3109 951 3170 idco
983 3114 1080 3170 tamen
1100 3107 1185 3184 Apo·

147 3193 229 3252 stolis
264 3196 324 3254 sive
356 3193 418 3254 aliis
449 3196 561 3272 magnis
594 3195 766 3274 martyribus
797 3198 957 3256 inmeritis
982 3195 1185 3272 praeferendus

148 3285 201 3355 est,
218 3282 271 3356 'qui
289 3285 371 3340 tanta
392 3286 421 3340 ct
441 3286 501 3342 taur
522 3281 622 3342 crebra
636 3281 773 3342 miracula
786 3287 986 3358 postmortem
1005 3281 1106 3342 iecisse
1127 3298 1185 3341 non

97 3407 98 3412 κ
146 3366 289 3446 legrmtur.
329 3366 427 3428 Simile
461 3366 552 3428 hebes
573 3367 610 3428 de
631 3373 731 3430 sancto
752 3367 876 3429 Annone
898 3368 1059 3430 Coloniensi
1078 3367 1185 3430 Archi-

167 3551 435 3623 l)illicddB.·-
454 3550 834 3619 2)Bmonacl11vrso
854 3552 1186 3621 apripennum

216 3622 335 3686 5.,Vlll
361 3621 565 3675 terrentii!
583 3638 608 3691 p.
627 3622 675 3674 36·
698 3554 885 3741 aProplrotiueJ
890 3632 966 3745 alffius
989 3621 1107 3675 miracula
1133 3637 1185 3674 non

217 3700 276 3744 sunt
293 3692 325 3744 de
342 3691 483 3744 substantia
500 3693 653 3756 sanctitatis,
671 3659 716 3742 sed
734 3693 872 3744 sanctitatis
889 3709 915 3745 ιιι
934 3707 990 3755 ras,
1007 3694 1087 3761 magis
1103 3692 1186 3760 pcrti-

197 3763 304 3818 nentia
320 3760 353 3814 sd
371 3761 511 3830 praemium
527 3777 602 3830 quam
619 3761 744 3814 meritum.
778 3759 856 3814 ludas
873 3778 929 3816 caus
947 3763 1040 3814 catoris
1056 3759 1185 3830 Apostolis

218 3832 290 3901 signa
306 3831 381 3898 iecit,
398 3829 517 3900 Gsyplrss
533 3830 658 3900 reprobus
667 3828 852 3900 prophctcut“
