2664 4308
366 388 369 400 ,
442 323 671 394 unsnuorn
690 325 832 388 nunu.
926 300 929 308 ’
1114 329 1155 388 45
1209 341 1212 354 ·

112 448 272 523 Henricus,
300 449 418 507 miratus
441 454 499 524 est,
528 457 557 508 et
577 451 679 525 inquiri
700 449 767 508 feeit
788 449 825 508 ab
849 465 900 524 eo,
921 448 1058 526 quidnam
1074 445 1090 529 ¹)
1112 449 1157 509 his

112 537 210 596 verbis
232 540 333 594 notare
353 534 484 595 voluerit.
529 537 585 612 Qui
606 536 767 612 respondit,
800 553 866 595 eum
887 537 993 602 auxilio
1015 537 1159 596 Dominae

113 628 230 682 nostrae
251 622 338 681 tuisse
367 628 530 703 receptum.¹
565 623 673 682 Fuerat
701 640 825 698 namque
852 623 889 682 ob
913 640 1047 683 exoessus
1069 641 1158 698 quos-

115 709 182 768 dam
218 723 371 783 moresque
403 709 540 784 reprobos
570 710 646 769 idem
671 709 820 768 vHenrious
854 713 960 770 eiectus
993 709 1028 768 de
1064 711 1158 769 domo.

114 795 199 857 Unde
222 796 341 854 nimium
364 796 471 870 dolens,
493 796 539 856 die
559 803 704 872 noctuque
725 797 848 855 lacrimis
869 803 898 855 et
915 798 1091 856 orationibus
1112 798 1159 854 in·

115 883 238 942 sistebat
257 885 392 941 invocare
414 882 530 942 beatam
551 884 713 961 Virginem,
741 889 774 942 ut
801 885 864 958 lpsa
893 885 919 942 ei
940 901 1100 960 regressum
1122 882 1160 942 ad

115 971 262 1045 propriam
292 969 409 1028 domum
438 970 566 1029 donaret.
615 971 758 1046 Tempore
787 970 927 1047 generalis
957 969 1080 1054 Capindi
1107 987 1160 1045 per
1236 1006 1242 1010 -

116 1055 264 1115 Abbatem
287 1073 371 1115 suurn
393 1059 518 1116 seniores
545 1057 750 1132 interpellavit,
780 1059 829 1132 qui
850 1058 1019 1118 unanimiter
1041 1060 1067 1116 ei
1089 1073 1160 1115 oon·

117 1141 309 1217 uadixemnt,
343 1160 376 1202 eo
399 1143 479 1218 quod
498 1144 694 1220 incorrigibilis
716 1147 856 1204 existeret
900 1143 986 1219 Quod
1007 1145 1057 1204 ubi
1080 1160 1160 1202 eorn-

117 1231 191 1306 perit
202 1225 233 1309 ²),
254 1232 343 1288 iratus
364 1231 468 1290 beatae
494 1231 605 1306 Virgini
628 1247 712 1290 omne
733 1233 881 1290 servitium
902 1231 980 1307 quod
1003 1233 1028 1290 ei
1049 1233 1161 1306 impen-

118 1317 185 1375 dere
209 1323 397 1376 consueverat
405 1313 436 1397 ³),
457 1317 606 1376 subtraxit.
648 1317 778 1376 Tandem
800 1317 902 1378 duetus
925 1317 960 1377 de
982 1317 1038 1377 hoo
1060 1319 1162 1393 poeni-

118 1405 223 1477 tentia,
255 1405 425 1479 obsequium
452 1403 615 1479 neglectum
646 1407 812 1479 resumpsit,
845 1411 873 1464 et
895 1404 1066 1464 valefaciens
1086 1404 1162 1463 Por·

118 1486 281 1568 tensibust)
304 1490 342 1549 ad
371 1489 533 1549 Claustrum
560 1491 657 1565 rediit,
685 1491 906 1550 misericordiam
928 1494 1083 1567 quaesivit,
1111 1491 1162 1550 sed

118 1595 177 1636 non
196 1579 314 1635 invenit.
357 1576 453 1637 Suasit
475 1579 501 1636 ei
521 1576 624 1637 Abbas
646 1580 695 1654 qui
717 1578 795 1636 solus
817 1581 843 1637 ei
865 1585 926 1638 erat
946 1581 1098 1658 propitius,
1131 1585 1163 1637 ut

118 1663 376 1739 Archiepiseopum
390 1665 597 1724 Treverensem
610 1665 709 1739 adiret,
731 1671 759 1722 et
767 1663 787 1744 ⁶)
809 1668 871 1724 eius
888 1682 942 1740 ope
958 1673 986 1724 et
1003 1669 1164 1724 interventu

22 1815 25 1822 ¹
118 1753 280 1826 ingressum
294 1747 469 1830 obtineret⁶).
491 1750 650 1826 Utrumque
663 1752 770 1810 faomm
783 1759 834 1810 est
857 1751 961 1818 Omnia
973 1759 1070 1830 tamen
1090 1750 1164 1810 haee

120 1840 198 1898 eirea
216 1837 399 1913 illum'gesta
419 1837 507 1896 fuisse
528 1855 579 1913 per
603 1838 782 1898 elementiam
811 1840 913 1898 beatae
932 1838 988 1897 Dei
1012 1839 1165 1898 Genitriois

121 1924 269 2000 praedicto
283 1924 397 1982 Danieli
415 1924 543 1983 revelata
564 1931 639 1984 sunt.
681 1925 734 1983 Vis
755 1943 831 1984 nuno
852 1942 937 1985 nosse
951 1942 1038 2000 quam
1054 1927 1164 1984 sincero

122 2011 228 2070 affectu
242 2010 390 2086 diligentes
404 2027 435 2069 se
458 2011 564 2088 diligat,
587 2018 725 2088 quantum
741 2011 859 2089 dilectos
877 2011 1006 2084 honoret,
1028 2018 1057 2070 et
1078 2028 1166 2086 quam

122 2097 247 2156 mirificis
268 2097 491 2157 revelationibus
513 2098 629 2158 eosdem
651 2097 811 2175 glorificet?
854 2097 1055 2167 NOVIOIUS:
1083 2097 1167 2158 Talia

122 2184 222 2244 audire
251 2185 332 2244 cibus
360 2185 440 2243 mihi·
459 2191 511 2244 est.
554 2184 790 2246 MONACHUS:
804 2215 805 2220 1
820 2186 902 2261 Quae
932 2183 1058 2244 dicturus
1087 2202 1166 2259 sum,

122 2271 277 2330 multorum
300 2271 385 2332 didioi
403 2270 464 2330 vfida
485 2272 622 2332 relatione
644 2269 880 2352 religiosorumr).

420 2445 654 2507 onrrruuun
670 2442 871 2526 xxxviii)

122 2569 171 2626 De
191 2571 275 2626 miris
295 2567 455 2627 volonibus
477 2568 589 2627 domini
610 2570 794 2628 Bertranrmi
815 2569 952 2628 monaehi
973 2570 1008 2628 de
1025 2569 1166 2627 Koriato.

187 2681 228 2747 In*
243 2687 419 2748 Lombardia
448 2688 573 2764 quadam
601 2691 687 2750 domo
699 2688 721 2770 ³)
744 2691 849 2750 ordinis
869 2691 972 2763 nostri,
1005 2705 1080 2765 quae
1101 2688 1166 2746 Ka·

121 2777 212 2833 rixtus
242 2775 358 2850 dieitur,
391 2781 457 2834 ante
486 2773 595 2852 paucos
624 2795 714 2838 annos
742 2777 900 2839 monachus
922 2775 1039 2851 quidam
1061 2777 1167 2834 exstitit
1222 2791 1224 2797 ’

121 2864 237 2921 nomine
259 2862 463 2921 Bertrammus.
506 2864 565 2924 Iste
587 2871 647 2923 tarn
672 2865 894 2924 serventi'motu
916 2865 1040 2924 caritatis
1061 2862 1166 2921 Domi-

122 2966 191 3008 nam
212 2954 341 3007 nostrem
367 2956 497 3008 sanctam
519 2951 575 3010 Dei
598 2951 772 3011 Genitrioem
800 2951 930 3025 amabat,
959 2956 992 3008 ut
1019 2966 1077 3008 non
1106 2950 1166 3007 sine

122 3053 229 3111 magno
252 3035 346 3094 oordis
369 3039 496 3095 eruoiatu
524 3038 623 3097 audire
644 3045 755 3114 posset,
785 3041 808 3098 si
829 3038 901 3096 forte
924 3037 1080 3096 dubitative
1103 3038 1167 3110 quis

123 3121 232 3182 diceret
259 3122 307 3180 vel
329 3121 437 3198 legeret
458 3123 494 3181 de
517 3125 656 3200 corporali
677 3125 751 3184 illius
766 3127 971 3200 assumptione.
1016 3121 1088 3181 Cum
1109 3124 1171 3194 iam¹

121 3208 237 3268 fecisset
258 3211 286 3266 in
309 3209 407 3268 ordine
430 3211 592 3285 quindecim
614 3229 720 3286 annos,
742 3212 838 3270 adhue
859 3213 953 3270 virens
965 3206 986 3288 ⁹)
1008 3215 1115 3283 aetate,
1137 3211 1167 3268 in

123 3295 221 3371 vigilia
242 3294 456 3372 Assumptionis
479 3297 606 3358 eiusdem
628 3299 768 3374 gloriosae
789 3299 916 3374 Virginis
937 3295 1166 3372 rogavitAbba-

123 3388 199 3456 tem,
228 3387 261 3440 ut
282 3383 336 3440 sibi
356 3383 455 3442 liceret
475 3387 515 3444 ire
537 3384 575 3443 ad
596 3388 720 3444 vicinam
742 3388 904 3461 grangiam,
937 3383 1034 3442 dicens
1048 3400 1087 3442 -se
1109 3399 1167 3442 non

122 3485 209 3545 posse
231 3468 330 3528 audire
351 3488 445 3545 neque
467 3489 612 3531 sermones
633 3472 791 3531 Hieronimi
812 3475 841 3530 in
864 3471 967 3546 choro,
988 3487 1082 3546 neque
1105 3487 1167 3530 ser-

142 3620 174 3688 1)
191 3618 341 3688 libri-quid
358 3623 398 3672 in.
419 3603 449 3662 -ss
468 3623 501 3689 2)
519 3623 538 3675 G
556 3625 717 3691 percepit.
738 3654 768 3663 -
788 3623 858 3691 3)ὒ
880 3623 1063 3675 consuevit.
1084 3651 1114 3661 -
1134 3620 1166 3688 4)

194 3689 279 3754 Porta,
296 3691 447 3742 coenobium
465 3693 589 3744 Senoniae
607 3709 686 3760 prope
705 3693 824 3760 oppidun‘r
842 3692 1001 3761 Naumburg3
1025 3690 1100 3743 bodie
1118 3706 1168 3742 vo·

193 3767 265 3810 catur
282 3761 466 3813 Schul-Piorte.
493 3762 565 3814 conf.
582 3763 628 3828 Xl,
656 3765 695 3817 18.
716 3793 746 3802 -
767 3765 797 3830 5)
816 3763 857 3816 Bc
879 3772 918 3814 ut.
939 3791 970 3802 -
990 3762 1022 3828 6)
1046 3761 1066 3812 Β
1088 3761 1167 3812 reti-

193 3839 298 3881 neret.
323 3861 353 3870 —
379 3833 411 3897 7)
433 3831 669 3902 religiosorum
694 3831 743 3884 add
767 3834 795 3884 B.
816 3863 846 3874 —
866 3833 898 3900 *J
916 3831 1006 3884 llomil.
1025 3831 1043 3882 l.
1062 3845 1086 3896 p.
1108 3830 1165 3882 130.
1222 3883 1224 3890 ,

197 3928 226 3938 -
247 3900 279 3968 8)
297 3900 317 3951 Β
336 3899 589 3970 domoquadam.
610 3934 639 3944 -
660 3904 691 3972 9)
710 3903 793 3956 ACDP
811 3903 949 3955 iuvenis.
