2664 4308
456 333 511 392 DE
532 331 690 394 sANcrA
710 331 853 393 MARIA.
1151 336 1168 392 5

132 461 232 515 contra
253 471 341 514 mare.
384 454 469 530 Quod
491 472 557 515 curn
578 455 699 531 fecisset,
721 456 912 532 contemplata
941 460 986 514 est
1004 455 1131 530 pixidem
1152 474 1171 515 a

130 540 228 620 pugile
257 559 438 618 percussam,
470 545 499 602 in
521 545 684 601 summitate
712 543 851 602 fluctuum
879 547 1034 601 natantem.
1088 541 1171 617 Quae

131 646 198 689 eum
215 630 245 688 in
258 634 371 688 tautum
384 632 611 705 approximasset
622 626 648 708 ¹),
669 636 702 688 ut
715 636 813 704 posset
827 632 960 706 cognosci
968 626 998 709 ²),
1019 630 1073 688 ait:
1094 629 1171 689 Ecee

131 733 236 792 corpus
258 714 307 773 filii
328 719 393 775 mei.
436 716 471 774 In
492 716 556 776 loco
579 718 654 777 enim
675 717 725 775 ubi
739 716 897 792 dispersum
920 722 970 790 est,
992 714 1171 794 aedificanda

130 807 175 862 est
198 801 334 876 ccclesia,
364 809 392 862 et
414 803 501 862 debet
522 805 548 862 ei
570 809 652 862 tanta
673 803 800 862 exhiberi
821 805 996 876 reverentia,
1012 801 1169 876 quomodo

129 888 283 964 sepulchro
304 889 467 949 Dominico
509 889 575 948 Hoc
596 893 683 949 etiam
703 892 831 964 noveris,
860 889 938 964 quod
959 890 1044 948 ambo
1066 891 1171 948 mortui

129 981 212 1051 sunt,
242 976 321 1052 pugil
350 976 458 1035 scilicet
489 983 519 1035 et
546 975 690 1036 sacerdos.
733 976 792 1036 Sed
817 975 910 1054 pugil,
940 993 974 1036 eo
1004 975 1082 1052 quod
1109 977 1170 1036 sine

130 1063 300 1122 contritione
322 1063 431 1138 obierit,
453 1065 582 1139 sepultus
604 1069 649 1122 est
670 1066 698 1121 in
720 1064 843 1140 inlem03
869 1063 1003 1122 sacerdos
1024 1079 1094 1122 vero
1115 1061 1170 1121 ad·

128 1147 187 1208 hue
208 1154 322 1208 tenetur
342 1151 371 1208 in
392 1152 566 1226 purgatorio.
609 1149 718 1208 Retulit
746 1156 842 1209 tamen
871 1151 954 1209 nobis
976 1148 1170 1209 Theodericus

128 1234 212 1294 Prior
226 1235 262 1295 de
277 1236 376 1311 Yesse,
399 1235 522 1296 eundem
542 1236 677 1312 pugilem,
700 1243 838 1311 quantum
860 1237 1001 1313 adsigna
1023 1237 1171 1309 exteriora,

129 1339 197 1382 cum
218 1322 457 1398 proficisceretur,
479 1325 548 1382 satis
569 1341 704 1400 magnam
726 1323 862 1384 habuisse
884 1325 1096 1399 contritionem3
1118 1321 1169 1383 sed

128 1408 304 1468 credendum
332 1416 376 1468 est
403 1410 506 1469 beatae
528 1408 585 1468 Dei
614 1410 759 1470 Genitrici.
809 1411 875 1470 Hac
900 1413 1010 1470 visione
1040 1411 1168 1486 cognita,

128 1495 261 1555 dominus
275 1495 469 1556 Theodericus
483 1496 643 1572 Episcopus
657 1496 901 1573 Monasteriensis,
922 1497 960 1556 ad
982 1499 1063 1556 euius
1076 1497 1169 1555 Dioe-
1200 1552 1203 1557 .

128 1584 217 1641 eesim
244 1585 371 1642 maxima
397 1601 465 1659 pars
486 1583 594 1642 Frisiae
622 1586 759 1659 pertinet,
787 1585 882 1643 missis
909 1584 1009 1642 litteris
1038 1586 1097 1643 suis
1118 1600 1169 1659 per

128 1668 255 1728 Ydidam
269 1671 361 1730 sancti
373 1669 514 1730 Bemardi
528 1669 713 1746 cellerarium,
733 1672 807 1730 sieut
818 1673 902 1730 nobis
913 1675 974 1746 ipse
985 1669 1088 1746 retulit,
1109 1669 1169 1730 sol·

127 1755 253 1815 lemnem
270 1757 493 1832 provincialibus
510 1759 714 1832 poenitentiam
735 1759 863 1816 iniunxit.
907 1757 992 1834 Quod
1005 1763 1102 1816 autem
1122 1761 1168 1814 in-

127 1842 271 1902 sufficiens
292 1843 384 1918 fuerit,
406 1860 441 1903 ex
463 1843 519 1902 hoc
540 1844 685 1919 probatur,
707 1843 785 1920 quod
805 1861 881 1903 anno
898 1846 1051 1919 praeterito
1074 1843 1167 1903 denuo

126 1933 229 2007 punita
250 1935 293 1989 est
313 1931 422 2005 Frisia,
454 1930 551 1989 multis
580 1930 705 1989 millibus
726 1947 779 2006 per
807 1949 948 2006 aquarum
968 1930 1168 1989 inundationes

127 2017 293 2076 submersis.
335 2016 469 2075 Matrona
491 2016 633 2092 quaedam
661 2017 813 2092 praedives
843 2035 878 2076 ex
905 2015 1044 2092 praedicti
1063 2016 1168 2093 pugilis

127 2103 215 2164 domo
238 2102 390 2164 ecclesiam
411 2102 581 2163 aedificarit.
624 2103 669 2162 Ex
690 2103 734 2163 his
756 2121 831 2178 quae
853 2103 930 2162 dicta
958 2109 1039 2178 sunt,
1073 2105 1168 2163 eonsi-

127 2189 228 2250 derare
249 2195 340 2265 potes,
364 2207 451 2268 quam
473 2189 593 2249 sollicita
615 2193 652 2250 sit
673 2193 748 2250 circa
769 2190 917 2250 bominum
937 2190 1059 2249 salutem
1081 2191 1168 2250 beata

127 2277 218 2354 Virgo
240 2275 346 2352 Maria,
376 2279 423 2335 oui
450 2283 531 2336 tanta
559 2295 628 2336 cura
654 2280 761 2337 exstitit
788 2276 824 2337 de
849 2279 1032 2354 poenitentia
1082 2275 1168 2354 Quod

127 2380 197 2424 vero
218 2363 418 2423 tribulatorum
439 2365 477 2423 sit
498 2363 676 2439 consolatrix,
697 2366 848 2441 sequentia
869 2363 1064 2424 declarabunt
1152 2433 1155 2444 ‚

492 2553 726 2616 CAPITULUM
748 2553 802 2615 IV.

124 2675 174 2737 Dc
194 2675 347 2736 aoeendote
367 2677 476 2749 idiota,
506 2680 558 2752 qui
580 2695 600 2736 a
621 2684 723 2736 sancto
746 2677 861 2736 Thema
884 2676 1093 2736 Cantaurianos·
1114 2675 1165 2734 de-

144 2763 302 2840 predatus,
319 2781 378 2840 par
400 2763 517 2822 beatam
531 2763 664 2822 Mortem
688 2764 818 2840 affictam
839 2781 927 2823 suurn
951 2766 1145 2838 recuperavit.

189 2883 300 2946 Retulit
327 2885 398 2944 mibi
422 2883 543 2960 quidam
564 2881 667 2945 Abbas
689 2884 726 2944 de
747 2885 845 2945 ordine
866 2892 978 2960 nostro,
1007 2885 1043 2944 de
1065 2892 1164 2945 sancto

124 2971 239 3032 Thema
260 2971 471 3046 cantuariensi,
495 2974 545 3048 qui
566 2975 669 3031 nostris
690 2973 866 3049 temporibus
887 2974 1088 3048 martyrizatus
1109 2979 1165 3046 est,

124 3058 262 3135 quiddam
284 3061 353 3120 satis
375 3058 560 3133 delectabile,
582 3058 660 3134 quod
680 3075 735 3118 nec
755 3061 784 3117 in
807 3062 867 3119 eius
888 3059 1026 3118 Passieno
1047 3059 1164 3138 legitru,

123 3162 218 3222 neque
245 3147 274 3204 in
308 3145 387 3206 libris
415 3145 621 3206 Miraculorum
650 3148 711 3205 eius
739 3148 885 3222 reperitur.
929 3145 1004 3204 Cum
1032 3153 1109 3206 esset
1135 3149 1164 3205 in

123 3235 186 3293 eius
207 3231 343 3292 Dioecosi
364 3233 498 3292 sacerdos
527 3232 643 3308 quidam
664 3231 769 3307 idiota,
796 3232 905 3292 nullam
932 3235 1025 3292 sciens
1045 3235 1164 3292 missam

123 3321 178 3379 nisi
200 3319 236 3379 de
256 3318 385 3378 Domina
411 3325 524 3393 nostra,
558 3325 587 3378 et
614 3319 692 3378 illam
721 3319 847 3395 quotidie
876 3319 1047 3395 celebraret,
1076 3327 1164 3395 atque

122 3405 202 3482 apud
232 3422 298 3466 eum
327 3406 362 3465 de
391 3405 448 3466 boc
469 3412 669 3481 accusaretur,
697 3405 857 3482 prohibitus
886 3412 931 3466 est
958 3407 996 3466 ob
1025 3406 1163 3467 honorem

122 3494 334 3553 sacramentis
362 3493 448 3552 beato
469 3491 630 3568 Episcopo,
659 3491 695 3552 da
722 3499 816 3554 cetero
838 3493 935 3553 dicere
953 3496 1064 3554 missas
1107 3493 1164 3570 Qui

123 3596 190 3640 eum
212 3585 288 3638 esset
308 3581 337 3637 in
351 3579 533 3639 tribulatione
551 3585 584 3638 'et
607 3585 710 3656 egeret,
732 3581 904 3656 beatamque
917 3580 1066 3657 Virginem
1086 3581 1163 3658 iugi-

122 3673 167 3727 ter
187 3669 349 3742 invocaret,
377 3665 427 3726 illa
448 3669 475 3726 ei
496 3683 638 3742 apparens
666 3668 721 3726 ait:
751 3666 835 3727 Vade
857 3667 896 3726 ad
914 3667 1105 3745 Episcopum,
1134 3673 1163 3726 et

122 3752 169 3814 dic
190 3755 217 3814 ei
239 3770 275 3813 ex
303 3759 385 3830 parte
405 3771 485 3830 mea,
513 3759 654 3830 quatenus
682 3753 735 3813 tibi
762 3756 894 3814 restituat
919 3754 1045 3816 officium
1072 3759 1166 3831 tuum.

140 3904 172 3974 1)
189 3903 210 3958 0
228 3904 538 3974 appropinquasset.
556 3935 589 3946 -
608 3905 640 3977 2)
658 3904 698 3960 GP
715 3907 863 3978 agnosci,
883 3893 886 3902 ’
