2538 4314
320 237 324 244 ·
405 231 462 294 us
485 195 788 296 coursssrouu..
971 271 978 280 -
1047 239 1106 300 155

101 353 195 432 quodam
214 357 268 416 eius
287 355 439 433 familiari,
461 359 502 416 ita
524 374 590 416 eum
611 358 745 433 vexabat,
767 363 796 418 et
815 355 1111 422 forteadhncvexsre

99 459 140 502 uon
157 450 243 520 cessat,
262 446 386 520 spiritus
409 445 603 504 fonricationis
624 462 675 521 per
693 446 838 505 incentiva
849 447 951 522 earnis,
964 429 1004 505 ht
1016 445 1111 506 dicere

97 531 165 606 possit
183 548 240 590 oum
259 530 427 607 Apostolo:
472 532 519 590 Nc
539 532 714 608 noapnitoodo
743 533 958 592 revelationum
987 535 1110 594 entollat

96 636 138 691 roo,
156 617 234 678 dotas
255 627 297 678 est
320 620 398 677 mihi
419 619 556 678 stimulas
578 622 674 678 contis
696 637 797 692 meae,
821 621 944 696 anqatns
965 619 1110 696 Satanae,

95 707 133 779 poi
149 724 188 764 ooo
203 707 372 782 ,colaphizet
386 702 415 775 ¹).
449 704 562 764 Dicitur
582 711 679 767 tamen
700 705 795 766 adhuc
810 723 928 782 corpore
940 725 1003 766 csse
1017 711 1110 786 virgo.

91 790 233 868 dpuedtia
254 796 335 851 enim
357 795 388 850 in
409 790 489 850 Alua
509 794 630 852 nutritus
657 809 762 868 pecora
790 793 918 852 eiusdem
946 797 1108 854 monasterii

91 881 159 952 pavit
196 879 311 940 Deinde
333 880 430 938 factm
454 895 623 954 conversus,
650 877 723 938 adeo
744 880 877 956 profecit,
906 887 939 940 ut
960 882 1109 942 cniusdam

88 967 199 1042 poppae
207 963 226 1047 ²)
248 969 392 1042 magister
415 965 583 1024 efficeretur.
626 965 682 1042 Qui
702 966 776 1026 bene
805 984 840 1028 ao
867 966 987 1027 fideliter
1015 968 1109 1028 admi-

88 1054 187 1112 nistrans
209 1057 369 1128 exteriora,
403 1055 479 1111 sicut
504 1053 598 1112 bonus
626 1070 660 1111 ao
689 1051 780 1112 fideHs
813 1053 1007 1130 dispensator,
1035 1055 1109 1114 dona

88 1142 170 1198 uomit
186 1143 331 1201 interiora.
376 1137 579 1198 NOVIOIUS:
611 1137 728 1198 Utinam
750 1140 889 1200 haberent
911 1158 1010 1200 omnes
1038 1159 1109 1202 con-

86 1225 186 1292 fessores
208 1229 344 1288 conversi
365 1226 453 1284 huius
475 1227 611 1301 spiritum,
633 1228 701 1302 quia
721 1233 789 1286 tunc
811 1227 979 1287 coufitentes
999 1228 1109 1287 nullum

86 1314 129 1386 eis,
154 1317 211 1374 sive
237 1331 292 1391 per
314 1305 562 1386 erubescentiam,
591 1315 652 1371 sive
680 1331 731 1389 por
759 1316 964 1390 ignorantiam,
991 1322 1110 1390 possent

84 1400 233 1461 subtrahere
254 1407 421 1477 peceatum.
464 1396 699 1460 MONAoHUs:
721 1399 803 1459 Licet
823 1400 920 1460 multis
939 1403 1109 1464 confessori·

83 1486 127 1544 hus
146 1487 215 1547 desit
242 1490 361 1564 spiritus
391 1485 575 1562 prophetiae,
606 1488 681 1546 inest
708 1493 805 1545 tamen
833 1487 962 1563 pluribus
994 1491 1109 1564 spiritus

83 1575 221 1648 sapientiae
242 1581 332 1651 atque
357 1573 534 1648 prudentiae,
554 1590 606 1648 per
628 1591 714 1650 quem
736 1573 863 1634 desectus
875 1575 922 1634 illc
933 1575 1109 1652 suppleatur.

83 1658 265 1724 NOVICIUS:
298 1661 360 1722 Dic
391 1676 516 1735 quaeso,
541 1659 659 1736 prodest
686 1659 792 1736 aliquid
820 1669 941 1738 peecata
963 1664 1111 1738 confiteri,

83 1753 176 1810 retenta
195 1749 347 1810 voluntate
369 1745 532 1824 peccandi?

387 1883 621 1997 CAPIuULUM
641 1937 792 1998 XXXIV·

130 2059 173 2118 De
193 2079 225 2120 eo
247 2059 334 2137 qnod
355 2057 508 2134 corsfeseio,
530 2059 748 2138 preceptionem
769 2033 924 2121 uoluntate
945 2065 1051 2120 iterum
1122 2033 1125 2040 ’

411 2147 563 2220 peccandi,
585 2149 624 2205 sit
643 2145 762 2206 inutilis.

137 2283 372 2345 o10NAOHUs=
394 2282 543 2344 Modicum
562 2285 687 2361 prodest,
710 2285 868 2361 quia'Deus
890 2304 947 2346 non
967 2287 1107 2368 proiicit³)

84 2367 251 2446 iniquitatem,
273 2373 331 2430 nisi
352 2371 440 2430 homo
461 2372 539 2447 pn'us
560 2371 666 2432 malam
682 2374 812 2448 proiiciat
828 2373 1013 2434 voluntatem.
1044 2375 1108 2452 Qua

84 2459 209 2534 proiecta,
237 2460 369 2534 sequitur
402 2457 479 2532 quod
508 2457 576 2516 dicit
603 2458 749 2534 Propheta
777 2459 940 2520 Michaeas:
972 2463 1108 2538 Deponas

86 2558 170 2604 usuros
190 2549 362 2621 iniquitates
384 2550 518 2618 nostrae,
548 2551 577 2604 et
598 2550 734 2620 pronciat
754 2549 786 2604 in
805 2547 993 2623 profundans
1015 2552 1109 2608 mario

87 2635 174 2690 nonin
189 2625 324 2708 peccata
335 2627 481 2704 nostrat).
509 2630 652 2692 Jubcmur
670 2637 745 2691 enim
761 2650 813 2708 per
824 2634 911 2693 alium
925 2635 1108 2710 Prophetam,

87 2715 204 2798 scilicet⁵)
215 2719 300 2794 longo
310 2719 448 2794 proiicorc
466 2719 627 2792 iniquitates
637 2725 757 2794 nostras,
773 2738 831 2778 non
840 2723 920 2779 iuxta
930 2739 983 2780 nos
993 2739 1107 2797 ponere,

87 2803 149 2862 siout
167 2806 205 2864 illi
224 2806 348 2878 faciunt,
370 2807 419 2879 qui
440 2810 506 2863 aute
527 2804 642 2866 Pascha
662 2812 783 2881 peecata
805 2825 857 2866 sua
878 2825 929 2884 per
951 2810 1107 2868 consessio-

87 2904 150 2966 nem,
168 2899 200 2950 nt
219 2895 260 2952 eis
282 2890 406 2965 videtur,
428 2890 582 2966 deponunt,
604 2898 633 2951 ct
647 2909 715 2951 mox
728 2899 795 2968 post
807 2899 941 2952 octavam
952 2902 1107 2954 resumunt.

87 2973 190 3053 hesepe,
220 2980 329 3054 inquit,
355 2981 490 3054 proiipita
518 2981 687 3053 iniquitates
708 2985 821 3038 uestrae
829 2973 861 3054 ⁶).
903 2979 1107 3042 NOVICIUS:

87 3058 164 3123 Estne
184 3065 283 3124 melius
315 3067 358 3124 sio
391 3064 531 3139 confiteri,
561 3082 648 3140 quam
677 3068 791 3125 omnino
813 3067 931 3126 tacere?
974 3067 1107 3128 MONA-

90 3143 192 3210 CHUS:
212 3151 326 3226 Melius,
347 3149 378 3209 id
398 3158 451 3226 est,
471 3151 568 3211 utilius
591 3159 642 3230 cst,
664 3170 730 3212 cum
751 3153 898 3212 voluntate
920 3156 1022 3214 iterum
1036 3172 1107 3229 pee-

91 3235 423 3313 concordissimam
443 3245 547 3298 tacere.
589 3237 792 3298 NOVICIUS:
815 3240 930 3316 Quare?
974 3240 1108 3301 MONA-

16 3389 20 3397 ,
92 3317 193 3385 CHUS:
214 3325 288 3402 Quia
310 3327 487 3400 peccatorin
501 3325 678 3386 consessione
691 3328 881 3387 a'consessore
904 3345 955 3404 per
976 3346 1108 3406 poenam,

91 3422 153 3482 quse
171 3419 286 3488 peccato
310 3411 438 3488 debetou,
459 3418 580 3472 terretur
602 3420 631 3473 et
651 3415 803 3490 avertitou,
826 3415 995 3474 admonetur
1017 3422 1046 3474 et
1062 3419 1107 3475 in-

107 3593 349 3664 t)cor.11,12,‚7.
370 3628 401 3638 -
429 3599 460 3668 2)
479 3598 499 3654 C
516 3598 566 3650 add
583 3615 663 3668 quae
681 3607 819 3652 vocatur
837 3599 1054 3652 Gclemies..—
1075 3603 1108 3668 3)

148 3665 207 3720 ΑΒΗ
233 3669 396 3735 proiioiet.
414 3699 446 3708 -
473 3669 627 3737 d)idiehoe.
646 3672 681 3732 7,
709 3655 750 3720 19(
770 3699 801 3708 -
830 3671 901 3736 5)Α
928 3685 984 3735 per
1010 3669 1107 3720 olium

150 3733 349 3805 Prophetam,
367 3739 479 3790 isaiam
497 3739 642 3804 scilicet,
660 3740 681 3791 D
699 3755 756 3807 per
773 3738 966 3805 Prophetam
986 3739 1109 3799 lsaiaou,

150 3803 237 3874 Gper
254 3807 350 3860 alium
368 3807 566 3876 Prophetam.
585 3838 615 3849 -
636 3810 667 3878 6)
686 3807 776 3863 Ezcoh.
797 3809 838 3873 18,
857 3809 898 3861 31.
