2580 4316
450 261 513 322 nn
536 257 818 324 couvucuouu.
875 233 879 242 “
1113 267 1152 324 ss

82 402 138 444 sum
155 384 290 446 habitum
318 384 456 460 induit,
491 385 633 460 matrique
660 388 771 462 roganti
800 393 832 446 ut
854 385 957 460 exiret,
990 385 1153 462 respondit:

84 471 183 532 Amcdo
204 490 253 533 me
275 490 356 532 non
386 472 545 548 decipies;
567 472 655 532 verbe
674 473 729 532 sibi
750 473 891 549 promisse
908 471 1058 549 replicans.
1085 471 1155 533 Ma·

84 565 119 618 tre
136 576 201 619 vero
214 558 231 640 ¹)
256 578 344 620 eum
369 559 481 618 multo
503 561 605 618 timore
624 560 790 636 recedente,
818 566 901 636 pater
927 576 994 618 cum
1021 559 1154 619 iratribus

83 646 238 706 inntundus
262 647 447 721 aseendit,
471 645 547 705 sores
570 645 692 722 effregit,
713 646 802 705 filiam
823 645 1027 706 vociferantem
1048 646 1154 721 eduxit,

84 737 207 811 cognatis,
230 739 289 811 qui
318 752 403 794 eam
427 739 604 808 averterent,
625 736 774 794 commisit.
809 733 920 810 Quibus
939 733 996 808 illa,
1017 733 1153 807 noudum,

81 828 108 880 nt
125 829 193 897 pptc
200 817 239 901 ²),
265 839 403 882 novem
428 836 588 894 annorum,
619 826 677 880 tem
699 823 842 896 sapienter
863 820 1023 896 respondit,
1044 827 1077 880 ut
1097 822 1154 880 mi·

82 918 208 968 rnreutur.
256 909 355 986 Quid
382 905 498 982 plura?
531 906 672 982 Episcopo
693 907 846 966 Leodiensi
873 913 985 983 petrem
1013 915 1042 966 et
1064 925 1113 968 eos
1135 927 1154 966 a

81 996 177 1070 quibus
201 995 326 1056 educta
352 995 462 1054 fuerat
485 996 762 1068 excommunicante,
793 994 857 1054 loeo
879 996 1009 1053 restitute
1031 1001 1092 1068 est,
1125 1002 1154 1053 et

81 1089 139 1156 post
166 1101 265 1143 annos
300 1098 436 1158 paucos
469 1080 577 1140 ibidem
603 1084 632 1140 in
660 1081 847 1142 Abbatissam
869 1080 969 1140 electe.
1011 1081 1093 1142 Haec
1116 1081 1152 1140 de

81 1172 270 1230 conversione
297 1169 394 1228 dieta
418 1169 480 1226 sint
489 1164 520 1246 ³).
561 1167 654 1227 Multa
680 1168 844 1228 huiusmodi
878 1167 1006 1226 Christus
1037 1171 1066 1226 in
1094 1170 1154 1228 suis

81 1264 211 1332 operatur
236 1258 366 1329 electis,
392 1253 436 1330 ad
459 1254 580 1331 glorium
599 1257 643 1314 sui
664 1257 785 1315 nominis
797 1252 840 1335 ⁴),
861 1256 906 1313 eui
929 1272 995 1314 cum
1015 1254 1102 1315 Patre
1124 1262 1153 1312 et

80 1342 182 1421 Spiritu
206 1352 324 1405 sancto
352 1343 458 1402 honor
481 1343 520 1400 sit
541 1348 568 1400 et
586 1344 736 1418 imperinm
757 1359 809 1418 per
829 1341 939 1404 infinito
952 1341 1068 1404 saecule
1085 1359 1151 1402 sae·

81 1431 218 1492 culorum.
268 1431 395 1490 Amen.

417 1612 855 1667 ψ

367 1822 640 1922 utsttuoitc
683 1821 897 1922 SECUNDA

178 1985 320 2087 mm
372 1995 1059 2106 oouumluloruu.

453 2129 822 2204 w

442 2353 445 2360 »
496 2311 729 2375 CAPITULUM
750 2314 774 2373 Ι.

89 2443 137 2501 De
160 2443 364 2510 contmnone,
388 2435 463 2512 quid
481 2439 527 2510 sit,
550 2437 630 2600 und}
651 2437 777 2511 dicatur,
800 2445 872 2514 quot
894 2440 952 2496 sint
966 2439 1151 2512 eiusepectes,

515 2527 595 2600 «puts
626 2531 738 2583 ructus.

158 2666 227 2725 EX
256 2665 401 2740 superiori
434 2661 614 2722 distinctione
643 2662 817 2722 declaratum
846 2669 904 2738 est,
936 2664 1150 2723 conversionem

93 2751 260 2829 aliquando
282 2749 459 2827 praecedere
481 2752 687 2825 contritionem,
708 2749 861 2826 aliquando
883 2752 978 2826 sequi,
1000 2756 1029 2809 et
1051 2766 1149 2808 exem-

95 2840 152 2914 plis
175 2833 383 2916 probatum).
426 2836 510 2897 Nunc
531 2852 600 2896 vero
624 2837 659 2896 de
681 2840 743 2912 ipsa
765 2839 947 2912 contritione,
979 2842 1065 2912 prout
1084 2835 1150 2894 Do·

96 2929 199 2984 miuus
223 2925 333 2984 donare
354 2924 526 3000 dignabitru,
549 2923 643 2984 dicere
662 2940 807 3000 propono,
840 2931 927 2999 etque
947 2923 1048 2984 eadem
1075 2939 1149 2998 qnae

99 3012 236 3072 dicturus
257 3029 323 3070 sum
345 3011 483 3086 exemplis
505 3010 691 3071 confirmabo.
732 3012 771 3072 Et
791 3012 930 3071 hoosoire
952 3011 1050 3085 debes,
1072 3010 1149 3085 quod

102 3100 239 3158 contritio
261 3101 300 3157 sit
319 3116 459 3175 maguum
490 3099 613 3172 bonum,
642 3104 672 3157 et
702 3099 877 3174 perfectum,
907 3095 1070 3177 qucuinm⁶)
1092 3097 1150 3156 Dei

103 3183 232 3260 donum,
250 3185 413 3245 'desursum
434 3184 611 3245 descendeus
633 3203 651 3244 a
671 3185 758 3246 Patre
778 3184 933 3259 luminum,
960 3188 990 3244 in
1012 3201 1069 3260 quo
1090 3197 1149 3244 non

106 3279 154 3330 est
176 3275 390 3347 transmutatio,
421 3288 516 3348 neque
544 3273 746 3332 meissitudinis
775 3272 956 3332 obumbratio
968 3269 998 3352 ³).
1049 3271 1150 3348 Quou-

107 3357 207 3432 doque
234 3358 314 3418 addit
324 3355 346 3440 ⁸)
373 3359 554 3435 perfectioni,
590 3362 658 3435 quia
689 3363 807 3419 minima
836 3361 966 3420 contritio
994 3361 1149 3420 maximam

110 3441 192 3504 delet
212 3445 340 3522 eulpam,
371 3446 499 3523 perfecte
519 3463 589 3506 vero
612 3446 726 3523 cuipam
748 3447 832 3507 simui
852 3445 926 3506 tollit
957 3452 987 3506 et
1010 3462 1149 3522 poenam.

137 3628 172 3695 1)
187 3645 256 3682 vcro
278 3632 415 3685 omG.-
439 3632 472 3700 2)
490 3641 524 3684 ut
550 3639 626 3698 puto
650 3632 787 3685 omC-
813 3631 883 3701 3)c
906 3632 1075 3685 sufficiant
1101 3648 1147 3700 pro

188 3702 304 3752 rint.—
274 3703 355 3771 -4)
372 3703 518 3754 nominis
545 3700 681 3754 nmC.—
710 3701 848 3772 5)Cest
868 3702 1097 3770 probatum-
1116 3700 1149 3768 6)

189 3771 444 3889 poeniamomih
461 3770 503 3824 ΒΡ
521 3779 605 3822 nutem
623 3770 936 3841 habentquundcque.
956 3801 987 3812 ·-
1007 3769 1148 3840 7)Jac.t‚

205 3841 219 3890 7
292 3842 323 3910 8)
340 3840 471 3905 Bnddi,
489 3839 678 3904 Dnddidic,
695 3840 883 3894 Pndditum.
