2654 4308
189 281 231 340 at
501 275 728 340 Disrmcrlo
750 273 916 339 OCTAVA

188 415 314 478 gamem
340 401 526 460 tentadonem
554 400 710 475 habuerat,
742 399 902 462 dicentibus
929 399 986 460 sibi
1007 397 1226 477 cogitationibus

188 488 248 548 suis
275 492 309 545 ut
335 485 474 547 heremita
501 487 590 548 lieret
631 486 717 548 Adeo
745 487 802 547 hac
829 488 986 546 tentatione
1007 485 1139 546 devictus
1158 485 1227 560 luit,

188 579 222 633 ut
242 572 339 649 aliqua
360 575 446 634 etiam
467 574 532 634 loca
551 573 776 650 perlustraverit,
800 573 952 649 explorans
973 579 1074 649 aptum
1093 573 1150 634 sibl
1170 571 1227 632 ha-

188 659 354 722 bitaculum
396 659 526 720 Tandem
555 677 710 720 conversus
740 661 778 720 ad
805 660 922 720 beatam
942 659 1106 737 Virginem,
1140 661 1168 720 ei
1196 675 1228 719 se

188 753 281 808 totum
306 749 462 823 commisit,
488 751 581 824 ipsam
606 749 734 823 sibiipsi
758 764 810 824 pro
840 763 872 806 se
900 745 1098 808 fideiussorem
1117 748 1228 808 consti-

188 840 282 908 tuens,
302 835 381 910 qnod
393 829 410 914 Ι)
432 832 567 910 quicquid
583 835 648 911 ipsa
661 837 860 912 suggessisset,
880 833 938 894 hoc
950 833 998 894 ille
1019 837 1081 894 eine
1100 850 1229 910 perenn·
1300 861 1301 900 ;

79 987 82 994 ⁴
189 917 341 1001 clatione2)
371 921 581 998 aggrederetur.
626 921 756 997 Cumque
783 921 822 982 ad
851 922 967 980 benum
993 919 1143 1000 Virginem
1170 921 1229 980 sub

188 1006 244 1068 hac
272 1007 434 1068 conditione
455 1011 569 1084 saepius
597 1013 769 1083 recurreret,
802 1007 928 1084 quadam
948 1009 1014 1067 vice
1034 1013 1135 1068 orante
1156 1023 1195 1068 eo
1207 1003 1230 1088 ⁸)

189 1109 285 1156 coram
306 1095 404 1171 altari,
435 1113 494 1154 vox
520 1097 646 1154 insonuit
674 1094 786 1155 dicens:
815 1094 1028 1154 Fideiussorcm
1048 1110 1096 1154 me
1116 1095 1231 1154 consti·

188 1183 283 1256 tuisti,
311 1196 365 1259 ego
389 1199 437 1241 me
461 1182 611 1242 absolvere
640 1181 716 1241 volo.
759 1179 813 1241 Ille
839 1197 910 1240 vero
936 1184 1048 1260 erigens
1076 1197 1123 1255 se,
1154 1181 1232 1242 vidit

189 1270 281 1328 virum
295 1268 450 1329 venerandi
463 1267 578 1328 habitus
599 1275 666 1328 ante
687 1268 777 1328 altare
791 1271 932 1343 assistere,
953 1283 1067 1328 crucem
1087 1269 1117 1326 in
1138 1285 1232 1329 mauu

188 1362 301 1430 tenere,
325 1353 450 1414 crucilixi
470 1361 572 1430 sancta
593 1358 719 1431 quinque
740 1355 860 1416 vnlnere
881 1354 970 1432 digito
992 1353 1232 1431 superinducere,

189 1448 219 1502 et
240 1445 281 1502 sie
300 1441 446 1501 evidenter
455 1438 478 1522 ⁸)
500 1442 608 1502 dicere:
629 1441 678 1502 Sic
699 1445 792 1502 omnis
814 1445 863 1518 qni
883 1442 1011 1502 ordinem
1030 1444 1119 1501 istum
1140 1458 1231 1518 quem

188 1530 332 1604 professos
353 1545 384 1590 cs
405 1532 569 1603 servaverit,
590 1529 747 1588 Dominum
767 1536 897 1589 nostrum
917 1531 1059 1606 perungit,
1082 1529 1159 1589 sient
1182 1547 1231 1590 me

189 1615 272 1676 vides
291 1616 393 1676 lacere.
436 1615 474 1675 Et
495 1618 536 1676 sic
557 1615 605 1676 ille
626 1634 645 1676 a
666 1618 824 1677 tentatione
844 1633 899 1676 sua
918 1616 1055 1677 liberatus
1080 1621 1133 1676 est

544 1805 778 1868 carnutum
800 1805 871 1866 xv.
925 1785 927 1798 ’

228 1930 277 1990 De
298 1927 447 1992 &mnne
466 1930 614 1990 nomena
635 1933 684 1988 eni
704 1930 862 2006 cedma
886 1932 1029 2006 apperuit
1050 1935 1080 1990 ct
1098 1945 1191 1992 senen

503 2033 672 2094 perempnis
693 2017 820 2078 vanno
841 2019 911 2078 cine.

253 2153 364 2214 Baetae
384 2155 539 2214 memoriae
555 2153 714 2216 christinae
736 2153 771 2214 de
785 2153 1023 2228 Volmuntsteine,
1045 2155 1125 2215 errius
1140 2170 1231 2231 supra
1299 2150 1300 2194 ἕ

189 2241 314 2315 memini,
336 2241 422 2300 etiam
444 2241 594 2301 crucifixus
615 2245 764 2318 apparuit,
782 2247 812 2300 ct
832 2239 919 2301 homo
941 2242 1131 2301 senorium
1152 2257 1231 2316 eum,
1299 2287 1300 2318 ,

191 2329 240 2403 qui
268 2345 304 2388 er
332 2327 427 2403 pixide
456 2345 544 2404 quam
572 2330 601 2387 in
629 2347 718 2388 mauu
738 2327 880 2403 habebat,
908 2327 1088 2406 perungebat
1106 2326 1231 2389 vulnera

189 2412 265 2473 illius
278 2410 307 2494 ⁶).
351 2411 450 2475 Genus
472 2421 568 2476 tamm
589 2417 707 2475 visionis
729 2414 889 2476 discernere
909 2431 967 2474 non
988 2413 1082 2475 valeo.

422 2584 427 2594 '
540 2603 773 2668 cursionum
793 2605 880 2666 xvi.

229 2728 278 2788 De
296 2677 515 2790 sememonten
536 2735 652 2790 tentato
678 2747 771 2806 paone
793 2728 926 2790 cumana
947 2729 1116 2804 conplente
1138 2737 1191 2790 eet

255 2863 348 2926 Alteri
369 2865 482 2926 cuidam
504 2865 710 2928 sanctimoniali
732 2865 837 2927 ordinis
857 2867 954 2943 nostri,
976 2883 1064 2944 quam
1080 2867 1230 2928 nominare

189 2953 265 3028 nolo,
286 2959 414 3029 tempore
436 2952 561 3029 quodam
584 2971 649 3013 cum
672 2961 748 3013 esset
760 2956 928 3030 gravissime
946 2959 1063 3028 tentata,
1083 2952 1230 3013 Dominus

189 3039 278 3101 Jesus
300 3039 429 3099 Christus
457 3043 543 3100 totius
564 3040 711 3100 Ecclesiae
732 3058 870 3117 sponsus,
902 3041 1049 3100 visibiliter
1070 3057 1229 3117 apparens,

189 3125 369 3205 amplexatus
391 3133 435 3186 est
455 3144 528 3202 eam,
551 3132 579 3186 et
601 3144 714 3187 omnem
735 3127 810 3187 illius
827 3127 1019 3187 turbationem
1040 3128 1070 3184 in
1090 3144 1229 3205 magnam
1297 3135 1298 3194 l

190 3215 330 3275 convertit
351 3213 592 3289 tranquillitatem.
613 3214 690 3274 Ecce
704 3211 762 3294 int)
778 3216 910 3276 omnibus
924 3215 968 3275 his
987 3213 1124 3289 exemplis
1135 3213 1229 3275 habes
1297 3197 1298 3226 ¹

190 3299 269 3376 quod
297 3301 368 3359 visio
390 3300 559 3360 Dominicae
579 3303 733 3377 passionis,
764 3319 898 3362 necnon
920 3308 948 3361 et
969 3300 1117 3360 meditatio
1138 3307 1229 3377 atque

190 3390 350 3462 compassio
389 3390 545 3446 maximum
586 3393 684 3447 contra
722 3392 893 3448 tentationes
937 3384 1005 3467 sitl)
1055 3386 1228 3447 antidotum.

190 3473 265 3534 Sunt
286 3479 314 3532 et
333 3474 363 3532 in
384 3473 433 3533 illa
452 3473 624 3551 multiplices
641 3475 859 3550 consolationes,
880 3477 954 3536 sicut
974 3475 1105 3534 subiecta
1127 3472 1228 3535 decla-

190 3561 295 3621 rabunt
315 3562 486 3621 testimonia.

209 3710 241 3779 l)
258 3709 278 3764 C
296 3712 379 3779 quia.
399 3741 430 3754 -
449 3712 481 3780 2)
498 3711 584 3766 AGDP
605 3714 827 3766 cunctatione.
845 3744 879 3754 -
897 3713 930 3782 3)
947 3711 1030 3766 AGDP
1056 3713 1166 3765 oranti
1188 3714 1228 3763 ci.

261 3809 293 3820 -
312 3781 345 3848 d)
362 3780 450 3836 ABDP
470 3782 607 3835 videnti.
627 3811 657 3824 -
678 3784 710 3851 5)
727 3782 749 3836 B
773 3786 851 3836 eius.
871 3810 903 3824 -
921 3785 954 3852 6)
971 3784 1003 3838 in
1025 3781 1075 3835 add
1091 3781 1122 3836 B.
1142 3811 1173 3822 -·
1192 3784 1228 3849 7)

260 3849 371 3902 Csint.
606 3898 620 3932 ο
