2654 4308
371 275 432 336 DE'
448 273 632 338 DIVERSIS
654 273 889 337 VISIONIBUS.
1105 275 1145 336 89

102 397 169 456 nioa
201 394 335 472 proxima
362 401 406 455 est
434 394 609 456 sollemnitas
637 401 704 471 post
724 395 964 455 Purificationem.
1005 392 1075 470 Ipsa
1103 399 1147 454 est
1248 467 1249 470 Ἴ

101 483 209 543 festum
231 480 447 557 propitiationis.
482 482 539 542 Per
558 483 651 558 ipsam
666 488 790 544 tartarm
812 487 855 542 est
869 479 1038 556 destructus,
1059 495 1147 555 para-
1194 514 1201 526 ·

103 568 184 628 disus
213 573 346 644 apertus,
375 570 527 648 captivitas
556 571 715 644 captivata,
737 585 824 650 mors
853 573 1002 628 evacuata
1044 567 1146 626 Passio

102 655 224 715 Domini
263 657 389 714 omnium
423 654 638 716 tribulationum
673 655 864 716 humanarum
900 660 944 714 est
978 652 1146 713 antidotum.

103 741 315 828 contritionem
337 743 449 818 excitat,
469 742 602 802 lacrimas
623 741 770 818 producit,
790 741 962 802 tentationes
983 741 1147 818 compescit.

237 833 239 838 ¹
280 865 282 873 .
701 838 707 870 i

467 1000 702 1072 CAPITULUM
733 1001 789 1061 IX.

148 1144 198 1203 De
218 1140 373 1218 praedicto
393 1141 558 1202 Riebmsds
579 1159 657 1217 quoe
681 1142 849 1200 Dosninsem
867 1140 942 1200 vidit
962 1143 994 1200 ia
1015 1140 1103 1200 domo

390 1227 537 1319 pontipiete
558 1231 636 1290 intes
653 1235 862 1306 persecutores.

171 1383 326 1443 Praedicta
342 1383 511 1446 Riehmudis
532 1390 660 1459 tempore
682 1382 817 1460 quodam,
837 1388 870 1442 ut
890 1387 961 1459 puto
977 1381 1147 1445 Dominicae

104 1470 270 1545 Passionis,
300 1487 364 1529 cum
388 1469 424 1530 de
445 1473 508 1547 ipsa
529 1469 694 1530 meditando
715 1469 801 1530 valde
824 1475 1030 1546 contereretur,
1051 1477 1147 1532 mente
1214 1535 1216 1540 s

105 1556 267 1632 excedens,
295 1572 364 1616 mor
383 1574 436 1633 per
463 1559 591 1633 spiritum
612 1559 642 1615 in
666 1557 782 1616 domum
804 1556 948 1633 quandam
969 1557 1096 1633 amplam
1119 1564 1168 1617 etx

104 1643 272 1721 hyemalem
294 1649 376 1719 rapta
397 1650 454 1719 est,
487 1646 516 1702 in
543 1661 602 1719 qua
622 1642 803 1703 Salvatorem
825 1650 949 1703 stantem
969 1643 1041 1703 vidit
1061 1643 1149 1702 nudi-

105 1730 213 1806 pedem
235 1736 264 1790 et
284 1732 367 1806 quasi
381 1733 534 1806 captivum,
558 1736 586 1790 et
607 1732 683 1790 circa
696 1731 776 1790 illum
790 1730 1000 1791 multitudinem
1014 1725 1147 1791 ludaeo-

106 1835 181 1876 rum.
224 1815 329 1877 Stabat
350 1819 425 1876 enim
447 1814 570 1877 demisso
592 1816 687 1892 vultu,
709 1816 772 1876 sola
792 1819 889 1876 tunica
909 1816 1039 1892 indutus,
1061 1824 1148 1893 atque

106 1903 272 1979 discinctus,
292 1905 425 1963 manibus
448 1906 533 1963 etiam
548 1902 685 1963 demissis.
728 1903 838 1963 Turrita
860 1906 921 1963 eius
938 1903 1047 1963 flavum
1064 1903 1148 1964 vide·

105 1992 195 2051 batur
215 1988 323 2050 habere
345 1990 478 2050 colorem.
520 1990 559 2048 Et
578 1993 652 2049 sicut
672 1992 737 2065 ipsa
757 1990 827 2048 mihi
847 1989 952 2066 retulit,
973 1993 1003 2048 in
1028 1989 1146 2050 diversis

106 2076 223 2154 augulis
244 2076 346 2143 domus
365 2077 433 2136 deni
455 2095 490 2138 ac
512 2076 636 2136 duodeni
657 2077 695 2136 ad
716 2079 806 2136 instar
820 2078 1003 2153 cyconiarum
1025 2094 1149 2154 congre·

106 2165 168 2242 gati
197 2165 400 2238 susurrabant,
433 2163 468 2224 de
489 2171 581 2223 morte
601 2160 676 2222 illius
698 2170 862 2224 tractantes.
904 2162 976 2222 Erat
997 2166 1072 2223 enim
1093 2163 1148 2223 do-

106 2268 173 2310 mus
194 2253 298 2310 summi
327 2246 484 2326 pontificis,
506 2253 535 2310 in
558 2268 615 2326 qua
636 2255 702 2310 aeta
723 2256 789 2310 sunt
811 2249 969 2310 secundum
993 2251 1149 2326 historiam,

56 2405 59 2410 ¹
106 2355 183 2414 quae
212 2337 280 2397 huie
308 2337 428 2398 ancillae
449 2333 507 2413 Dei
536 2344 652 2398 ostensa
680 2343 747 2397 sunt
769 2336 959 2413 spiritualiter.
1002 2337 1149 2414 Quantum

105 2424 272 2506 huiusmodi
293 2426 417 2484 visiones
438 2431 549 2484 mentes
570 2425 719 2500 religiosas
741 2430 958 2504 compungant,
983 2426 1053 2484 visio
1075 2425 1148 2484 sub-

105 2528 233 2588 sequens
254 2510 386 2588 ostendit,
408 2529 483 2587 quae
505 2512 659 2588 corporalis
682 2517 734 2574 est.

484 2755 717 2816 CAPITULUM
737 2756 779 2816 X.

105 2895 155 2954 De
168 2897 283 2970 oirptne
304 2896 354 2954 cui
368 2891 499 2956 teroem
518 2894 691 2972 frequentes
709 2896 843 2970 visitanti
858 2901 983 2970 apponet
1001 2896 1034 2953 in
1055 2911 1147 2954 crum.
1252 2893 1254 2898 ‘

172 3049 272 3126 Nuper
303 3052 384 3128 virgo
418 3047 561 3126 quaedam
589 3050 737 3127 religiosa,
768 3050 835 3110 licet
862 3049 958 3110 adhuc
989 3053 1019 3110 in
1046 3049 1148 3110 habitu

106 3135 249 3198 saeculari
267 3139 372 3213 posita,
393 3137 540 3214 Subpriori
561 3144 659 3198 nostro
676 3137 798 3196 Gerlaeo
821 3153 886 3196 cum
909 3137 1007 3197 multis
1024 3137 1148 3198 lacrimis

105 3223 211 3298 retulit,
233 3224 311 3300 quod
326 3223 506 3284 Salvatorem
527 3227 556 3282 in
579 3241 664 3284 eruce
681 3224 854 3300 pendentem
875 3228 999 3284 cruentis
1020 3223 1147 3284 vulneri-

105 3312 163 3372 bus
181 3310 278 3384 videre
293 3310 393 3370 soleat.
423 3311 609 3385 Nee-minus,
631 3313 679 3385 ait,
699 3310 780 3370 illum
795 3309 888 3386 video,
909 3314 934 3370 si
949 3315 1147 3388 compassione

109 3404 139 3458 et
170 3391 268 3460 dolore
289 3405 409 3475 urgente
430 3397 529 3458 oculos
552 3397 689 3458 clausero.
731 3397 809 3458 Ecce
836 3396 884 3459 hie
909 3397 1003 3458 babes
1031 3398 1148 3458 evidens

105 3491 318 3562 argumentum,
340 3485 419 3560 quod
440 3486 512 3544 visio
534 3484 591 3560 illa,
613 3485 649 3544 de
671 3501 729 3560 qua
751 3483 858 3552 dictum
880 3491 923 3544 est
945 3488 1075 3562 superius
1096 3503 1148 3545 ca·

104 3571 198 3648 pitulo
228 3572 341 3647 quinto,
372 3571 456 3631 fuerit
485 3572 647 3648 corporalis.
689 3571 810 3630 Femina
838 3587 907 3630 vero
934 3574 992 3631 iarn
1014 3571 1090 3632 dieta
1112 3589 1165 3651 ex!

106 3657 216 3718 eisdem
247 3658 405 3717 visionibus
437 3659 548 3718 tantum
576 3654 711 3734 profecit,
742 3664 775 3716 ut
804 3657 839 3716 de
867 3657 986 3717 Domini
1012 3661 1147 3735 passione

103 3761 200 3820 neque
223 3745 348 3821 cogitare
369 3761 466 3821 neque
482 3744 561 3820 loqui
581 3745 674 3820 possit
694 3745 755 3808 sine
775 3743 900 3804 benmis
921 3751 951 3804 et
972 3747 1147 3820 contritione.

106 3831 193 3910 Quod
222 3836 319 3892 autem
346 3831 382 3892 de
410 3831 512 3894 eadem
541 3831 707 3894 beatissima
731 3833 866 3908 passione
892 3833 977 3909 quas
1006 3830 1041 3892 de
1068 3832 1146 3894 fonte
