2538 4314
397 280 453 342 nn
475 276 754 364 concussione.

398 487 632 552 CAPITULUM
650 488 757 550 XXX.

70 611 108 671 Dc
124 609 250 685 Abbcte,
272 614 323 688 qui
338 619 512 687 persecatus
534 617 576 671 est
597 612 784 685 mosochum,
806 626 840 670 eo
862 609 945 686 qood
965 627 1002 671 ec
1023 625 1094 671 eon-

125 699 254 776 fessione
275 699 431 758 cniusdam
452 699 646 772 intellectuat,
667 699 753 758 illum
773 700 846 757 scire
866 715 924 757 suo
944 700 1025 758 vitia.

120 852 225 914 Abbas
246 854 365 930 quidam
386 854 422 914 de
444 853 568 915 claustro
589 853 659 912 mihi
680 855 755 915 bene
786 859 871 928 noto,
905 852 941 912 de
969 853 1095 930 quodam

69 942 126 1002 vitio
149 947 264 1001 notatus
285 943 347 1000 fuit.
390 941 447 1002 Per
469 940 619 1012 cuiusdam
639 940 772 1000 monachi
785 943 829 1000 sui
846 936 862 1020 ¹)
885 940 1095 1002 confessionem

70 1045 124 1087 cum
143 1029 339 1104 intellexisset,
359 1028 417 1088 hoc
438 1027 526 1087 alium
547 1025 691 1103 quendam
705 1030 785 1103 scire,
807 1026 921 1086 diabolo
933 1029 1095 1104 instigante,

69 1118 154 1191 coepit
174 1132 239 1176 eum
261 1115 376 1176 occulte
396 1116 545 1191 persequi,
567 1116 670 1173 timens
692 1115 730 1174 ab
753 1131 787 1174 ec
808 1116 838 1172 in
859 1117 1021 1178 visitatione
1042 1131 1094 1175 ac-

69 1204 161 1261 cusari.
200 1201 238 1262 Et
271 1221 340 1262 cnm
369 1201 449 1260 illum
478 1203 589 1260 mittere
615 1201 704 1262 vellet
734 1200 773 1260 od
805 1200 952 1276 quendam
979 1201 1095 1260 domum

68 1295 205 1365 remotam,
224 1291 325 1348 nescio
349 1288 418 1364 quid
439 1287 630 1364 praetendens
652 1289 810 1348 occasionis
819 1285 849 1368 ²),
870 1287 916 1347 ille
938 1289 1012 1347 bene
1024 1305 1094 1348 con·

69 1375 184 1435 siceram
205 1393 325 1435 causam
348 1377 562 1451 persecutionis,
583 1375 730 1450 respondit
739 1373 863 1434 Abbati:
885 1373 1017 1449 Domine,
1040 1374 1094 1435 do-

68 1479 139 1521 mum
158 1480 251 1522 meam
274 1481 335 1521 non
357 1461 498 1537 demerui,
530 1463 555 1540 si
582 1461 669 1521 vultis
697 1478 744 1521 me
760 1463 887 1520 mittere
915 1461 953 1520 ad
973 1467 1095 1521 matrem
1120 1527 1126 1538 ‚

69 1555 184 1608 nonnam
191 1546 221 1630 ³),
242 1550 308 1625 ib03
331 1551 495 1623 sinautem,
516 1548 703 1607 visitatorem
723 1548 769 1608 hic
788 1549 971 1624 exspectabo.
1012 1549 1094 1610 Bene

70 1637 183 1711 sciebat,
204 1638 275 1712 quia
295 1631 394 1715 illuc⁴)
418 1651 484 1693 eum
504 1651 563 1693 non
583 1637 715 1711 mitteret,
737 1652 774 1695 ne
795 1635 868 1694 forte
891 1634 1036 1712 detegeret
1057 1634 1094 1695 dc

71 1738 121 1796 quc
139 1724 265 1782 timebat
310 1721 394 1781 Haec
415 1721 485 1780 mihi
496 1719 587 1782 relate
601 1728 669 1780 sunt
682 1739 701 1781 a
715 1721 842 1797 quodam
863 1725 974 1782 seniore
991 1722 1094 1782 domus

70 1808 136 1868 illius
154 1801 183 1868 ir'1
205 1826 264 1885 qua
287 1811 475 1885 coufigcnmt
518 1807 665 1869 SiAbbes
686 1810 741 1868 iste
762 1814 824 1867 tarn
844 1807 914 1868 dure
927 1815 1095 1884 persecutus

72 1901 110 1954 cst
127 1895 269 1956 hominem
290 1898 487 1970 innocentem,
520 1895 665 1970 quomodo
692 1898 826 1972 persequi
846 1894 967 1955 heberet
979 1893 999 1976 ⁸)
1023 1910 1094 1955 conv·

71 1982 247 2058 spiratorem?
293 1981 393 2042 Cernis
414 1981 535 2058 qualiter
560 1988 681 2058 uterque
707 1981 881 2059 periclitatus
909 1984 961 2057 sit,
991 1981 1095 2042 Abbes

72 2070 274 2145 persequendo,
307 2069 467 2128 monachus
494 2071 668 2145 gravissimis
695 2070 900 2130 tentationibus
928 2067 1095 2129 laborando.

72 2153 263 2217 NOVIGIUS:
284 2156 369 2215 Licet
389 2157 418 2214 in
439 2155 535 2231 aliquo
548 2173 618 2215 casu
633 2156 778 2215 confitenti
790 2172 942 2233 personam
952 2152 1094 2236 prodere)

73 2239 194 2302 ulterius?
236 2241 476 2303 MONACHUS:
507 2241 553 2302 De
580 2242 636 2302 hoc
664 2261 683 2303 a
710 2261 758 2302 me
786 2245 938 2319 requisitus
959 2245 1110 2320 magister,
1186 2281 1188 2286 ,
1258 2195 1259 2208 χ

74 2325 242 2389 Hermannus
263 2317 402 2388 Deoanus
423 2329 597 2404 Bonnensis,
629 2332 673 2389 vir
692 2329 857 2390 literaturae
878 2346 1018 2406 magnae,
1046 2347 1093 2391 rc-

75 2409 189 2489 spoulit:
221 2415 255 2476 Si
280 2416 348 2475 talis
375 2431 499 2492 persona
526 2416 624 2491 tuerit,
657 2415 693 2476 de
725 2433 782 2492 que
805 2423 915 2476 constet
936 2416 1095 2494 confitenti,

76 2501 144 2574 quod
161 2509 314 2579 peccatum
335 2520 486 2562 commune
508 2502 635 2562 confiteri
654 2502 784 2579 nolucrit,
805 2506 880 2566 bene
901 2521 965 2563 eam
975 2503 1095 2580 prodere

77 2585 163 2732 ξὲἱῖὴῐ,
186 2607 230 2736 trlrse
257 2589 381 2651 tacendo
409 2595 516 2666 pereat.
558 2591 606 2650 De
626 2591 683 2651 hoc
714 2591 785 2650 mihi
811 2590 909 2650 retulit
933 2580 1095 2668 exemplum

124 2692 186 2737 esa
222 2719 230 2736 .

390 2882 622 2944 CAPITULUM
642 2882 763 2944 XXXI.
910 2873 929 2942 s

115 3001 193 3078 occa
211 3005 298 3064 licwt
317 3007 351 3065 ia
372 3007 473 3082 aliquo
494 3023 566 3066 casa
587 3005 735 3082 cespitem
750 3005 880 3081 prodere
904 3023 1064 3084 personam

271 3093 416 3166 alterius,
438 3099 466 3152 et
487 3093 651 3168 exemplam
673 3093 709 3151 dc
730 3093 886 3153 adulterio.

142 3242 208 3305 (lum
227 3263 328 3323 essem,
349 3247 449 3323 inquit,
468 3247 609 3323 plebanus
631 3246 710 3324 apud
731 3255 863 3310 sanctum
879 3250 1007 3310 Parrum
1016 3249 1098 3312 Mar-

89 3325 166 3390 finun
182 3333 210 3390 in
230 3333 362 3410 Colonia,
392 3334 508 3408 quidam
530 3353 566 3394 ex
586 3334 767 3411 parochianis
789 3339 860 3396 meis
881 3339 925 3398 vir
945 3336 1098 3414 honestus,

93 3427 148 3474 cun
164 3417 205 3478 ile
225 3420 349 3496 quadam
371 3422 519 3481 cuiusdam
541 3424 667 3483 concivis
689 3428 718 3481 et
738 3424 823 3482 amici
843 3425 889 3482 sui
910 3424 1027 3483 domum
1049 3443 1099 3485 so-

93 3495 131 3558 lus
147 3503 273 3583 intrasset,
295 3514 324 3568 et
345 3525 463 3568 uxorem
483 3509 557 3569 illius
579 3509 672 3570 solam
693 3510 722 3567 in
742 3509 879 3586 gradibus
899 3510 995 3571 solerii
1015 3529 1100 3588 repe-

88 3723 95 3738 ·
112 3698 139 3768 l)
152 3706 193 3756 sui
207 3723 244 3758 om
260 3707 309 3762 ΒΟ.
329 3739 360 3749 -
378 3710 410 3776 2)
428 3709 447 3762 Ρ
463 3713 697 3766 accusationis.
715 3741 747 3752 -
765 3713 798 3782 3)
815 3713 864 3765 hoc
881 3722 929 3777 est,
946 3712 1101 3768 cistercium.

153 3771 301 3846 oculto.
320 3808 352 3820 -
379 3779 448 3848 5)0
473 3789 749 3851 persequeretur,
775 3784 801 3834 si
827 3781 978 3846 haberet;
1005 3784 1100 3836 mcxli

154 3855 202 3908 per
217 3849 476 3938 conspiratorem.
496 3883 527 3893 -
547 3853 580 3922 6)
597 3852 638 3906 BP
656 3852 798 3920 prodere
815 3867 998 3921 personam.
