<?xml version="1.0" encoding="UTF-8"?>
<!DOCTYPE html PUBLIC "-//W3C//DTD XHTML 1.0 Transitional//EN"
    "http://www.w3.org/TR/xhtml1/DTD/xhtml1-transitional.dtd">
<html xmlns="http://www.w3.org/1999/xhtml" xml:lang="en" lang="en">
 <head>
  <title>
</title>
<meta http-equiv="Content-Type" content="text/html;charset=utf-8" />
  <meta name='ocr-system' content='tesseract 3.04.00' />
  <meta name='ocr-capabilities' content='ocr_page ocr_carea ocr_par ocr_line ocrx_word'/>
</head>
<body>
  <div class='ocr_page' id='page_1' title='image "./caesariiheister05stragoog/caesariiheister05stragoog_0161.png"; bbox 0 0 2538 4314; ppageno 0'>
   <div class='ocr_carea' id='block_1_1' title="bbox 178 281 887 346">
    <p class='ocr_par' dir='ltr' id='par_1_1' title="bbox 178 281 887 346">
     <span class='ocr_line' id='line_1_1' title="bbox 178 281 887 346; baseline -0.004 0"><span class='ocrx_word' id='word_1_1' title='bbox 178 287 238 346; x_wconf 86' lang='grc'><strong>146</strong></span> <span class='ocrx_word' id='word_1_2' title='bbox 489 281 717 344; x_wconf 81' lang='lat' dir='ltr'><strong>DISTINOTIO</strong></span> <span class='ocrx_word' id='word_1_3' title='bbox 738 281 887 344; x_wconf 78' lang='lat' dir='ltr'><strong>TERTIA</strong></span> 
     </span>
    </p>
   </div>
   <div class='ocr_carea' id='block_1_2' title="bbox 56 403 1219 569">
    <p class='ocr_par' dir='ltr' id='par_1_2' title="bbox 56 403 1219 569">
     <span class='ocr_line' id='line_1_2' title="bbox 56 403 1219 494; baseline -0.002 -28"><span class='ocrx_word' id='word_1_4' title='bbox 56 419 58 432; x_wconf 90' lang='grc'><strong><em>·</em></strong></span> <span class='ocrx_word' id='word_1_5' title='bbox 175 406 335 466; x_wconf 86' lang='lat' dir='ltr'><strong>ooncubina</strong></span> <span class='ocrx_word' id='word_1_6' title='bbox 354 411 465 482; x_wconf 63' lang='lat' dir='ltr'><strong>vestrm</strong></span> <span class='ocrx_word' id='word_1_7' title='bbox 494 412 564 481; x_wconf 90' lang='lat' dir='ltr'><strong>puto</strong></span> <span class='ocrx_word' id='word_1_8' title='bbox 592 408 641 465; x_wconf 85' lang='lat' dir='ltr'><strong>vix</strong></span> <span class='ocrx_word' id='word_1_9' title='bbox 668 422 755 482; x_wconf 88' lang='lat' dir='ltr'><strong>posse</strong></span> <span class='ocrx_word' id='word_1_10' title='bbox 787 405 848 494; x_wconf 70' lang='lat' dir='ltr'><strong>sieri</strong></span> <span class='ocrx_word' id='word_1_11' title='bbox 881 407 950 482; x_wconf 91' lang='lat' dir='ltr'><strong>quin</strong></span> <span class='ocrx_word' id='word_1_12' title='bbox 970 403 1019 467; x_wconf 90' lang='lat' dir='ltr'><strong>ills</strong></span> <span class='ocrx_word' id='word_1_13' title='bbox 1040 403 1219 468; x_wconf 79' lang='lat' dir='ltr'><strong>turbaretur.</strong></span> 
     </span>
     <span class='ocr_line' id='line_1_3' title="bbox 174 491 909 569; baseline 0 -17"><span class='ocrx_word' id='word_1_14' title='bbox 174 491 377 553; x_wconf 80' lang='lat' dir='ltr'>NOVICIUS:</span> <span class='ocrx_word' id='word_1_15' title='bbox 398 493 445 552; x_wconf 91' lang='lat' dir='ltr'><strong>De</strong></span> <span class='ocrx_word' id='word_1_16' title='bbox 467 491 523 552; x_wconf 93' lang='lat' dir='ltr'><strong>hoc</strong></span> <span class='ocrx_word' id='word_1_17' title='bbox 544 492 613 551; x_wconf 90' lang='lat' dir='ltr'><strong>mihi</strong></span> <span class='ocrx_word' id='word_1_18' title='bbox 636 491 714 552; x_wconf 87' lang='lat' dir='ltr'><strong>dicas</strong></span> <span class='ocrx_word' id='word_1_19' title='bbox 737 493 909 569; x_wconf 88' lang='lat' dir='ltr'><strong>exemplum.</strong></span> 
     </span>
    </p>
   </div>
   <div class='ocr_carea' id='block_1_3' title="bbox 470 661 881 744">
    <p class='ocr_par' dir='ltr' id='par_1_3' title="bbox 470 661 881 744">
     <span class='ocr_line' id='line_1_4' title="bbox 470 661 881 744; baseline 0 0"><span class='ocrx_word' id='word_1_20' title='bbox 470 661 473 666; x_wconf 80' lang='grc'><strong>’</strong></span> <span class='ocrx_word' id='word_1_21' title='bbox 507 682 741 744; x_wconf 82' lang='lat' dir='ltr'><strong>cnrmmrm</strong></span> <span class='ocrx_word' id='word_1_22' title='bbox 759 683 881 744; x_wconf 75' lang='lat' dir='ltr'><strong>xrrrx.</strong></span> 
     </span>
    </p>
   </div>
   <div class='ocr_carea' id='block_1_4' title="bbox 78 805 1222 952">
    <p class='ocr_par' dir='ltr' id='par_1_4' title="bbox 78 805 1222 952">
     <span class='ocr_line' id='line_1_5' title="bbox 78 805 1222 896; baseline 0 -32"><span class='ocrx_word' id='word_1_23' title='bbox 78 881 82 896; x_wconf 90' lang='lat'><strong>.</strong></span> <span class='ocrx_word' id='word_1_24' title='bbox 173 807 221 864; x_wconf 89' lang='lat' dir='ltr'><strong>Dc</strong></span> <span class='ocrx_word' id='word_1_25' title='bbox 235 806 338 864; x_wconf 80' lang='lat' dir='ltr'><strong>clerico</strong></span> <span class='ocrx_word' id='word_1_26' title='bbox 353 805 527 879; x_wconf 54' lang='lat' dir='ltr'><strong>&amp;sanaret</strong></span> <span class='ocrx_word' id='word_1_27' title='bbox 550 808 603 882; x_wconf 83' lang='lat' dir='ltr'><strong>qui</strong></span> <span class='ocrx_word' id='word_1_28' title='bbox 618 806 773 882; x_wconf 75' lang='lat' dir='ltr'><strong>confessus</strong></span> <span class='ocrx_word' id='word_1_29' title='bbox 795 812 838 865; x_wconf 85' lang='lat' dir='ltr'><strong>cst</strong></span> <span class='ocrx_word' id='word_1_30' title='bbox 858 805 1010 880; x_wconf 62' lang='lat' dir='ltr'><strong>amadati,</strong></span> <span class='ocrx_word' id='word_1_31' title='bbox 1032 821 1063 864; x_wconf 85' lang='lat' dir='ltr'><strong>oe</strong></span> <span class='ocrx_word' id='word_1_32' title='bbox 1075 821 1222 881; x_wconf 81' lang='lat' dir='ltr'><strong>peccasse</strong></span> 
     </span>
     <span class='ocr_line' id='line_1_6' title="bbox 528 889 868 952; baseline -0.003 0"><span class='ocrx_word' id='word_1_33' title='bbox 528 911 596 952; x_wconf 84' lang='lat' dir='ltr'><strong>cum</strong></span> <span class='ocrx_word' id='word_1_34' title='bbox 618 889 868 952; x_wconf 74' lang='lat' dir='ltr'><strong>corwabioo‘sua.</strong></span> 
     </span>
    </p>
   </div>
   <div class='ocr_carea' id='block_1_5' title="bbox 62 1026 1268 3362">
    <p class='ocr_par' dir='ltr' id='par_1_5' title="bbox 171 1026 1223 1800">
     <span class='ocr_line' id='line_1_7' title="bbox 237 1026 1223 1106; baseline -0.002 -16"><span class='ocrx_word' id='word_1_35' title='bbox 237 1026 472 1090; x_wconf 82' lang='lat' dir='ltr'><strong>MONACHUS:</strong></span> <span class='ocrx_word' id='word_1_36' title='bbox 500 1029 647 1090; x_wconf 77' lang='lat' dir='ltr'><strong>¹Sacerdos</strong></span> <span class='ocrx_word' id='word_1_37' title='bbox 670 1029 787 1106; x_wconf 88' lang='lat' dir='ltr'><strong>quidam</strong></span> <span class='ocrx_word' id='word_1_38' title='bbox 808 1032 838 1088; x_wconf 91' lang='lat' dir='ltr'><strong>in</strong></span> <span class='ocrx_word' id='word_1_39' title='bbox 859 1029 979 1090; x_wconf 83' lang='lat' dir='ltr'><strong>Susacia</strong></span> <span class='ocrx_word' id='word_1_40' title='bbox 1005 1027 1108 1089; x_wconf 86' lang='lat' dir='ltr'><strong>habuit</strong></span> <span class='ocrx_word' id='word_1_41' title='bbox 1141 1045 1223 1088; x_wconf 91' lang='lat' dir='ltr'><strong>con-</strong></span> 
     </span>
     <span class='ocr_line' id='line_1_8' title="bbox 174 1114 1223 1193; baseline -0.003 -15"><span class='ocrx_word' id='word_1_42' title='bbox 174 1119 323 1192; x_wconf 87' lang='lat' dir='ltr'><strong>cubinam,</strong></span> <span class='ocrx_word' id='word_1_43' title='bbox 356 1132 444 1192; x_wconf 88' lang='lat' dir='ltr'><strong>quam</strong></span> <span class='ocrx_word' id='word_1_44' title='bbox 466 1117 632 1177; x_wconf 83' lang='lat' dir='ltr'>adolescens</span> <span class='ocrx_word' id='word_1_45' title='bbox 656 1117 771 1193; x_wconf 88' lang='lat' dir='ltr'><strong>quidam</strong></span> <span class='ocrx_word' id='word_1_46' title='bbox 793 1119 997 1192; x_wconf 81' lang='lat' dir='ltr'><strong>concupiscens</strong></span> <span class='ocrx_word' id='word_1_47' title='bbox 1020 1133 1085 1176; x_wconf 90' lang='lat' dir='ltr'><strong>cnm</strong></span> <span class='ocrx_word' id='word_1_48' title='bbox 1109 1114 1223 1176; x_wconf 88' lang='lat' dir='ltr'><strong>eadem</strong></span> 
     </span>
     <span class='ocr_line' id='line_1_9' title="bbox 172 1201 1223 1281; baseline -0.001 -18"><span class='ocrx_word' id='word_1_49' title='bbox 172 1206 312 1280; x_wconf 84' lang='lat' dir='ltr'><strong>peccavit</strong></span> <span class='ocrx_word' id='word_1_50' title='bbox 355 1203 390 1261; x_wconf 91' lang='lat' dir='ltr'><strong>In</strong></span> <span class='ocrx_word' id='word_1_51' title='bbox 413 1203 640 1281; x_wconf 86' lang='lat' dir='ltr'><strong>Quadragesima</strong></span> <span class='ocrx_word' id='word_1_52' title='bbox 661 1222 729 1272; x_wconf 89' lang='lat' dir='ltr'><strong>vero</strong></span> <span class='ocrx_word' id='word_1_53' title='bbox 752 1204 789 1264; x_wconf 88' lang='lat' dir='ltr'><strong>ad</strong></span> <span class='ocrx_word' id='word_1_54' title='bbox 812 1203 935 1264; x_wconf 87' lang='lat' dir='ltr'><strong>cundem</strong></span> <span class='ocrx_word' id='word_1_55' title='bbox 956 1201 1137 1262; x_wconf 82' lang='lat' dir='ltr'><strong>sacerdotem</strong></span> <span class='ocrx_word' id='word_1_56' title='bbox 1161 1221 1223 1262; x_wconf 83' lang='lat' dir='ltr'><strong>ve-</strong></span> 
     </span>
     <span class='ocr_line' id='line_1_10' title="bbox 172 1290 1223 1366; baseline 0 -17"><span class='ocrx_word' id='word_1_57' title='bbox 172 1293 261 1366; x_wconf 90' lang='lat' dir='ltr'><strong>niens,</strong></span> <span class='ocrx_word' id='word_1_58' title='bbox 284 1290 429 1350; x_wconf 85' lang='lat' dir='ltr'><strong>consessus</strong></span> <span class='ocrx_word' id='word_1_59' title='bbox 452 1298 495 1349; x_wconf 90' lang='lat' dir='ltr'><strong>est</strong></span> <span class='ocrx_word' id='word_1_60' title='bbox 515 1298 676 1366; x_wconf 88' lang='lat' dir='ltr'><strong>peccatum,</strong></span> <span class='ocrx_word' id='word_1_61' title='bbox 698 1291 781 1350; x_wconf 89' lang='lat' dir='ltr'><strong>simul</strong></span> <span class='ocrx_word' id='word_1_62' title='bbox 803 1297 832 1350; x_wconf 94' lang='lat' dir='ltr'><strong>et</strong></span> <span class='ocrx_word' id='word_1_63' title='bbox 852 1307 1013 1366; x_wconf 88' lang='lat' dir='ltr'><strong>personam.</strong></span> <span class='ocrx_word' id='word_1_64' title='bbox 1046 1290 1134 1366; x_wconf 87' lang='lat' dir='ltr'><strong>Quod</strong></span> <span class='ocrx_word' id='word_1_65' title='bbox 1147 1307 1223 1349; x_wconf 91' lang='lat' dir='ltr'><strong>eum</strong></span> 
     </span>
     <span class='ocr_line' id='line_1_11' title="bbox 172 1375 1222 1456; baseline 0.001 -20"><span class='ocrx_word' id='word_1_66' title='bbox 172 1378 299 1437; x_wconf 83' lang='lat' dir='ltr'><strong>audisset</strong></span> <span class='ocrx_word' id='word_1_67' title='bbox 320 1377 461 1451; x_wconf 85' lang='lat' dir='ltr'><strong>sacerdos,</strong></span> <span class='ocrx_word' id='word_1_68' title='bbox 483 1377 614 1437; x_wconf 85' lang='lat' dir='ltr'><strong>turbatus</strong></span> <span class='ocrx_word' id='word_1_69' title='bbox 638 1384 681 1437; x_wconf 90' lang='lat' dir='ltr'><strong>cst</strong></span> <span class='ocrx_word' id='word_1_70' title='bbox 701 1377 795 1453; x_wconf 86' lang='lat' dir='ltr'><strong>valde,</strong></span> <span class='ocrx_word' id='word_1_71' title='bbox 817 1383 846 1437; x_wconf 89' lang='lat' dir='ltr'><strong>et</strong></span> <span class='ocrx_word' id='word_1_72' title='bbox 867 1377 990 1438; x_wconf 86' lang='lat' dir='ltr'><strong>abillius</strong></span> <span class='ocrx_word' id='word_1_73' title='bbox 1005 1393 1191 1437; x_wconf 86' lang='lat' dir='ltr'><strong>eumamore</strong></span> <span class='ocrx_word' id='word_1_74' title='bbox 1203 1375 1222 1456; x_wconf 84' lang='lat'><strong>¹)</strong></span> 
     </span>
     <span class='ocr_line' id='line_1_12' title="bbox 172 1459 1223 1541; baseline 0 -18"><span class='ocrx_word' id='word_1_75' title='bbox 172 1463 338 1523; x_wconf 86' lang='lat' dir='ltr'><strong>abstrahere</strong></span> <span class='ocrx_word' id='word_1_76' title='bbox 361 1462 470 1539; x_wconf 87' lang='lat' dir='ltr'><strong>volens,</strong></span> <span class='ocrx_word' id='word_1_77' title='bbox 493 1463 589 1523; x_wconf 89' lang='lat' dir='ltr'><strong>durius</strong></span> <span class='ocrx_word' id='word_1_78' title='bbox 612 1466 713 1540; x_wconf 84' lang='lat' dir='ltr'><strong>arguit,</strong></span> <span class='ocrx_word' id='word_1_79' title='bbox 734 1469 886 1541; x_wconf 91' lang='lat' dir='ltr'><strong>peccatum</strong></span> <span class='ocrx_word' id='word_1_80' title='bbox 908 1459 1085 1541; x_wconf 75' lang='lat' dir='ltr'><strong>aggravavit,</strong></span> <span class='ocrx_word' id='word_1_81' title='bbox 1107 1465 1223 1538; x_wconf 93' lang='lat' dir='ltr'><strong>poeni-</strong></span> 
     </span>
     <span class='ocr_line' id='line_1_13' title="bbox 172 1549 1222 1626; baseline 0.002 -16"><span class='ocrx_word' id='word_1_82' title='bbox 172 1553 346 1626; x_wconf 88' lang='lat' dir='ltr'><strong>tentiamque</strong></span> <span class='ocrx_word' id='word_1_83' title='bbox 369 1549 469 1610; x_wconf 88' lang='lat' dir='ltr'><strong>duram</strong></span> <span class='ocrx_word' id='word_1_84' title='bbox 490 1553 573 1610; x_wconf 88' lang='lat' dir='ltr'><strong>nimis</strong></span> <span class='ocrx_word' id='word_1_85' title='bbox 595 1553 724 1609; x_wconf 82' lang='lat' dir='ltr'><strong>iniunxit.</strong></span> <span class='ocrx_word' id='word_1_86' title='bbox 766 1551 882 1610; x_wconf 87' lang='lat' dir='ltr'><strong>Rancor</strong></span> <span class='ocrx_word' id='word_1_87' title='bbox 908 1553 962 1610; x_wconf 89' lang='lat' dir='ltr'><strong>iste</strong></span> <span class='ocrx_word' id='word_1_88' title='bbox 990 1551 1050 1610; x_wconf 89' lang='lat' dir='ltr'><strong>sine</strong></span> <span class='ocrx_word' id='word_1_89' title='bbox 1082 1551 1222 1626; x_wconf 90' lang='lat' dir='ltr'><strong>periculo</strong></span> 
     </span>
     <span class='ocr_line' id='line_1_14' title="bbox 171 1635 1222 1714; baseline 0.002 -18"><span class='ocrx_word' id='word_1_90' title='bbox 171 1637 312 1697; x_wconf 81' lang='lat' dir='ltr'><strong>nonfuit.</strong></span> <span class='ocrx_word' id='word_1_91' title='bbox 355 1636 439 1697; x_wconf 87' lang='lat' dir='ltr'><strong>Unde</strong></span> <span class='ocrx_word' id='word_1_92' title='bbox 460 1639 583 1697; x_wconf 86' lang='lat' dir='ltr'><strong>invectio</strong></span> <span class='ocrx_word' id='word_1_93' title='bbox 606 1644 666 1696; x_wconf 89' lang='lat' dir='ltr'><strong>tam</strong></span> <span class='ocrx_word' id='word_1_94' title='bbox 688 1655 805 1713; x_wconf 90' lang='lat' dir='ltr'><strong>aspera,</strong></span> <span class='ocrx_word' id='word_1_95' title='bbox 834 1639 1008 1713; x_wconf 84' lang='lat' dir='ltr'><strong>poenitentia</strong></span> <span class='ocrx_word' id='word_1_96' title='bbox 1040 1643 1100 1696; x_wconf 90' lang='lat' dir='ltr'><strong>tam</strong></span> <span class='ocrx_word' id='word_1_97' title='bbox 1124 1635 1222 1714; x_wconf 88' lang='lat' dir='ltr'><strong>dura,</strong></span> 
     </span>
     <span class='ocr_line' id='line_1_15' title="bbox 171 1722 1222 1800; baseline 0.003 -17"><span class='ocrx_word' id='word_1_98' title='bbox 171 1726 225 1784; x_wconf 91' lang='lat' dir='ltr'><strong>nisi</strong></span> <span class='ocrx_word' id='word_1_99' title='bbox 255 1741 291 1783; x_wconf 88' lang='lat' dir='ltr'><strong>ex</strong></span> <span class='ocrx_word' id='word_1_100' title='bbox 317 1724 468 1800; x_wconf 85' lang='lat' dir='ltr'><strong>propalata</strong></span> <span class='ocrx_word' id='word_1_101' title='bbox 495 1723 640 1800; x_wconf 80' lang='lat' dir='ltr'><strong>persona?</strong></span> <span class='ocrx_word' id='word_1_102' title='bbox 683 1723 766 1784; x_wconf 89' lang='lat' dir='ltr'><strong>Haeo</strong></span> <span class='ocrx_word' id='word_1_103' title='bbox 795 1724 864 1784; x_wconf 93' lang='lat' dir='ltr'><strong>mihi</strong></span> <span class='ocrx_word' id='word_1_104' title='bbox 891 1722 987 1783; x_wconf 88' lang='lat' dir='ltr'><strong>retulit</strong></span> <span class='ocrx_word' id='word_1_105' title='bbox 1015 1723 1222 1791; x_wconf 80' lang='lat' dir='ltr'><strong>Theodericus</strong></span> 
     </span>
    </p>

    <p class='ocr_par' dir='ltr' id='par_1_6' title="bbox 62 1810 1268 3189">
     <span class='ocr_line' id='line_1_16' title="bbox 62 1810 1222 1895; baseline 0.001 -24"><span class='ocrx_word' id='word_1_106' title='bbox 62 1887 67 1895; x_wconf 34' lang='grc' dir='ltr'>Ι</span> <span class='ocrx_word' id='word_1_107' title='bbox 171 1811 349 1872; x_wconf 88' lang='lat' dir='ltr'><strong>Susaciensis</strong></span> <span class='ocrx_word' id='word_1_108' title='bbox 371 1810 530 1870; x_wconf 88' lang='lat' dir='ltr'><strong>monachus</strong></span> <span class='ocrx_word' id='word_1_109' title='bbox 551 1817 665 1887; x_wconf 89' lang='lat' dir='ltr'><strong>noster,</strong></span> <span class='ocrx_word' id='word_1_110' title='bbox 679 1813 728 1887; x_wconf 89' lang='lat' dir='ltr'><strong>qui</strong></span> <span class='ocrx_word' id='word_1_111' title='bbox 749 1819 902 1887; x_wconf 71' lang='lat' dir='ltr'><strong>unumque</strong></span> <span class='ocrx_word' id='word_1_112' title='bbox 919 1812 1008 1885; x_wconf 86' lang='lat' dir='ltr'><strong>novit,</strong></span> <span class='ocrx_word' id='word_1_113' title='bbox 1030 1811 1222 1872; x_wconf 85' lang='lat' dir='ltr'><strong>sacerdotem</strong></span> 
     </span>
     <span class='ocr_line' id='line_1_17' title="bbox 171 1895 1222 1978; baseline 0 -20"><span class='ocrx_word' id='word_1_114' title='bbox 171 1897 304 1958; x_wconf 85' lang='lat' dir='ltr'><strong>videlicet</strong></span> <span class='ocrx_word' id='word_1_115' title='bbox 312 1895 332 1978; x_wconf 86' lang='lat'><strong>²)</strong></span> <span class='ocrx_word' id='word_1_116' title='bbox 356 1903 385 1958; x_wconf 89' lang='lat' dir='ltr'><strong>et</strong></span> <span class='ocrx_word' id='word_1_117' title='bbox 406 1897 626 1974; x_wconf 82' lang='lat' dir='ltr'><strong>adolescentem.</strong></span> <span class='ocrx_word' id='word_1_118' title='bbox 669 1897 734 1958; x_wconf 90' lang='lat' dir='ltr'><strong>Non</strong></span> <span class='ocrx_word' id='word_1_119' title='bbox 757 1915 824 1976; x_wconf 82' lang='lat' dir='ltr'><strong>ergo</strong></span> <span class='ocrx_word' id='word_1_120' title='bbox 852 1897 973 1974; x_wconf 87' lang='lat' dir='ltr'><strong>prodere</strong></span> <span class='ocrx_word' id='word_1_121' title='bbox 1002 1897 1090 1957; x_wconf 87' lang='lat' dir='ltr'><strong>debet</strong></span> <span class='ocrx_word' id='word_1_122' title='bbox 1118 1899 1222 1959; x_wconf 88' lang='lat' dir='ltr'><strong>confi-</strong></span> 
     </span>
     <span class='ocr_line' id='line_1_18' title="bbox 170 1987 1222 2062; baseline 0.004 -18"><span class='ocrx_word' id='word_1_123' title='bbox 170 1992 233 2046; x_wconf 87' lang='lat' dir='ltr'><strong>tens</strong></span> <span class='ocrx_word' id='word_1_124' title='bbox 255 2001 407 2061; x_wconf 90' lang='lat' dir='ltr'><strong>personam</strong></span> <span class='ocrx_word' id='word_1_125' title='bbox 429 1987 540 2060; x_wconf 86' lang='lat' dir='ltr'><strong>peccati</strong></span> <span class='ocrx_word' id='word_1_126' title='bbox 563 1991 739 2059; x_wconf 87' lang='lat' dir='ltr'><strong>consortem,</strong></span> <span class='ocrx_word' id='word_1_127' title='bbox 762 2002 828 2045; x_wconf 92' lang='lat' dir='ltr'><strong>cum</strong></span> <span class='ocrx_word' id='word_1_128' title='bbox 849 1991 946 2044; x_wconf 85' lang='lat' dir='ltr'><strong>tamen</strong></span> <span class='ocrx_word' id='word_1_129' title='bbox 969 2001 1018 2059; x_wconf 90' lang='lat' dir='ltr'><strong>ea,</strong></span> <span class='ocrx_word' id='word_1_130' title='bbox 1041 2001 1116 2059; x_wconf 86' lang='lat' dir='ltr'><strong>quae</strong></span> <span class='ocrx_word' id='word_1_131' title='bbox 1139 2003 1222 2062; x_wconf 87' lang='lat' dir='ltr'><strong>pec-</strong></span> 
     </span>
     <span class='ocr_line' id='line_1_19' title="bbox 171 2067 1220 2151; baseline 0.002 -19"><span class='ocrx_word' id='word_1_132' title='bbox 171 2079 268 2132; x_wconf 89' lang='lat' dir='ltr'><strong>catum</strong></span> <span class='ocrx_word' id='word_1_133' title='bbox 298 2075 392 2147; x_wconf 92' lang='lat' dir='ltr'><strong>ipsum</strong></span> <span class='ocrx_word' id='word_1_134' title='bbox 408 2067 428 2151; x_wconf 85' lang='lat'><strong>³)</strong></span> <span class='ocrx_word' id='word_1_135' title='bbox 458 2077 635 2148; x_wconf 80' lang='lat' dir='ltr'><strong>aggravant,</strong></span> <span class='ocrx_word' id='word_1_136' title='bbox 668 2071 794 2131; x_wconf 82' lang='lat' dir='ltr'><strong>confiteri</strong></span> <span class='ocrx_word' id='word_1_137' title='bbox 823 2076 962 2131; x_wconf 89' lang='lat' dir='ltr'><strong>teneatur.</strong></span> <span class='ocrx_word' id='word_1_138' title='bbox 1004 2069 1220 2134; x_wconf 81' lang='lat' dir='ltr'><strong>NovleIUS:</strong></span> 
     </span>
     <span class='ocr_line' id='line_1_20' title="bbox 170 2155 1221 2234; baseline 0.001 -15"><span class='ocrx_word' id='word_1_139' title='bbox 170 2159 283 2219; x_wconf 91' lang='lat' dir='ltr'><strong>Vellem</strong></span> <span class='ocrx_word' id='word_1_140' title='bbox 304 2159 404 2217; x_wconf 79' lang='lat' dir='ltr'><strong>instari</strong></span> <span class='ocrx_word' id='word_1_141' title='bbox 426 2157 570 2234; x_wconf 87' lang='lat' dir='ltr'><strong>quomodo</strong></span> <span class='ocrx_word' id='word_1_142' title='bbox 593 2158 686 2219; x_wconf 90' lang='lat' dir='ltr'><strong>dicere</strong></span> <span class='ocrx_word' id='word_1_143' title='bbox 710 2156 835 2218; x_wconf 86' lang='lat' dir='ltr'><strong>deberet.</strong></span> <span class='ocrx_word' id='word_1_144' title='bbox 878 2155 1120 2219; x_wconf 83' lang='lat' dir='ltr'><strong>MONAOHUS:</strong></span> <span class='ocrx_word' id='word_1_145' title='bbox 1143 2159 1221 2220; x_wconf 90' lang='lat' dir='ltr'><strong>Hu-</strong></span> 
     </span>
     <span class='ocr_line' id='line_1_21' title="bbox 169 2245 1221 2322; baseline 0.004 -19"><span class='ocrx_word' id='word_1_146' title='bbox 169 2245 293 2304; x_wconf 91' lang='lat' dir='ltr'><strong>iusmodi</strong></span> <span class='ocrx_word' id='word_1_147' title='bbox 313 2245 434 2304; x_wconf 83' lang='lat' dir='ltr'><strong>sormam</strong></span> <span class='ocrx_word' id='word_1_148' title='bbox 454 2253 553 2321; x_wconf 90' lang='lat' dir='ltr'><strong>posset</strong></span> <span class='ocrx_word' id='word_1_149' title='bbox 574 2262 704 2305; x_wconf 84' lang='lat' dir='ltr'><strong>serrare:</strong></span> <span class='ocrx_word' id='word_1_150' title='bbox 735 2246 876 2319; x_wconf 90' lang='lat' dir='ltr'><strong>Domine,</strong></span> <span class='ocrx_word' id='word_1_151' title='bbox 909 2261 963 2322; x_wconf 86' lang='lat' dir='ltr'><strong>ego</strong></span> <span class='ocrx_word' id='word_1_152' title='bbox 993 2247 1115 2320; x_wconf 86' lang='lat' dir='ltr'><strong>peccavi</strong></span> <span class='ocrx_word' id='word_1_153' title='bbox 1146 2263 1221 2307; x_wconf 89' lang='lat' dir='ltr'><strong>cum</strong></span> 
     </span>
     <span class='ocr_line' id='line_1_22' title="bbox 170 2331 1220 2412; baseline 0.003 -21"><span class='ocrx_word' id='word_1_154' title='bbox 170 2333 306 2409; x_wconf 84' lang='lat' dir='ltr'><strong>legitima,</strong></span> <span class='ocrx_word' id='word_1_155' title='bbox 328 2331 496 2406; x_wconf 88' lang='lat' dir='ltr'><strong>concubina,</strong></span> <span class='ocrx_word' id='word_1_156' title='bbox 517 2331 577 2391; x_wconf 85' lang='lat' dir='ltr'><strong>filia</strong></span> <span class='ocrx_word' id='word_1_157' title='bbox 596 2332 645 2392; x_wconf 87' lang='lat' dir='ltr'><strong>vel</strong></span> <span class='ocrx_word' id='word_1_158' title='bbox 665 2348 762 2392; x_wconf 89' lang='lat' dir='ltr'><strong>sorore</strong></span> <span class='ocrx_word' id='word_1_159' title='bbox 784 2331 934 2393; x_wconf 84' lang='lat' dir='ltr'><strong>cuiusdam</strong></span> <span class='ocrx_word' id='word_1_160' title='bbox 963 2332 1085 2408; x_wconf 84' lang='lat' dir='ltr'><strong>cognati,</strong></span> <span class='ocrx_word' id='word_1_161' title='bbox 1107 2333 1220 2412; x_wconf 86' lang='lat' dir='ltr'><strong>affinis,</strong></span> 
     </span>
     <span class='ocr_line' id='line_1_23' title="bbox 170 2417 1219 2495; baseline 0.004 -17"><span class='ocrx_word' id='word_1_162' title='bbox 170 2421 255 2479; x_wconf 87' lang='lat' dir='ltr'><strong>amici</strong></span> <span class='ocrx_word' id='word_1_163' title='bbox 276 2417 323 2476; x_wconf 88' lang='lat' dir='ltr'><strong>vel</strong></span> <span class='ocrx_word' id='word_1_164' title='bbox 344 2420 449 2477; x_wconf 90' lang='lat' dir='ltr'><strong>inimici</strong></span> <span class='ocrx_word' id='word_1_165' title='bbox 470 2421 535 2494; x_wconf 91' lang='lat' dir='ltr'><strong>mei,</strong></span> <span class='ocrx_word' id='word_1_166' title='bbox 557 2419 625 2478; x_wconf 83' lang='lat' dir='ltr'><strong>solis</strong></span> <span class='ocrx_word' id='word_1_167' title='bbox 645 2421 772 2494; x_wconf 87' lang='lat' dir='ltr'><strong>peccatis</strong></span> <span class='ocrx_word' id='word_1_168' title='bbox 793 2421 864 2478; x_wconf 88' lang='lat' dir='ltr'><strong>meis</strong></span> <span class='ocrx_word' id='word_1_169' title='bbox 886 2418 1162 2495; x_wconf 70' lang='lat' dir='ltr'><strong>exigentibus„sive</strong></span> <span class='ocrx_word' id='word_1_170' title='bbox 1175 2423 1219 2482; x_wconf 87' lang='lat' dir='ltr'><strong>ab</strong></span> 
     </span>
     <span class='ocr_line' id='line_1_24' title="bbox 169 2505 1268 2584; baseline 0.005 -21"><span class='ocrx_word' id='word_1_171' title='bbox 169 2505 218 2564; x_wconf 86' lang='lat' dir='ltr'><strong>illa</strong></span> <span class='ocrx_word' id='word_1_172' title='bbox 238 2505 381 2564; x_wconf 88' lang='lat' dir='ltr'><strong>inductus.</strong></span> <span class='ocrx_word' id='word_1_173' title='bbox 423 2505 461 2564; x_wconf 87' lang='lat' dir='ltr'><strong>Et</strong></span> <span class='ocrx_word' id='word_1_174' title='bbox 482 2507 511 2564; x_wconf 92' lang='lat' dir='ltr'><strong>in</strong></span> <span class='ocrx_word' id='word_1_175' title='bbox 532 2505 609 2565; x_wconf 92' lang='lat' dir='ltr'><strong>hunc</strong></span> <span class='ocrx_word' id='word_1_176' title='bbox 631 2505 749 2566; x_wconf 92' lang='lat' dir='ltr'><strong>modum</strong></span> <span class='ocrx_word' id='word_1_177' title='bbox 778 2505 814 2565; x_wconf 91' lang='lat' dir='ltr'><strong>de</strong></span> <span class='ocrx_word' id='word_1_178' title='bbox 847 2507 949 2564; x_wconf 88' lang='lat' dir='ltr'><strong>ceteris</strong></span> <span class='ocrx_word' id='word_1_179' title='bbox 976 2505 1119 2581; x_wconf 89' lang='lat' dir='ltr'><strong>peccatis,</strong></span> <span class='ocrx_word' id='word_1_180' title='bbox 1149 2509 1220 2569; x_wconf 84' lang='lat' dir='ltr'><strong>sive</strong></span> <span class='ocrx_word' id='word_1_181' title='bbox 1267 2581 1268 2584; x_wconf 8' lang='grc' dir='ltr'><strong>Ἴ</strong></span> 
     </span>
     <span class='ocr_line' id='line_1_25' title="bbox 170 2590 1268 2667; baseline 0.003 -16"><span class='ocrx_word' id='word_1_182' title='bbox 170 2590 295 2652; x_wconf 88' lang='lat' dir='ltr'><strong>camalia</strong></span> <span class='ocrx_word' id='word_1_183' title='bbox 317 2593 380 2666; x_wconf 87' lang='lat' dir='ltr'><strong>sint,</strong></span> <span class='ocrx_word' id='word_1_184' title='bbox 402 2593 464 2651; x_wconf 87' lang='lat' dir='ltr'><strong>sive</strong></span> <span class='ocrx_word' id='word_1_185' title='bbox 487 2592 651 2667; x_wconf 87' lang='lat' dir='ltr'><strong>spiritualia.</strong></span> <span class='ocrx_word' id='word_1_186' title='bbox 695 2592 735 2650; x_wconf 90' lang='lat' dir='ltr'><strong>In</strong></span> <span class='ocrx_word' id='word_1_187' title='bbox 750 2592 827 2651; x_wconf 91' lang='lat' dir='ltr'><strong>hunc</strong></span> <span class='ocrx_word' id='word_1_188' title='bbox 848 2591 966 2650; x_wconf 91' lang='lat' dir='ltr'><strong>modum</strong></span> <span class='ocrx_word' id='word_1_189' title='bbox 988 2598 1017 2651; x_wconf 90' lang='lat' dir='ltr'><strong>et</strong></span> <span class='ocrx_word' id='word_1_190' title='bbox 1038 2591 1146 2652; x_wconf 86' lang='lat' dir='ltr'><strong>semina</strong></span> <span class='ocrx_word' id='word_1_191' title='bbox 1166 2594 1220 2654; x_wconf 91' lang='lat' dir='ltr'><strong>di·</strong></span> <span class='ocrx_word' id='word_1_192' title='bbox 1267 2633 1268 2638; x_wconf 22' lang='grc' dir='ltr'><strong><em>κ</em></strong></span> 
     </span>
     <span class='ocr_line' id='line_1_26' title="bbox 169 2678 1220 2754; baseline 0.002 -16"><span class='ocrx_word' id='word_1_193' title='bbox 169 2685 224 2738; x_wconf 87' lang='lat' dir='ltr'><strong>cat.</strong></span> <span class='ocrx_word' id='word_1_194' title='bbox 270 2678 420 2754; x_wconf 83' lang='lat' dir='ltr'><strong>Quaedam</strong></span> <span class='ocrx_word' id='word_1_195' title='bbox 441 2685 538 2737; x_wconf 91' lang='lat' dir='ltr'><strong>tamen</strong></span> <span class='ocrx_word' id='word_1_196' title='bbox 559 2685 680 2754; x_wconf 85' lang='lat' dir='ltr'><strong>peccata</strong></span> <span class='ocrx_word' id='word_1_197' title='bbox 702 2682 742 2738; x_wconf 91' lang='lat' dir='ltr'><strong>sio</strong></span> <span class='ocrx_word' id='word_1_198' title='bbox 764 2681 993 2754; x_wconf 71' lang='lat' dir='ltr'><strong>committimur,</strong></span> <span class='ocrx_word' id='word_1_199' title='bbox 1021 2683 1054 2737; x_wconf 89' lang='lat' dir='ltr'><strong>ut</strong></span> <span class='ocrx_word' id='word_1_200' title='bbox 1082 2681 1134 2737; x_wconf 85' lang='lat' dir='ltr'><strong>vix</strong></span> <span class='ocrx_word' id='word_1_201' title='bbox 1159 2698 1220 2740; x_wconf 84' lang='lat' dir='ltr'><strong>ex-</strong></span> 
     </span>
     <span class='ocr_line' id='line_1_27' title="bbox 168 2763 1219 2842; baseline 0.007 -19"><span class='ocrx_word' id='word_1_202' title='bbox 168 2766 251 2842; x_wconf 86' lang='lat' dir='ltr'><strong>primi</strong></span> <span class='ocrx_word' id='word_1_203' title='bbox 271 2764 395 2840; x_wconf 86' lang='lat' dir='ltr'><strong>valeant,</strong></span> <span class='ocrx_word' id='word_1_204' title='bbox 418 2767 472 2824; x_wconf 90' lang='lat' dir='ltr'><strong>nisi</strong></span> <span class='ocrx_word' id='word_1_205' title='bbox 494 2766 640 2825; x_wconf 88' lang='lat' dir='ltr'><strong>confessor</strong></span> <span class='ocrx_word' id='word_1_206' title='bbox 663 2765 698 2825; x_wconf 91' lang='lat' dir='ltr'><strong>de</strong></span> <span class='ocrx_word' id='word_1_207' title='bbox 719 2783 842 2841; x_wconf 88' lang='lat' dir='ltr'><strong>persona</strong></span> <span class='ocrx_word' id='word_1_208' title='bbox 863 2764 1011 2842; x_wconf 85' lang='lat' dir='ltr'><strong>intelligat</strong></span> <span class='ocrx_word' id='word_1_209' title='bbox 1053 2763 1119 2825; x_wconf 91' lang='lat' dir='ltr'><strong>Non</strong></span> <span class='ocrx_word' id='word_1_210' title='bbox 1143 2768 1219 2830; x_wconf 87' lang='lat' dir='ltr'><strong>inde</strong></span> 
     </span>
     <span class='ocr_line' id='line_1_28' title="bbox 168 2850 1219 2928; baseline 0.004 -17"><span class='ocrx_word' id='word_1_211' title='bbox 168 2852 289 2911; x_wconf 86' lang='lat' dir='ltr'><strong>multum</strong></span> <span class='ocrx_word' id='word_1_212' title='bbox 323 2852 481 2911; x_wconf 90' lang='lat' dir='ltr'><strong>curandum</strong></span> <span class='ocrx_word' id='word_1_213' title='bbox 514 2857 565 2911; x_wconf 89' lang='lat' dir='ltr'><strong>est.</strong></span> <span class='ocrx_word' id='word_1_214' title='bbox 614 2850 818 2912; x_wconf 85' lang='lat' dir='ltr'><strong>NOVIGIUS:</strong></span> <span class='ocrx_word' id='word_1_215' title='bbox 863 2852 939 2928; x_wconf 87' lang='lat' dir='ltr'><strong>Quid</strong></span> <span class='ocrx_word' id='word_1_216' title='bbox 967 2853 991 2911; x_wconf 89' lang='lat' dir='ltr'><strong>si</strong></span> <span class='ocrx_word' id='word_1_217' title='bbox 1020 2851 1076 2911; x_wconf 90' lang='lat' dir='ltr'><strong>duo</strong></span> <span class='ocrx_word' id='word_1_218' title='bbox 1107 2861 1219 2916; x_wconf 89' lang='lat' dir='ltr'><strong>contra</strong></span> 
     </span>
     <span class='ocr_line' id='line_1_29' title="bbox 168 2937 1219 3020; baseline 0.002 -21"><span class='ocrx_word' id='word_1_219' title='bbox 168 2955 253 3000; x_wconf 90' lang='lat' dir='ltr'><strong>suum</strong></span> <span class='ocrx_word' id='word_1_220' title='bbox 288 2939 448 3020; x_wconf 85' lang='lat' dir='ltr'><strong>praelatum</strong></span> <span class='ocrx_word' id='word_1_221' title='bbox 483 2939 690 3014; x_wconf 87' lang='lat' dir='ltr'><strong>conspirarent,</strong></span> <span class='ocrx_word' id='word_1_222' title='bbox 724 2944 752 2998; x_wconf 90' lang='lat' dir='ltr'><strong>et</strong></span> <span class='ocrx_word' id='word_1_223' title='bbox 780 2955 854 2996; x_wconf 88' lang='lat' dir='ltr'><strong>unus</strong></span> <span class='ocrx_word' id='word_1_224' title='bbox 887 2937 1013 2998; x_wconf 89' lang='lat' dir='ltr'><strong>illomm·</strong></span> <span class='ocrx_word' id='word_1_225' title='bbox 1031 2941 1219 3015; x_wconf 86' lang='lat' dir='ltr'><strong>poenitentia</strong></span> 
     </span>
     <span class='ocr_line' id='line_1_30' title="bbox 168 3024 1216 3108; baseline 0.001 -22"><span class='ocrx_word' id='word_1_226' title='bbox 168 3027 279 3101; x_wconf 89' lang='lat' dir='ltr'><strong>ductus,</strong></span> <span class='ocrx_word' id='word_1_227' title='bbox 301 3033 453 3103; x_wconf 90' lang='lat' dir='ltr'><strong>peccatum</strong></span> <span class='ocrx_word' id='word_1_228' title='bbox 475 3043 559 3084; x_wconf 89' lang='lat' dir='ltr'><strong>suum</strong></span> <span class='ocrx_word' id='word_1_229' title='bbox 582 3026 674 3085; x_wconf 88' lang='lat' dir='ltr'><strong>eidem</strong></span> <span class='ocrx_word' id='word_1_230' title='bbox 695 3024 823 3106; x_wconf 87' lang='lat' dir='ltr'><strong>praelato</strong></span> <span class='ocrx_word' id='word_1_231' title='bbox 847 3025 1036 3101; x_wconf 88' lang='lat' dir='ltr'><strong>confiteretur,</strong></span> <span class='ocrx_word' id='word_1_232' title='bbox 1058 3025 1216 3108; x_wconf 80' lang='lat' dir='ltr'><strong>deberet⁴)</strong></span> 
     </span>
     <span class='ocr_line' id='line_1_31' title="bbox 167 3108 1267 3189; baseline 0.004 -16"><span class='ocrx_word' id='word_1_233' title='bbox 167 3113 289 3174; x_wconf 85' lang='lat' dir='ltr'><strong>alterum</strong></span> <span class='ocrx_word' id='word_1_234' title='bbox 317 3113 453 3189; x_wconf 89' lang='lat' dir='ltr'><strong>prodere,</strong></span> <span class='ocrx_word' id='word_1_235' title='bbox 485 3124 523 3171; x_wconf 89' lang='lat' dir='ltr'><strong>an</strong></span> <span class='ocrx_word' id='word_1_236' title='bbox 549 3111 627 3172; x_wconf 79' lang='lat' dir='ltr'><strong>noni</strong></span> <span class='ocrx_word' id='word_1_237' title='bbox 670 3108 904 3172; x_wconf 81' lang='lat' dir='ltr'><strong>MONACHUS:</strong></span> <span class='ocrx_word' id='word_1_238' title='bbox 936 3111 1030 3172; x_wconf 87' lang='lat' dir='ltr'><strong>Video</strong></span> <span class='ocrx_word' id='word_1_239' title='bbox 1061 3129 1098 3172; x_wconf 84' lang='lat' dir='ltr'><strong>ex</strong></span> <span class='ocrx_word' id='word_1_240' title='bbox 1131 3119 1218 3174; x_wconf 90' lang='lat' dir='ltr'><strong>omni</strong></span> <span class='ocrx_word' id='word_1_241' title='bbox 1266 3129 1267 3177; x_wconf 76' lang='lat' dir='ltr'><strong>i</strong></span> 
     </span>
    </p>

    <p class='ocr_par' dir='ltr' id='par_1_7' title="bbox 82 3197 1216 3362">
     <span class='ocr_line' id='line_1_32' title="bbox 82 3197 1216 3282; baseline 0.003 -24"><span class='ocrx_word' id='word_1_242' title='bbox 82 3245 85 3258; x_wconf 82' lang='lat'><strong>.</strong></span> <span class='ocrx_word' id='word_1_243' title='bbox 167 3206 249 3277; x_wconf 89' lang='lat' dir='ltr'><strong>parte</strong></span> <span class='ocrx_word' id='word_1_244' title='bbox 271 3199 438 3278; x_wconf 85' lang='lat' dir='ltr'><strong>periculum.</strong></span> <span class='ocrx_word' id='word_1_245' title='bbox 481 3197 512 3258; x_wconf 83' lang='lat' dir='ltr'><strong>Si</strong></span> <span class='ocrx_word' id='word_1_246' title='bbox 533 3216 591 3258; x_wconf 91' lang='lat' dir='ltr'><strong>non</strong></span> <span class='ocrx_word' id='word_1_247' title='bbox 612 3198 745 3275; x_wconf 89' lang='lat' dir='ltr'><strong>proderet</strong></span> <span class='ocrx_word' id='word_1_248' title='bbox 765 3215 933 3274; x_wconf 87' lang='lat' dir='ltr'><strong>personam,</strong></span> <span class='ocrx_word' id='word_1_249' title='bbox 961 3199 1107 3282; x_wconf 73' lang='lat' dir='ltr'><strong>praelatus</strong></span> <span class='ocrx_word' id='word_1_250' title='bbox 1129 3204 1216 3278; x_wconf 89' lang='lat' dir='ltr'><strong>peri-</strong></span> 
     </span>
     <span class='ocr_line' id='line_1_33' title="bbox 168 3284 1216 3362; baseline 0.002 -15"><span class='ocrx_word' id='word_1_251' title='bbox 168 3287 259 3347; x_wconf 86' lang='lat' dir='ltr'><strong>clitari</strong></span> <span class='ocrx_word' id='word_1_252' title='bbox 279 3292 392 3362; x_wconf 82' lang='lat' dir='ltr'><strong>posset3</strong></span> <span class='ocrx_word' id='word_1_253' title='bbox 426 3288 450 3346; x_wconf 88' lang='lat' dir='ltr'><strong>si</strong></span> <span class='ocrx_word' id='word_1_254' title='bbox 479 3301 548 3345; x_wconf 86' lang='lat' dir='ltr'><strong>voro</strong></span> <span class='ocrx_word' id='word_1_255' title='bbox 580 3285 728 3362; x_wconf 85' lang='lat' dir='ltr'><strong>proderet,</strong></span> <span class='ocrx_word' id='word_1_256' title='bbox 760 3285 832 3344; x_wconf 81' lang='lat' dir='ltr'><strong>torte</strong></span> <span class='ocrx_word' id='word_1_257' title='bbox 853 3291 1024 3361; x_wconf 87' lang='lat' dir='ltr'><strong>perpetuum</strong></span> <span class='ocrx_word' id='word_1_258' title='bbox 1045 3284 1086 3344; x_wconf 93' lang='lat' dir='ltr'><strong>illi</strong></span> <span class='ocrx_word' id='word_1_259' title='bbox 1108 3286 1216 3349; x_wconf 88' lang='lat' dir='ltr'><strong>odium</strong></span> 
     </span>
    </p>
   </div>
   <div class='ocr_carea' id='block_1_6' title="bbox 167 3371 1266 3521">
    <p class='ocr_par' dir='ltr' id='par_1_8' title="bbox 167 3371 1266 3521">
     <span class='ocr_line' id='line_1_34' title="bbox 167 3371 1215 3450; baseline 0.004 -18"><span class='ocrx_word' id='word_1_260' title='bbox 167 3373 305 3434; x_wconf 85' lang='lat' dir='ltr'><strong>adversus</strong></span> <span class='ocrx_word' id='word_1_261' title='bbox 327 3374 551 3448; x_wconf 84' lang='lat' dir='ltr'><strong>conspiratorem</strong></span> <span class='ocrx_word' id='word_1_262' title='bbox 572 3374 730 3432; x_wconf 81' lang='lat' dir='ltr'><strong>suscitaret.</strong></span> <span class='ocrx_word' id='word_1_263' title='bbox 772 3371 851 3432; x_wconf 87' lang='lat' dir='ltr'><strong>Audi</strong></span> <span class='ocrx_word' id='word_1_264' title='bbox 884 3373 1046 3450; x_wconf 87' lang='lat' dir='ltr'><strong>exemplum</strong></span> <span class='ocrx_word' id='word_1_265' title='bbox 1067 3371 1107 3434; x_wconf 86' lang='lat' dir='ltr'><strong>ad</strong></span> <span class='ocrx_word' id='word_1_266' title='bbox 1137 3391 1215 3436; x_wconf 89' lang='lat' dir='ltr'><strong>cau-</strong></span> 
     </span>
     <span class='ocr_line' id='line_1_35' title="bbox 167 3461 1266 3521; baseline -0.005 -3"><span class='ocrx_word' id='word_1_267' title='bbox 167 3461 255 3521; x_wconf 86' lang='lat' dir='ltr'><strong>telam</strong></span> <span class='ocrx_word' id='word_1_268' title='bbox 276 3462 346 3520; x_wconf 89' lang='lat' dir='ltr'><strong>satis</strong></span> <span class='ocrx_word' id='word_1_269' title='bbox 367 3461 568 3520; x_wconf 90' lang='lat' dir='ltr'><strong>necessarium.</strong></span> <span class='ocrx_word' id='word_1_270' title='bbox 1265 3471 1266 3478; x_wconf 50' lang='lat'>¹</span> 
     </span>
    </p>
   </div>
   <div class='ocr_carea' id='block_1_7' title="bbox 187 3765 1209 3926">
    <p class='ocr_par' dir='ltr' id='par_1_9' title="bbox 187 3765 1209 3926">
     <span class='ocr_line' id='line_1_36' title="bbox 187 3765 1209 3857; baseline -0.002 -17"><span class='ocrx_word' id='word_1_271' title='bbox 187 3789 216 3856; x_wconf 83' lang='lat'><strong>1]</strong></span> <span class='ocrx_word' id='word_1_272' title='bbox 233 3787 254 3839; x_wconf 84' lang='lat' dir='ltr'>B</span> <span class='ocrx_word' id='word_1_273' title='bbox 273 3801 381 3838; x_wconf 82' lang='lat' dir='ltr'><strong>arnore</strong></span> <span class='ocrx_word' id='word_1_274' title='bbox 399 3801 474 3838; x_wconf 86' lang='lat' dir='ltr'><strong>oum.</strong></span> <span class='ocrx_word' id='word_1_275' title='bbox 493 3816 525 3825; x_wconf 94' lang='lat'>—</span> <span class='ocrx_word' id='word_1_276' title='bbox 544 3786 576 3857; x_wconf 81' lang='lat'><strong>2)</strong></span> <span class='ocrx_word' id='word_1_277' title='bbox 593 3785 636 3840; x_wconf 87' lang='lat' dir='ltr'><strong>BG</strong></span> <span class='ocrx_word' id='word_1_278' title='bbox 659 3784 800 3839; x_wconf 85' lang='lat' dir='ltr'><strong>scilicet.</strong></span> <span class='ocrx_word' id='word_1_279' title='bbox 819 3817 849 3826; x_wconf 99' lang='lat'>—</span> <span class='ocrx_word' id='word_1_280' title='bbox 869 3785 902 3856; x_wconf 83' lang='lat'><strong>3]</strong></span> <span class='ocrx_word' id='word_1_281' title='bbox 920 3786 1024 3853; x_wconf 87' lang='lat' dir='ltr'><strong>ipsum</strong></span> <span class='ocrx_word' id='word_1_282' title='bbox 1042 3800 1084 3838; x_wconf 90' lang='lat' dir='ltr'><strong>orn</strong></span> <span class='ocrx_word' id='word_1_283' title='bbox 1103 3765 1155 3839; x_wconf 65' lang='lat' dir='ltr'><strong>CT).</strong></span> <span class='ocrx_word' id='word_1_284' title='bbox 1176 3815 1209 3826; x_wconf 89' lang='lat'>-</span> 
     </span>
     <span class='ocr_line' id='line_1_37' title="bbox 235 3855 620 3926; baseline -0.003 -17"><span class='ocrx_word' id='word_1_285' title='bbox 235 3855 516 3926; x_wconf 60' lang='lat' dir='ltr'><strong>hadebarerim.</strong></span> <span class='ocrx_word' id='word_1_286' title='bbox 615 3909 620 3922; x_wconf 71' lang='lat'><strong>,</strong></span> 
     </span>
    </p>
   </div>
   <div class='ocr_carea' id='block_1_8' title="bbox 0 0 1274 4314">
    <p class='ocr_par' dir='ltr' id='par_1_10' title="bbox 0 0 1274 4314">
     <span class='ocr_line' id='line_1_38' title="bbox 0 0 1274 4314; baseline 0 2"><span class='ocrx_word' id='word_1_287' title='bbox 0 0 1274 4314; x_wconf 95' lang='lat' dir='ltr'><strong> </strong></span> 
     </span>
    </p>
   </div>
  </div>
 </body>
</html>
