2628 4310
435 229 491 290 uu
512 228 800 292 Mosrunrreus..
835 193 869 230 ·’
1069 229 1131 290 ecc

93 349 303 434 delectabilem.
348 347 492 412 Graribus
513 352 738 425 succinentibus,
759 348 900 426 puellares
922 365 1008 410 voces
1029 367 1132 410 ascen-

93 436 212 513 debant,
232 438 368 498 iacientes
391 437 548 514 dyapasou.
592 437 680 498 Cuius
701 439 800 514 organi
814 438 985 496 suavitatem
1007 435 1136 516 humana

91 523 242 584 infirmitas
271 526 422 584 aestimare
449 541 507 584 non
535 530 641 600 potest.
680 523 842 582 Admiranti
870 523 939 582 milri
966 523 1131 599 superbis,

92 612 185 672 astitit
199 610 315 685 quidam
329 613 357 672 in
370 611 473 671 habitu
486 610 655 686 venerabili,
669 610 778 670 diceus:
801 609 880 685 Quid
892 609 1020 670 eruaris?
1049 609 1132 680 Hace

92 696 223 756 asilaus
245 697 336 757 Verbi
356 697 422 758 Dei.
464 698 503 756 Et
525 715 596 756 cum.
612 697 684 757 haee
707 697 838 770 dixisset,
866 695 1053 772 psallentibus
1077 696 1133 756 ad-

91 786 212 842 iunctus
231 790 283 858 est,
304 790 334 842 et
353 790 415 844 tcta
436 786 539 844 virtute
553 783 704 860 psallebat.
746 783 860 842 Interea
877 788 990 859 gratm
1012 786 1133 843 occurrit

90 869 299 946 spectaculum.
332 870 477 930 Videbam
497 877 616 931 stratam
638 871 796 944 speciosam
818 886 904 945 super
925 886 971 928 me
987 868 1133 944 directam,

89 959 147 1016 iter
176 973 195 1016 a
219 959 300 1017 terris
329 958 359 1016 in
381 957 493 1017 coelum
514 958 708 1033 praebentem.
751 955 833 1015 Unus
855 957 1015 1016 excestria
1036 957 1131 1016 subito

90 1043 130 1103 de
152 1041 247 1103 medio
260 1044 360 1118 sactu,
382 1043 457 1104 hane
478 1046 624 1120 ingressus
645 1059 772 1118 superna
789 1059 879 1119 regna
898 1043 1024 1118 petebat.
1054 1041 1131 1102 Lae-

89 1129 239 1190 tabundus
253 1136 282 1189 et
294 1129 423 1205 laudans,
444 1130 611 1207 augelorum
626 1129 750 1188 vadatus
764 1131 862 1205 copiis,
882 1128 1049 1204 nullumque
1061 1146 1131 1205 pas·

89 1235 143 1296 sus
165 1217 280 1277 omuino
307 1216 473 1292 discrimen,
497 1216 576 1277 coelo
598 1221 730 1291 receptus
752 1221 804 1274 est.
846 1215 1053 1276 Verumtamen
1072 1215 1131 1274 ira-

89 1312 137 1363 ter
164 1302 211 1362 ille
240 1320 298 1362 non
323 1308 368 1362 est
387 1303 457 1362 milri
478 1303 643 1379 designatus
665 1320 701 1362 ex
722 1304 845 1362 nomine·
888 1301 1013 1376 Quidam
1034 1308 1131 1362 mrtem
1206 1375 1207 1382 ἵ

89 1389 342 1451 eaimnniabeutur
361 1389 460 1452 iratres
481 1396 610 1462 nostros,
639 1388 697 1448 duo
718 1390 898 1462 obiicientes,
925 1388 1033 1448 seilicet
1053 1387 1131 1462 quod

91 1475 234 1536 demens
254 1475 388 1537 fratribus
411 1476 537 1536 debitam
557 1478 724 1552 pensionem
744 1474 921 1552 negligenter
942 1471 1129 1554 solverent1),

92 1569 125 1622 et
143 1568 255 1622 veteres
277 1566 388 1622 tunicas
409 1580 467 1622 non
482 1564 579 1622 statim
601 1579 667 1622 cum
680 1577 771 1622 noras
785 1563 951 1637 reciperent,
971 1561 1130 1622 redderent

90 1649 129 1708 In
158 1649 247 1710 altero
276 1666 328 1709 me
351 1649 602 1725 reprehensibilem
631 1647 729 1724 dole0;
760 1653 877 1724 propter
898 1653 1032 1724 urgentes
1054 1650 1130 1708 enim

90 1753 208 1810 eausam
225 1736 333 1795 missas
349 1736 478 1795 nondum
499 1735 623 1811 persolvi
645 1752 717 1811 quas
740 1735 841 1809 debeo,
865 1733 917 1794 sed
939 1732 1131 1812 quamplura

90 1823 227 1900 psalteria
256 1822 324 1880 dixi.
369 1822 434 1882 Deo
464 1825 539 1882 enim
560 1823 666 1900 gratias
688 1837 759 1898 ago,
785 1821 862 1881 labia
890 1838 956 1881 mea
981 1839 1130 1896 nunquam

91 1911 186 1970 otiosa
205 1909 320 1968 bierunt
340 1927 360 1968 a
378 1909 465 1970 laude
486 1909 551 1970 Dei.
594 1908 677 1968 Haec
698 1915 868 1982 prosecutus
889 1913 947 1982 est,
975 1914 1004 1968 ct
1026 1925 1129 1968 conse-

91 2000 214 2072 quenter
242 1996 279 2056 ab
309 1995 365 2056 hac
393 1996 459 2055 luce
480 1997 661 2070 subtractus,
693 1994 781 2054 fidem
808 1995 875 2054 lecit
904 1994 995 2053 dictis.
1039 1993 1133 2054 Aiunt

67 2121 69 2128 ·
92 2083 130 2142 de
152 2098 187 2143 eo
209 2081 287 2157 quod
308 2085 339 2142 in
360 2084 546 2142 exterioribus
567 2099 671 2160 agene,
693 2098 779 2156 saepe
800 2098 852 2156 per
874 2079 948 2139 diem
970 2081 1028 2139 duo
1049 2081 1152 2156 psal·-

91 2170 165 2228 teria
186 2168 280 2228 dicere
302 2169 403 2228 solitus
425 2177 508 2230 esset
550 2169 738 2244 Perspicuum
761 2174 805 2227 est
822 2167 901 2243 quod
915 2167 1006 2226 irater
1020 2167 1068 2228 ille
1081 2170 1130 2243 qui

91 2255 188 2315 subito
210 2255 361 2316 demedio
382 2256 484 2331 faetus,
506 2273 571 2315 cum
593 2255 701 2315 honore
716 2253 832 2315 coelesti
854 2254 957 2313 deduci
977 2256 1056 2316 visus
1078 2261 1133 2330 eat,

89 2345 186 2418 ipsum
207 2341 382 2419 Meynerum,
399 2344 469 2402 satis
492 2342 636 2419 eleganter
657 2342 809 2416 expressit,
837 2341 961 2401 evidenti
982 2340 1130 2401 declarans

88 2428 203 2503 indicio,
226 2429 304 2504 quod
325 2429 453 2488 velocius
470 2436 562 2490 morte
576 2429 772 2502 subveniente,
795 2430 855 2487 sine
877 2430 954 2510 omni
969 2428 1129 2488 discrimine

89 2517 262 2576 transiturus
283 2521 360 2576 esset
381 2516 418 2574 de
438 2519 578 2592 pressuris
600 2515 639 2592 ad
656 2514 786 2592 gloriam,
808 2515 844 2575 de
866 2522 957 2574 morte
980 2515 1018 2574 da
1031 2517 1130 2589 vitam,

88 2600 127 2660 de
149 2600 257 2660 mundo
279 2601 317 2662 ad
333 2601 486 2678 Christum,
508 2605 554 2664 cui
576 2608 621 2662 est
640 2601 734 2662 honor
755 2607 784 2660 et
800 2603 951 2677 imperium
971 2601 1131 2662 insaecula

88 2686 280 2770 sacculorum
321 2686 428 2748 Amen.

454 2877 689 2939 CAPITULUM
710 2879 765 2937 HI.

198 2995 247 3054 Dc
266 3003 362 3055 morte
389 2996 553 3058 Yaenbardi
573 3003 714 3059 caerulae
735 2999 862 3060 drudam
884 2999 1026 3072 coenobii.

153 3114 336 3194 Aegrotabat
355 3118 386 3176 in
408 3117 509 3178 eodem
528 3122 666 3181 coenobio
688 3120 822 3181 sacerdos
836 3117 1056 3202 Ysenbardus2)
1074 3137 1129 3180 uo·

87 3205 175 3278 mine,
196 3210 294 3264 custos
317 3204 464 3279 ecclesiae,
485 3206 550 3282 plus
572 3225 658 3282 quam
675 3209 849 3268 tricesimum
863 3225 971 3268 aunum
990 3201 1079 3285 agens
1100 3209 1130 3266 in

88 3288 196 3372 ordine,
219 3296 249 3350 et
269 3291 307 3350 ad
330 3297 457 3351 extrema
470 3292 626 3368 perductus
648 3301 700 3353 est.
742 3293 842 3353 Media
863 3300 949 3353 nocte
969 3312 1034 3353 cum
1043 3291 1063 3372 ³)
1078 3311 1130 3354 su-

86 3395 141 3454 per
161 3394 227 3436 eum
249 3379 441 3437 ministrorum
462 3379 591 3454 vigilaret
612 3380 765 3458 diligentia,
786 3380 941 3462 audierunt,
958 3399 1023 3441 curn
1044 3378 1129 3460 leri⁴)

86 3465 212 3524 susurrio
234 3466 325 3524 verba
347 3480 458 3522 sonare.
501 3466 703 3542 Timentesque
724 3485 761 3526 ne
778 3463 862 3525 morti
875 3469 1021 3542 proximus
1036 3466 1130 3526 aliena
1187 3537 1189 3543 y

85 3551 258 3628 loqueretur,
275 3553 317 3612 ori
332 3551 475 3628 loquentis
488 3569 557 3612 aure
570 3553 707 3629 adbibita,
723 3552 921 3612 intellexerunt
933 3555 1023 3612 verba
1038 3553 1131 3614 subli-

105 3719 137 3788 1)
156 3718 176 3770 l)
199 3719 443 3856 ρὸτὸοιίἔῃοὶιοιιῑ.
464 3746 494 3760 -
514 3720 545 3788 2)
564 3719 630 3774 BCF
648 3716 885 3778 isanhardus.
905 3749 936 3764 -
960 3721 991 3786 3)
1009 3719 1033 3772 B
1049 3719 1129 3772 dum
