2580 4316
421 297 480 358 nn
503 296 776 360 courumonn.
1075 299 1130 388 nr

96 414 186 497 liantl.
225 417 259 478 In
279 419 493 481 iustificatione
514 424 671 497 peccatoris
694 423 792 481 dicunt
803 427 926 498 quatuor
937 437 1115 496 concurrere,

95 507 182 581 patae
200 507 387 582 infusionem,
417 515 530 567 motum
552 515 714 584 surgentem
737 526 772 568 ex
793 512 885 586 gratia
907 515 937 568 et
955 509 1045 568 libero
1067 525 1116 568 ar-

97 594 170 666 bitrio,
190 597 394 654 contritionem
406 593 444 674 ²),
465 603 647 670 peccatorum
668 598 871 656 remissionem.
913 597 1043 672 Quatuor
1062 597 1118 656 istu

97 679 219 754 appellant
240 689 370 756 quatuor
393 681 617 742 iustificationes.
659 682 785 742 Primam
805 700 863 741 non
880 699 1030 757 meremur,
1050 684 1119 757 quis

92 768 162 842 gratis
184 763 360 843 inlrrnditur,
395 786 450 828 nec
482 765 549 849 ea')
577 787 734 844 meremur,
767 773 835 845 quia
867 787 934 828 mox
964 787 1000 828 ex
1026 772 1118 845 gratia

92 859 114 910 ct
138 853 219 913 libero
248 857 373 914 arbitrio
412 863 509 914 motus
531 855 647 932 quidum
680 860 827 916 excitatur.
887 856 1000 915 Motum
1031 859 1118 914 istum

91 939 144 998 licet
168 958 223 1000 nnn
251 960 438 1016 mereamur,
469 950 565 1002 tamen
594 961 628 1002 eo
660 961 803 1003 meremur
836 946 948 1002 tertiam
977 942 1117 1004 iustifica-

90 1028 192 1103 tionem,
212 1029 242 1087 id
265 1036 329 1104 est,
356 1031 565 1088 contritionem.
607 1030 694 1090 Hanc
714 1031 942 1090 iustificationem
963 1045 1118 1105 meremur,

90 1119 112 1172 et
134 1130 165 1174 ea
194 1132 343 1176 meremur
374 1122 508 1191 quartam
529 1117 773 1192 iustificationem,
795 1117 903 1176 scilicet
923 1118 1118 1175 remissionem

88 1208 263 1274 peccatorum.
311 1203 362 1262 Ob
391 1202 449 1261 hoc
478 1203 585 1262 dictum
614 1212 658 1263 est
678 1204 803 1264 Mariae:
835 1206 967 1262 Dimissa
996 1210 1065 1262 curu
1093 1206 1119 1261 ei

84 1295 190 1362 peccatu
210 1291 329 1364 multa,
360 1293 506 1365 quonium
535 1291 634 1350 dilexit
660 1288 833 1368 multum⁴).
878 1290 1015 1349 Contritio
1044 1292 1120 1349 enim

88 1391 214 1434 essenon
236 1383 339 1452 potest
361 1380 425 1435 sinc
449 1375 605 1436 dilectione.
647 1378 725 1438 Ecce
746 1379 837 1436 habes
847 1374 866 1456 ⁵)
897 1377 967 1453 quid
989 1379 1119 1436 contritio

87 1468 203 1520 meretur.
247 1463 288 1522 Et
319 1465 380 1522 hoc
410 1466 482 1522 seire
505 1463 606 1539 debes,
636 1465 714 1540 qnod
736 1483 794 1523 una
815 1465 977 1524 luctificatio
999 1464 1120 1524 alteram

87 1564 134 1606 non
152 1545 345 1630 praecedat⁶)
376 1556 521 1624 tempore,
548 1551 599 1610 sed
625 1558 738 1610 natura.
781 1550 983 1610 NOVICIUS:
1005 1551 1120 1610 Vellem

86 1635 145 1692 rnilri
163 1638 217 1696 ista
229 1637 350 1712 plenius
366 1639 471 1712 exponi
492 1637 545 1696 sub
559 1638 656 1714 aliqua
671 1638 862 1697 similitudine.
883 1637 1119 1698 MONAGHUS:

87 1720 201 1784 Advorte
224 1742 305 1799 quae
329 1724 408 1783 dico:
431 1723 534 1783 Pluvia
555 1731 646 1784 terrae
667 1724 835 1799 infunditur,
857 1722 917 1804 et')
942 1743 977 1784 ex
998 1731 1120 1800 utroque

86 1807 165 1869 herba
184 1814 332 1888 gignitum
366 1810 469 1869 deinde
500 1829 534 1870 ex
561 1812 652 1871 herba
680 1813 788 1871 fructus
816 1812 990 1887 producitur.
1045 1811 1121 1888 Quid

88 1895 181 1972 pluvia,
202 1901 258 1958 nisi
290 1896 407 1975 gratia?
438 1898 505 1973 quid
534 1905 623 1973 terra,
658 1900 714 1978 nisi
735 1899 856 1958 liberum
878 1897 1048 1958 arbitrium?
1075 1899 1121 1956 Ex

88 1983 173 2058 pluvia
195 1992 224 2046 et
246 1994 328 2045 terra
349 2001 468 2061 gramen
490 1987 628 2062 gignitur,
651 1983 711 2066 etfl)
735 2002 770 2044 ex
792 1989 885 2062 gratia
905 1985 1051 2060 liberoque
1073 2003 1123 2043 ar·

88 2069 176 2147 bitrio,
204 2079 239 2131 ut
261 2072 376 2132 dietum
400 2077 457 2146 est,
484 2079 578 2131 motus
602 2075 703 2131 oritur·—
740 2071 841 2131 Herba
861 2071 1027 2146 fructificat,
1058 2088 1124 2147 eum

90 2156 157 2217 idem
178 2168 279 2219 motus
301 2159 428 2218 liberum
449 2161 594 2218 arbitrium
616 2159 654 2218 ad
679 2160 902 2219 satisfactionem
914 2166 1020 2218 movet
1055 2157 1124 2217 Ste-

90 2243 138 2304 n'lis
159 2255 202 2306 est
222 2254 303 2306 terra
326 2249 390 2305 sinc
411 2245 517 2321 pluvia,
540 2253 568 2305 et
589 2246 700 2322 absque
720 2247 813 2305 fructu
834 2247 955 2316 liberum
977 2238 1124 2304 arbitrium

90 2332 141 2390 sine
161 2337 271 2410 gratiu3
293 2333 367 2391 nihil
390 2334 476 2390 etiam
498 2339 632 2408 operatur
653 2334 751 2409 pluvia
773 2336 834 2392 sine
856 2340 939 2407 terra,
962 2335 1029 2408 quia
1050 2335 1125 2392 sicut

92 2424 237 2480 auotoritas
261 2420 344 2480 dicit:
375 2418 458 2478 Deus
485 2427 581 2495 potest
608 2421 754 2479 hominem
783 2437 880 2480 creare
909 2423 969 2478 sine
997 2437 1043 2494 se,
1072 2419 1125 2478 sed

92 2522 141 2563 non
159 2507 315 2566 iustificare
339 2509 402 2565 sine
425 2523 475 2587 se.¹
506 2506 590 2566 Unde
602 2507 774 2583 Apostolus:
796 2508 867 2566 Non
882 2525 943 2584 eqo,
959 2507 1010 2565 sed
1023 2509 1125 2582 pratia

93 2593 142 2652 Det
165 2613 281 2654 mecum
291 2592 326 2672 ⁹).
349 2591 553 2653 NOVICIUS:
584 2593 662 2670 Quot
690 2599 757 2652 sunt
788 2597 899 2669 species
928 2591 1124 2653 contritionis?

94 2677 321 2741 MONAGHUS:
344 2680 439 2754 Duae,
461 2682 575 2739 interior
596 2681 706 2740 scilicet
722 2687 751 2739 et
765 2684 894 2740 exterior.
937 2681 1059 2739 Interior
1081 2687 1126 2739 est

94 2765 118 2823 in
135 2769 323 2827 amaritudine
348 2762 451 2843 cor‘dis3
473 2771 593 2827 exterior
614 2771 643 2826 in
657 2767 809 2826 afflictione
831 2771 966 2843 corporis.
1008 2766 1055 2826 De
1076 2766 1126 2826 illa

94 2868 137 2926 per
155 2853 340 2914 Psalmistam
365 2853 477 2912 dicitur:
507 2854 565 2914 Ocr
593 2859 753 2914 contritum
783 2856 1021 2914 etburnt'lc'utum
1041 2855 1126 2913 Deus

96 2956 149 2999 coc
168 2943 306 3018 despicio
322 2938 364 3020 ¹⁰).
406 2941 452 3000 De
465 2943 521 3000 ista
532 2959 601 3001 vero
615 2941 758 3002 Jeremias
773 2939 816 3022 ¹¹):
838 2941 1013 3001 Maledictus
1027 2942 1125 3015 burro,

97 3030 141 3100 qut
155 3029 292 3104 probibet
314 3027 451 3104 quactum
479 3047 568 3088 suum
590 3048 610 3088 u
631 3033 777 3104 sanquine
791 3027 839 3106 ¹²),
860 3029 890 3087 id
913 3035 970 3102 est,
992 3046 1010 3087 a
1031 3045 1126 3104 poena

97 3117 209 3191 peccati,
230 3133 284 3191 per
316 3131 404 3191 quam
425 3132 528 3192 corpus
551 3117 692 3193 affligitur.
735 3114 940 3176 NOVIOIUSi
968 3113 1037 3175 Jam
1057 3133 1126 3191 per-

115 3315 142 3384 1)
157 3315 176 3370 C
191 3319 334 3370 maiores
352 3319 461 3369 nostri
479 3318 551 3370 inde
576 3321 732 3383 sentiant.
753 3348 783 3358 -
803 3319 835 3387 2)
853 3319 873 3371 D
892 3319 1126 3372 contritionem

158 3393 195 3438 et.
214 3417 245 3427 -
272 3385 345 3455 3)c
372 3403 453 3451 eam,
477 3387 495 3438 Ρ
519 3389 700 3440 secundam.
724 3387 813 3440 llomil.
832 3389 871 3452 lll.
890 3405 915 3457 p.
936 3389 998 3441 135:
1023 3397 1126 3454 „notum

159 3465 205 3519 est,
221 3466 332 3525 quatuor
351 3473 407 3508 esse
425 3455 612 3510 iustificationes
631 3462 737 3519 animae,
755 3473 820 3526 qnae
835 3458 908 3510 simul
924 3460 1009 3509 insunt
1025 3467 1128 3525 tempo-

159 3539 194 3589 re,
209 3525 268 3578 licet
285 3541 337 3578 unu
355 3526 459 3578 alterum
477 3529 624 3580 naturaliter
633 3527 777 3596 praecedat.
795 3529 875 3581 Prima
888 3537 930 3580 ert
944 3529 1040 3595 gratim
1058 3527 1127 3580 inlu-

161 3596 203 3646 sio.
220 3595 289 3648 llunc
307 3612 360 3648 non
379 3613 511 3660 meremur,
527 3615 575 3650 nec
593 3615 623 3650 ea
641 3601 790 3650 meremur.“
810 3630 841 3638 -
861 3599 893 3666 4)
911 3599 968 3649 Luc.
988 3599 1014 3662 7,
1031 3598 1073 3648 17.
1093 3626 1125 3636 -

161 3663 227 3732 5)o
254 3681 333 3718 ecce
363 3667 417 3717 hic
446 3665 558 3732 habes;
582 3685 641 3720 mox
665 3668 706 3720 Bl)
732 3669 821 3736 quin,
844 3667 865 3720 li
892 3665 985 3736 qnod.
1005 3696 1036 3706 -
1056 3664 1127 3734 6)G

161 3735 336 3800 praecedit.
358 3765 390 3774 —
409 3735 440 3802 7)
458 3745 489 3787 et
505 3753 547 3790 om
565 3737 592 3790 G.
613 3768 643 3778 -
663 3739 695 3804 8)
714 3746 745 3788 et
763 3754 804 3789 orn
822 3737 849 3790 G.
866 3767 896 3776 -
916 3737 947 3804 9)
966 3736 1024 3796 Cor,
1041 3735 1066 3798 l,
1085 3735 1128 3796 15,
1213 3761 1216 3770 ·

164 3803 202 3854 10.
218 3837 248 3844 -
272 3806 321 3874 10)
341 3803 407 3857 l’sal.
426 3805 466 3869 50,
485 3807 524 3859 19.
545 3837 575 3848 -
597 3807 646 3876 11)
664 3807 685 3859 Β
708 3806 866 3860 Jcremias
889 3805 977 3872 dicit,
1003 3803 1128 3858 Gdicit

163 3869 327 3928 ieremias.
346 3904 382 3914 —
402 3873 448 3944 12)
464 3875 515 3931 lor.
532 3879 577 3944 48,
596 3878 637 3930 10.
1155 3878 1158 3883 ’
