2642 4330
157 265 220 323 344
301 277 307 290 ·
479 260 707 324 DISTINCTIO
735 261 869 325 SEXTA

155 384 353 444 Hermannum
373 370 520 445 Abbateni
546 385 583 445 de
609 385 837 462 Hammenrode,
868 385 1014 462 qnondam
1040 385 1192 446 manum

154 479 321 532 sanctourm
341 470 548 548 Apostolorum
568 476 598 531 in
616 472 743 548 Colonia,
764 478 858 534 virum
874 491 971 550 aeque
991 474 1134 534 literatum
1155 491 1192 535 ac

157 558 326 633 discretum,
355 559 393 618 ad
420 575 551 618 mensam
579 577 661 618 suam
692 563 834 621 invitavit
875 561 915 620 Et
942 573 1008 620 cum
1035 577 1094 620 nou
1115 568 1193 621 esset

155 646 196 704 ibi
216 645 394 721 pulmentum
422 649 483 705 sine
512 647 658 722 camibns,
687 655 797 707 secrete
824 650 970 724 praecepit
995 651 1137 724 ministro,
1157 656 1192 707 nt

155 731 268 791 lardum
290 732 458 807 extraheret,
479 735 577 808 sicque
590 737 683 809 pisam
696 733 806 795 Abbati
826 741 991 811 apponeret
1018 734 1191 795 Comedente

155 817 204 878 illo
225 819 390 894 simpliciter
410 822 550 896 apposita,
572 821 730 880 monachus
752 825 812 881 eius
835 825 883 898 qui
910 829 969 881 tam
990 822 1111 898 simplex
1131 839 1190 882 uon

156 905 218 980 fuit,
238 905 408 981 particulam
435 906 507 964 lardi
534 910 564 965 iu
585 909 706 966 scutella
727 927 780 968 sua
800 911 958 985 reperiens,
986 909 1095 968 Abbati
1122 925 1190 968 mox

156 993 289 1052 ostendit.
332 993 397 1069 Qua
416 996 494 1068 visa,
518 997 615 1053 statim
635 995 785 1054 scutellam
809 999 919 1069 amovit
945 994 1048 1058 Abbas
1074 1001 1190 1071 propter

158 1081 367 1139 conscientiam.
409 1080 598 1141 Venientibus
621 1082 712 1140 eisin
732 1085 824 1156 viam,
846 1081 948 1142 Abbas
971 1083 1006 1142 de
1028 1085 1190 1142 annositate

156 1166 329 1226 monachum
347 1169 449 1244 arguit,
471 1167 583 1226 dicens:
605 1167 684 1227 Male
704 1169 823 1244 babeas,
844 1170 923 1243 quod
942 1168 1029 1228 hodie
1049 1169 1198 1229 abstulisti

156 1253 225 1312 mihi
245 1254 424 1330 pulmentum
444 1271 549 1312 meum.
591 1254 623 1314 Si
643 1258 798 1330 tacuisses,
831 1273 885 1332 ego
914 1259 1075 1333 ignoranter
1092 1273 1190 1316 come-

156 1340 227 1400 dens
248 1340 424 1400 comedendo
445 1358 503 1401 nou
523 1357 699 1417 peccassem.
748 1343 840 1402 Facto
862 1343 929 1404 huic
950 1345 1121 1404 contrarium
1141 1359 1190 1402 re·

156 1427 258 1487 eordor
277 1428 379 1487 fecisse
399 1427 551 1488 Danielem
571 1429 731 1488 Soonaviae
743 1426 771 1509 ¹).

517 1600 752 1663 CAPITULUM
774 1603 828 1664 IV.

184 1725 232 1782 De
255 1721 431 1784 Godascolco
451 1725 606 1797 nsonaebo,
628 1728 681 1800 qai
702 1728 734 1783 eie
748 1725 887 1801 Sipcberp
909 1731 1060 1785 artocreas
1080 1727 1160 1800 sapi-

352 1814 430 1870 mine
451 1811 583 1870 decoctos
605 1813 772 1886 simpliciter
792 1812 993 1872 manducavit.

218 1931 361 2008 Tempore
390 1932 516 2008 quodam
544 1950 610 1992 cum
638 1932 715 1991 idem
736 1932 855 2007 Daniel,
883 1939 952 1992 tunc
980 1932 1061 1991 Prior
1081 1936 1194 2006 noster,

154 2018 306 2094 pranderet
325 2021 355 2076 in
377 2019 523 2096 sigeberg,
546 2026 575 2082 et
596 2026 671 2080 esset
692 2037 759 2079 eum
780 2037 815 2080 eo
836 2020 924 2080 frater
945 2018 1139 2079 Godesealcus
1153 2017 1194 2078 de

154 2105 398 2181 Volmuntsteiue,
429 2105 587 2165 monachus
619 2106 739 2181 simplex
761 2111 792 2165 et
810 2109 917 2182 iustus,
949 2107 1097 2182 appositae
1124 2110 1196 2164 sunt

156 2194 196 2252 eis
217 2209 235 2252 a
255 2193 389 2252 iratribus
412 2193 540 2252 eiusdem
562 2195 692 2252 coenobii
713 2199 868 2268 artocreae,
886 2195 922 2251 in
943 2194 1082 2270 sagimine
1102 2191 1196 2251 deco-

156 2285 219 2339 otae
227 2276 258 2359 ²).
313 2274 398 2354 Quod
419 2280 501 2338 Prior
522 2297 589 2338 mox
614 2280 736 2339 odoratu
758 2280 973 2357 deprehendens
983 2277 1019 2360 ι),
1042 2277 1195 2338 comedere

154 2365 253 2441 noluit,
273 2363 359 2444 nont)
381 2372 477 2425 nmen
494 2367 668 2427 monachum
684 2367 881 2426 comedentem
901 2367 1055 2442 prohibuit.
1095 2365 1195 2425 Finito

154 2450 283 2531 prandio,
306 2469 371 2511 cum
391 2452 471 2527 loqui
490 2458 616 2528 possent,
638 2452 708 2514 dixit
730 2452 925 2514 Godescalcus
941 2453 1046 2514 Priori:
1067 2451 1196 2512 Domine

154 2537 245 2613 Prior,
266 2555 353 2612 quare
375 2555 432 2597 uon
454 2540 617 2604 comedistis
639 2540 675 2600 de
696 2540 853 2601 artocreis?
896 2540 991 2600 Valde
1015 2541 1090 2600 enim
1111 2547 1197 2598 erant
1308 2615 1311 2624 1

155 2621 287 2704 bonae⁵).
330 2625 489 2700 Respondit
509 2627 571 2686 ille:
599 2627 665 2686 Non
694 2630 797 2686 mirum
826 2630 850 2688 si
871 2627 957 2687 valde
981 2633 1061 2688 eraut
1081 2627 1195 2700 bonae,

155 2713 222 2786 quia
235 2711 319 2770 valde
341 2713 415 2772 bene
430 2720 511 2772 erant
532 2717 727 2790 sagimiuatae.
758 2715 797 2774 Et
818 2731 916 2790 quare,
936 2716 1038 2794 inquit,
1056 2713 1111 2772 hoe
1132 2729 1195 2772 nou

152 2800 285 2873 signastis
306 2798 395 2858 mihi?
437 2800 598 2875 Respondit
613 2801 708 2862 Prior:
730 2802 793 2878 Ego
814 2801 893 2861 nolui
913 2802 996 2861 vobis
1017 2800 1126 2860 auferre
1147 2801 1196 2858 ci·

152 2885 222 2943 bum
244 2891 379 2944 vestrum.
428 2885 522 2946 Nolite
551 2891 723 2963 contristari,
758 2891 826 2963 quia
853 2890 1013 2964 ignorantia
1044 2886 1196 2946 excusabit

153 2987 214 3030 vos.
257 2971 327 3030 Erat
348 2974 424 3030 enim
445 2973 521 3032 idem
542 2973 647 3033 Daniel
668 2978 712 3033 vir
733 2975 870 3049 literatus,
893 2980 922 3033 et
942 2981 1008 3033 ante
1024 2975 1194 3032 conversio-

151 3075 218 3116 nem
247 3057 449 3118 Scholasticus.
499 3059 703 3120 NOVICIUS:
725 3061 791 3122 Non
823 3064 910 3121 miror
945 3061 1022 3135 quod
1056 3059 1195 3119 monachi

152 3144 324 3220 quaudoque
352 3145 530 3222 decipiuntur
559 3149 589 3206 in
617 3149 755 3224 sagimine
788 3154 817 3208 et
845 3149 971 3208 earnium
1001 3145 1193 3224 pinguedine3

151 3230 202 3289 sed
225 3231 302 3305 quod
323 3237 382 3290 tam
410 3233 552 3310 simplices
575 3241 641 3292 sunt
662 3235 757 3310 aliqui,
779 3235 858 3311 quod
878 3237 908 3293 in
930 3251 1030 3312 grossa
1051 3234 1193 3292 substan-

151 3319 200 3391 tia,
221 3317 250 3375 id
273 3325 330 3392 est,
351 3321 389 3377 in·
402 3321 471 3395 ipsis
494 3321 626 3380 carnibus
648 3316 776 3401 seduci‘)
797 3326 932 3398 possunt,
966 3323 1035 3380 satis
1057 3320 1193 3383 admiror.

149 3402 385 3466 MONAGHUS:
417 3406 492 3466 Puto
521 3407 576 3466 hoc
609 3408 781 3483 quandoque
809 3410 870 3467 fieri
898 3414 1014 3484 propter
1041 3408 1192 3467 caritatem

148 3492 374 3551 ministrantium.
429 3492 502 3552 (lum
530 3501 646 3554 sanctus
679 3495 857 3572 Theophilus
884 3493 1096 3554 Alexandrinus
1115 3493 1192 3569 Epi-

167 3626 197 3695 1)
216 3625 257 3678 ΒΟ
276 3627 441 3680 Danielem
459 3628 619 3681 Abbatem
637 3628 827 3681 Sconaviae.
846 3659 877 3669 -
897 3630 929 3698 2)
947 3628 988 3681 Bc
1005 3636 1031 3680 et
1048 3645 1079 3696 pr
1094 3628 1119 3681 Α
1136 3644 1192 3698 sp-

216 3699 327 3764 posita
347 3725 377 3736 -
396 3707 548 3751 artocrca
568 3727 599 3738 -
624 3697 770 3751 decocta.
790 3729 821 3738 -
841 3698 912 3767 3)b
934 3700 1134 3766 percipiens.
1154 3727 1188 3738 -

214 3765 436 3904 sspeBDeffii-
451 3769 483 3839 5)
500 3768 521 3821 B
540 3777 566 3820 et
584 3768 647 3882 prA
665 3766 758 3834 bona;
775 3769 812 3822 sic
829 3778 856 3824 et
873 3768 948 3837 paulo
966 3777 1032 3838 post.
1045 3797 1077 3809 -
1095 3767 1129 3838 6)
1146 3767 1191 3822 BG
