2642 4330
436 336 491 396 Dll
512 334 801 398 SIMPLICITATE.
1073 339 1132 396 361

100 461 207 538 angelis
237 458 385 534 depositus
406 461 457 534 sit,
485 464 519 517 ut
545 457 710 534 impleretur
742 460 771 516 in
807 473 841 517 eo
871 457 949 532 quod
978 457 1014 518 de
1043 461 1135 534 capite

99 551 236 623 scriptum
260 553 318 605 est:
349 546 497 622 (16661661
519 547 631 621 nauelis
652 549 713 604 suis
734 545 890 604 mondavit
912 546 948 624 (16
969 553 1004 619 16,
1026 553 1062 605 ut
1083 565 1136 604 cu-

99 635 231 694 stodiant
253 641 282 692 16
303 636 336 690 ia
357 633 491 692 omnibus
512 636 566 691 vie's
589 637 654 691 iuis.
696 632 736 690 In
757 631 895 690 monibus
911 631 1079 707 portabunt
1102 641 1137 706 tc,

98 741 137 780 nc
156 739 295 796 unquam
318 719 449 795 offendas
463 720 505 778 od
518 720 646 794 lapidem
661 720 765 794 pedari
788 714 913 798 166161.
946 719 1041 794 Quam
1062 719 1137 779 lidus

99 815 196 868 custos
217 805 389 882 simplicium
411 809 447 864 sit
468 806 618 881 Dominus,
640 823 763 880 sequeus
785 803 918 865 ostendet
937 806 1044 867 relatio.

471 995 705 1056 CAPITULUM
725 995 766 1054 X.

435 1120 504 1178 Vita
525 1117 691 1194 1169111611
712 1121 797 1178 coeci.

164 1241 261 1300 Homo
284 1237 401 1314 quidam
422 1239 558 1315 simplex,
578 1239 762 1315 Engilbertus
783 1239 913 1312 nomine,
936 1238 971 1297 dc
992 1241 1140 1313 provincis

97 1326 215 1403 Tulpeti
235 1333 329 1401 natus,
352 1333 538 1401 autepancos
550 1343 641 1384 anuos
654 1326 803 1386 destructus
817 1332 868 1384 est.
895 1325 954 1384 Iste
976 1343 1042 1384 oum
1064 1333 1140 1385 esset

98 1431 204 1474 caecus
215 1417 308 1487 natus,
321 1419 438 1489 propter
444 1401 524 1472 varia
539 1413 622 1487 dona,
635 1414 738 1488 quibus
750 1414 894 1471 hominem
906 1415 966 1472 eius
976 1415 1139 1472 interiorem

96 1503 309 1560 illuminaverat
319 1503 411 1576 gratia
424 1500 527 1574 divina,
540 1504 569 1559 iu
591 1500 710 1559 diversis
720 1502 872 1575 provinciis
885 1501 1065 1576 noscebatur,
1078 1506 1106 1558 et
1120 1517 1139 1558 a

96 1589 195 1648 multis
201 1589 506 1663 magnisquepersonis
518 1605 604 1646 sexus
614 1584 784 1664 utriusque²)
799 1588 998 1646 venerabatur.
1019 1587 1055 1645 Irr
1069 1605 1139 1663 oap-

96 1693 136 1751 pa
150 1675 272 1750 simplici
287 1683 315 1732 61
336 1677 439 1744 tunica
453 1676 538 1733 lanea
551 1674 693 1748 nudisque
704 1675 826 1750 pedibus
847 1680 907 1732 tem
921 1681 1030 1732 aestate
1052 1691 1139 1749 quam

96 1764 204 1840 hyeme
213 1759 233 1842 ³)
255 1760 415 1836 incedebat,
437 1768 465 1820 et
487 1778 575 1836 puero
598 1779 629 1818 se
648 1767 772 1836 regente,
794 1763 834 1820 616
855 1761 953 1820 limina
973 1767 1139 1820 sanctorum

96 1853 168 1910 satis
189 1855 301 1908 remota
311 1850 425 1924 saepius
446 1844 615 1927 1161166111).
641 1847 781 1906 Carnibus
802 1865 950 1922 nunquam
961 1849 1140 1923 vescebatur,
1163 1853 1168 1860 ’

95 1955 156 1996 non
177 1936 366 2010 lectisterniis,
387 1934 438 1994 sed
458 1935 573 1994 modico
594 1941 706 1993 tautum
737 1936 879 1994 straminis
900 1933 948 1994 vel
967 1934 1026 1993 seni
1045 1938 1140 1994 nocti·

93 2026 150 2084 bus
171 2024 323 2082 utebamr:
358 2021 421 2098 Ego
443 2021 534 2080 multa
556 2023 634 2081 bona
656 2022 692 2081 de
714 2038 748 2080 eo
763 2017 782 2100 ⁵)
804 2020 879 2097 vidi,
902 2023 1012 2096 etipse
1034 2021 1139 2081 multos

92 2119 156 2171 tam
177 2111 268 2168 verbo
298 2127 385 2184 quarn
414 2109 544 2185 exemplo
573 2107 744 2168 aedificavit.
791 2107 847 2166 Hic
879 2114 1007 2184 ternpore
1039 2109 1140 2168 adole-

94 2200 224 2257 scentiae
246 2186 316 2255 suae
327 2192 348 2274 ⁶)
372 2203 543 2254 cum.noete
561 2195 687 2270 quadem
707 2198 737 2254 in
759 2195 844 2254 domo
868 2201 1037 2255 materterae
1059 2213 1137 2269 suae,

93 2291 245 2344 matronae
268 2283 378 2357 divitis,
407 2287 479 2342 inter
501 2283 572 2361 alios
602 2285 662 2342 eius
684 2299 783 2342 servos
805 2299 837 2340 se
859 2283 988 2341 cubitum
1008 2282 1139 2357 locasset,

93 2375 122 2430 in
137 2373 202 2447 ipso
216 2372 367 2430 conticinio
390 2369 446 2428 ‹luo
468 2370 544 2428 iures
558 2372 696 2444 parietem
710 2369 905 2428 subfodientes
925 2371 1045 2446 ingressi
1065 2377 1139 2428 sunt.

94 2459 155 2534 Qui
175 2461 242 2533 igne
265 2457 461 2532 discooperto,
484 2464 512 2515 et
531 2457 638 2516 lumine
659 2459 789 2531 incenso,
812 2459 888 2516 cistis
909 2460 1030 2531 apertis,
1050 2459 1139 2519 intre-

92 2545 168 2622 pide„
186 2544 430 2619 colloquebantur.
474 2543 553 2618 Quos
574 2550 607 2601 ut
627 2544 790 2619 praedictus
811 2543 994 2621 Engilbartus
1016 2544 1140 2618 audivit,
1182 2611 1192 2622 ,

93 2641 125 2691 61
147 2633 223 2690 fures
246 2647 310 2690 esse
332 2647 391 2690 non
413 2630 557 2689 dubitaret
569 2627 603 2708 ²),
633 2649 698 2689 cum
731 2649 830 2690 servos
853 2649 888 2690 ex
909 2637 1030 2707 utroque
1051 2633 1140 2690 latere

93 2719 269 2777 dormientes
291 2719 415 2776 excitare
436 2735 494 2775 non
515 2724 623 2794 posset,
638 2709 779 2777 ⁵subsellio
802 2717 916 2777 cultello
938 2736 990 2778 suo
1011 2719 1141 2794 perfora-

93 2803 157 2884 tos)
181 2804 254 2865 eollo
269 2806 373 2878 iniecit,
395 2811 424 2863 et
447 2804 530 2863 clava
545 2811 662 2862 manum
676 2808 807 2864 armavit.
839 2805 878 2862 Et
899 2808 966 2879 quia
980 2805 1043 2865 illos
1059 2809 1140 2882 quasi

94 2892 310 2952 caecusvidere
323 2907 382 2949 non
402 2893 503 2967 potuit,
525 2891 590 2950 Deo
602 2890 674 2950 duce
689 2891 818 2950 auditum
826 2888 846 2970 ⁹)
870 2891 907 2949 ad
927 2892 991 2952 illos
1013 2893 1140 2968 tendens,

95 2989 126 3039 et
141 2979 255 3038 clavam
265 2984 386 3053 ubsque
401 2995 489 3036 manu
498 2978 624 3052 vibrans,
647 2995 682 3036 ex
695 2981 770 3036 omni
783 2985 864 3054 parte
879 2979 1014 3054 quiequid
1024 2984 1140 3057 tangere

94 3069 192 3144 potuit
213 3068 295 3140 qnasi
315 3065 438 3123 furiosus
458 3065 574 3139 feriens,
600 3064 636 3124 de
659 3064 745 3123 domo
766 3066 830 3125 illos
852 3067 941 3124 eiecit.
985 3065 1066 3141 Quos
1088 3086 1139 3126 us·
1197 3125 1207 3152 χ

95 3171 155 3230 que
178 3151 215 3211 ad
236 3152 363 3211 foramen
386 3159 511 3225 secutus,
534 3151 603 3210 dum
624 3151 733 3210 aditum
755 3153 834 3212 66616
856 3154 1023 3228 obstrueret,
1045 3161 1074 3213 et
1101 3155 1139 3212 illi

95 3245 207 3298 stantes
229 3245 309 3298 extra
331 3238 463 3312 domum,
491 3241 634 3298 neminem
655 3245 767 3313 praeter
794 3243 888 3316 ipsum
909 3239 1002 3298 solum
1024 3241 1141 3318 vigilare

95 3328 268 3400 sensissent,
297 3325 334 3384 de
356 3326 405 3384 tali
427 3326 592 3401 expulsione
614 3327 738 3400 confusi,
764 3323 868 3386 'habito
891 3327 1023 3402 oonsilio,
1046 3329 1139 3388 denuo

96 3415 153 3471 nisi
176 3420 240 3471 sunt
260 3416 374 3472 intrare.
418 3412 503 3488 Quod
518 3419 558 3471 ut
578 3412 625 3471 1116
648 3431 683 3472 ex
704 3420 785 3473 motu
806 3413 901 3472 scalae
921 3417 1024 3491 sensit,
1053 3434 1140 3475 unam

117 3565 150 3632 1)
170 3562 232 3622 Psal.
250 3566 293 3627 90,
313 3565 353 3615 11.
373 3565 413 3615 12.
433 3551 464 3604 -'-
491 3565 523 3630 2)
541 3564 583 3616 BD
601 3566 777 3632 utriusque
801 3581 903 3618 sexus.
925 3597 954 3606 -
974 3568 1006 3634 3)
1030 3568 1050 3620 Β
1078 3577 1139 3620 lam

172 3631 285 3698 hyeme
308 3649 400 3702 quam
422 3642 555 3684 aestate.
575 3664 607 3671 —
625 3635 658 3702 4)
680 3634 722 3686 BG
746 3635 914 3688 visitabat.
933 3666 965 3674 -
988 3637 1019 3702 5)
1038 3637 1078 3689 Bo
1102 3639 1140 3689 de

172 3701 237 3752 illo.
262 3729 295 3741 n
319 3704 351 3770 6)
374 3719 453 3754 suae
476 3701 524 3753 add
543 3703 571 3753 C,
591 3733 622 3742 -
642 3704 712 3770 7)b
736 3703 910 3757 dubitavit.
930 3735 961 3744 -
989 3707 1021 3773 8]
1046 3707 1140 3760 dictum

173 3787 230 3836 pro:
253 3771 447 3824 subsellium
471 3771 609 3823 cultello
634 3789 690 3824 suo
708 3774 920 3840 perforatum.
939 3775 1024 3837 1,40.
1048 3793 1072 3842 p.
1092 3779 1138 3828 52:

175 3857 243 3904 „curn
265 3871 294 3879 -
313 3857 419 3907 corpore
437 3850 569 3907 exportato
591 3839 624 3892 ad
645 3843 778 3894 lavandum
802 3843 928 3896 detectum
951 3844 1064 3896 luisset.“
1100 3848 1141 3899 Sic

174 3913 316 3977 saepissime
334 3911 400 3978 apud
418 3920 538 3962 nostrum.
559 3942 589 3951 —
609 3913 641 3979 9]
659 3911 743 3964 ACDP
760 3916 886 3979 potuit,
903 3913 985 3965 duce
1003 3914 1123 3966 auditu.

831 3988 957 4058 111Ὶ
