2564 4306
338 257 393 318 DE
414 256 597 320 PRAEMIO
618 256 886 322 MORTUORUM.
1065 257 1129 319 357

453 442 688 512 CAPITULUM
708 449 775 510 LIL

315 573 364 632 De
385 579 482 634 morte
505 573 677 632 ibeoderici
699 579 727 634 et
749 569 927 632 Gunderi‘

156 692 230 754 Tres
249 694 370 754 iuvenes
393 693 429 754 ds
451 697 567 756 civitate
588 694 735 754 Bonnensi
757 693 951 754 conversionis
971 693 1064 770 gretia
1092 690 1131 752 ad

90 777 207 840 Novum
236 778 370 840 (instrum
381 777 399 862 ¹)
433 780 551 842 domum
578 781 684 841 ordinis
712 782 802 840 nostri
829 781 995 854 venientes,
1031 794 1131 839 omnes

89 865 198 926 ibidem
225 869 334 943 recepti
360 873 436 929 sunt
490 869 537 928 En
572 870 677 944 quibus
711 885 786 947 unus
812 866 1023 940 Theodericus,
1057 865 1131 926 alter

91 952 266 1028 Guntherus,
287 957 389 1015 tertius
402 956 563 1016 vocabatur
576 955 703 1032 Sigerus.
735 954 833 1014 Primo
851 957 973 1028 mortuo,
996 951 1131 1012 Gunthe-

90 1057 140 1100 rus
162 1043 346 1101 reminiscens
368 1059 439 1102 suae
463 1043 709 1118 peregrinationis,
734 1046 763 1101 et
783 1057 924 1116 supernae
946 1038 1131 1100 beatitudinis

88 1125 128 1186 ad
149 1145 238 1203 quam
259 1145 345 1187 suum
366 1131 501 1189 comitem
521 1131 583 1188 iam
596 1135 732 1189 vocatum
755 1127 922 1202 crediderat,
943 1126 1071 1203 quotidie
1092 1123 1131 1186 ad

86 1213 165 1274 illius
185 1214 329 1274 tumulum
349 1215 438 1276 flevit.
480 1215 575 1291 Quem
597 1215 643 1274 die
672 1214 798 1290 quadam
826 1231 884 1275 vox
913 1213 948 1273 de
978 1212 1132 1289 sepulchro
1245 1246 1249 1257 ‹

87 1300 135 1361 bis
156 1301 253 1362 verbis
274 1301 400 1380 allocuta
414 1308 472 1362 est:
489 1301 645 1362 Consedere
662 1301 759 1376 irater,
780 1300 937 1376 consolare,
958 1302 1027 1376 quia
1048 1301 1132 1360 citius

87 1390 189 1448 venies
211 1387 322 1448 adme.
356 1388 444 1449 Cuius
465 1387 577 1448 vultum
600 1406 666 1448 cum
686 1388 790 1449 Abbas
812 1390 922 1447 tristem
944 1393 1080 1463 comeret,
1102 1393 1132 1448 et

87 1476 220 1535 tristitiae
242 1490 360 1534 causam
381 1476 419 1535 ab
442 1492 477 1536 eo
498 1477 663 1550 requireret,
685 1481 714 1535 et
734 1474 782 1535 ille
805 1474 898 1534 dicere
919 1480 1062 1550 renueret,
1082 1475 1131 1534 vix

83 1563 128 1622 ab
152 1579 187 1621 eo
210 1578 284 1637 quae
307 1562 384 1623 dicta
404 1568 471 1622 suut
485 1569 654 1637 extorquere
674 1564 778 1637 potuit.
819 1561 925 1622 Paucis
946 1560 1048 1621 diebus
1068 1559 1131 1621 ela-

86 1650 158 1726 psis,
179 1650 312 1724 precibus
325 1655 358 1708 ut
373 1655 444 1725 puto
466 1648 637 1709 Theoderici
658 1649 781 1724 adiutus,
803 1651 914 1724 etipse
935 1654 1057 1709 vocatus
1079 1653 1132 1724 est,

85 1735 130 1794 illi
153 1737 321 1795 coniunctus
335 1737 364 1795 in
383 1736 473 1811 coelo,
495 1739 541 1796 cui
563 1753 629 1795 oum
639 1735 736 1795 multis
757 1735 881 1796 lacrimis
903 1741 936 1794 ut
958 1733 1132 1795 dictumest

86 1824 229 1884 associari
250 1822 423 1882 desideravit
442 1825 471 1882 in
493 1822 611 1882 mundo.
653 1823 737 1883 Haec
757 1839 778 1882 a
798 1822 897 1900 Sigero
915 1821 1035 1885 Bonnus
1055 1822 1132 1881 reci-

85 1915 249 1970 istasunt.
289 1908 495 1970 NOVIOIUS:
522 1910 599 1970 Puto
628 1909 706 1985 quod
735 1926 846 1970 merces
873 1910 1014 1969 iustorum
1040 1907 1133 1970 multa

86 1999 128 2058 sit
149 1999 179 2056 in
200 1995 294 2057 coelo.
333 1996 571 2058 MONACHUS:
600 1997 668 2058 Hoc
695 1997 748 2058 tibi
769 1995 921 2058 ostendam
943 1997 973 2056 in
1001 1997 1133 2071 sequenti

86 2082 231 2160 capitulo,

449 2273 683 2335 CAPITULUM
703 2273 792 2336 Lm..

126 2397 175 2457 De
197 2413 338 2457 connato
361 2399 413 2474 qui
435 2397 511 2457 dixit
534 2395 750 2457 Obiercicncern
774 2394 909 2456 ordinem
929 2397 1097 2457 maximam

405 2484 513 2544 babere
534 2485 663 2560 pieriam
680 2486 713 2544 irs
734 2483 822 2544 coelo.

159 2604 324 2666 Conversus
343 2605 459 2681 quidem
470 2607 545 2683 nigri
555 2606 662 2666 ordinis
675 2612 742 2666 ante
755 2621 866 2682 pancos
878 2621 970 2666 annos
982 2599 1134 2664 defunctus

83 2699 145 2754 est.
188 2691 245 2752 Die
267 2692 392 2768 quadam
414 2693 527 2754 duobus
548 2693 698 2754 monacbis
720 2693 851 2754 coenobii
872 2693 917 2752 sui
944 2693 976 2751 in
1003 2691 1133 2752 conclavi

82 2778 273 2854 sedentibus,
303 2778 351 2840 iile
380 2782 453 2840 ostio
481 2780 604 2841 latenter
632 2787 732 2856 aperto
761 2781 906 2858 ingressus
935 2785 980 2838 est
1006 2777 1044 2838 ad
1073 2795 1134 2838 eos.

83 2866 159 2944 Quo
181 2867 244 2926 viso
267 2883 333 2926 cum
354 2871 541 2942 terrerentur,
569 2869 692 2928 scientes
721 2883 788 2928 eum
816 2871 975 2940 mortuum,
1002 2866 1043 2924 ait
1069 2864 1133 2925 ille:

82 2954 308 3029 Cognoscitisne
321 2951 389 3013 me?
432 2953 686 3030 Respondentibus
704 2955 755 3028 eis,
776 2953 850 3014 bene
871 2958 900 3012 te
923 2952 1133 3029 cognoscimus,

80 3047 120 3100 tu
147 3055 179 3098 es
200 3039 267 3098 talis
286 3039 372 3100 irater
393 3047 505 3116 noster3
535 3047 691 3117 coeperunt
712 3055 779 3100 eum
799 3042 975 3116 interrogare
997 3037 1033 3098 de
1055 3043 1133 3098 statu

81 3126 275 3204 quamndam
286 3129 456 3188 animarum.
489 3127 570 3204 Quos
591 3128 638 3187 ille
661 3128 697 3188 de
719 3125 838 3204 singuiis
860 3125 1013 3202 expedivit,
1035 3123 1133 3185 diceus

79 3212 234 3292 quasdam
263 3231 326 3274 esse
354 3213 442 3290 mele,
472 3215 612 3291 quasdam
640 3214 726 3276 valde
754 3213 847 3289 mule,
878 3211 1020 3289 quasdam
1046 3213 1133 3271 etiarn

78 3303 176 3375 bene,
198 3299 338 3376 quasdam
359 3300 445 3362 valde
466 3303 550 3364 bene.
592 3302 688 3379 Quem
708 3319 775 3362 cum
797 3303 884 3362 etiarn
909 3301 1134 3375 interrogassent

78 3389 125 3450 de
151 3389 250 3464 griseis
271 3387 434 3465 monacbis,
466 3390 629 3467 respondit:
657 3390 823 3449 Praemium
842 3386 955 3447 illorum
976 3387 1133 3444 maximum
1213 3403 1216 3408 ·

78 3481 145 3550 cst,
168 3474 314 3534 et‘lucent
335 3477 409 3534 sicut
421 3476 466 3537 sol
486 3479 516 3536 in
537 3494 626 3554 regno
649 3476 804 3538 coelorum.
847 3473 930 3534 Haec
951 3471 1021 3532 mibi
1041 3469 1133 3540 relata

74 3565 160 3625 sunt
180 3577 201 3622 a
221 3560 347 3636 quodam
368 3561 486 3625 Abbate
508 3566 582 3642 nigri
604 3564 720 3624 ordinis.
761 3559 969 3623 NOVICIUSr
987 3560 1064 3619 Huic
1085 3559 1132 3616 vi·

74 3649 166 3712 sioni
187 3649 430 3725 concordatquod
445 3651 553 3712 dictum
575 3657 619 3712 est
639 3651 770 3727 superius
787 3651 816 3709 in
839 3649 1019 3708 distinctione
1040 3645 1132 3720 septi·

73 3753 138 3800 ma
164 3735 290 3811 capitulo
313 3737 551 3816 quinquagesimo
572 3756 665 3813 nono,
687 3738 737 3798 nbi
759 3735 830 3797 ordo
852 3741 949 3796 noster
969 3733 1026 3793 sub
1046 3747 1132 3792 men·

99 3835 141 3903 1)
161 3831 280 3903 Neoburg
297 3834 324 3886 in
341 3835 438 3890 Alsetia
455 3854 535 3907 prope
552 3837 673 3906 oppidum
690 3837 819 3907 Hegenau.
