2538 4314
387 275 447 337 DE
470 273 744 340 GONFESSIONE.
1028 279 1088 340 157

74 395 208 472 segetiam,
241 412 426 475 quocunque
455 401 591 475 perrexit,
626 415 740 476 semper
767 415 834 460 cum
861 396 966 460 (ῖετττττο
998 399 1089 461 rediit.

73 481 191 558 Factaque
212 491 254 543 est
275 488 311 561 ei,
332 486 407 546 licet
427 501 488 544 non
508 483 677 563 adverteret,
698 486 862 546 monasterii
880 487 1004 563 pecunia
1021 493 1088 546 tan·

75 585 141 643 quam
157 572 239 647 ignis,
271 579 302 632 et
332 573 501 632 substantia
526 575 641 649 propria
669 575 752 650 quasi
777 571 883 648 stipula
894 570 920 654 ¹).
962 573 1088 634 Etcum

74 662 130 715 asset
146 658 172 714 iu
191 661 420 719 mercationibus
443 661 511 718 satis
532 677 653 736 gnarus,
675 666 762 735 atque
784 661 1016 736 circumspectior
1036 677 1088 722 cs-

73 744 122 800 teris
139 745 191 802 suis
212 745 374 821 sodalibus,
395 745 508 806 illorum
528 741 747 822 prosperitatem
756 763 898 821 auumque
909 747 1088 824 dispendium

72 831 146 888 micci
172 847 228 890 non
260 833 438 893 sufficiebat.
493 831 667 909 compassus
696 835 758 893 eiua
785 833 942 894 infelicitati
968 833 1087 911 Abbas,

73 929 122 974 mm
144 934 252 995 semper
281 923 311 980 ci
341 919 440 994 daret,
472 925 501 978 et
527 918 575 979 illc
603 937 662 994 non
690 919 856 996 proficeret,
887 922 945 980 imo
974 937 1088 998 semper

72 1004 142 1062 minus
160 1003 286 1082 haberet,
310 1005 432 1087 tandem
453 1005 491 1064 ad
510 1012 710 1082 paupertatem
733 1005 855 1066 devenit
899 1005 953 1066 Cui
967 1006 1085 1068 Abbas:

72 1087 129 1162 Quid
153 1098 193 1150 est
227 1093 310 1169 quod
347 1095 426 1170 agis,
452 1093 538 1152 frater
552 1089 596 1172 2)’ῖ
647 1093 743 1169 Quare
776 1099 836 1152 tam
857 1093 952 1153 viliter
980 1109 1087 1154 consu-

70 1176 109 1234 mis
125 1179 310 1240 substantiam
331 1185 415 1238 tuam
443 1179 481 1238 ad
510 1179 704 1240 confusionem
736 1185 816 1240 tuam
847 1186 934 1255 atque
966 1178 1087 1240 meam?

69 1260 201 1340 Respondit
220 1266 284 1326 ille:
306 1264 405 1326 Valde
426 1283 512 1341 parce
532 1268 610 1340 vivo,
630 1272 789 1326 mercatum
808 1284 905 1326 meum
928 1265 1087 1343 diligentis-

68 1348 122 1410 aine
140 1353 279 1432 custodio,
301 1359 330 1412 et
352 1352 424 1441 quid
444 1355 481 1412 sit
501 1351 578 1428 quod
601 1355 676 1412 eirca
696 1369 743 1412 me
756 1355 858 1430 agitur,
878 1355 1010 1436 penitus
1001 1370 1087 1430 igno·

68 1438 313 1499 rc.'Paudem'1n
335 1457 368 1499 se
389 1455 535 1514 reversus,
561 1441 641 1498 veuit
661 1437 699 1498 ad
720 1439 914 1516 sacerdotem,
943 1442 970 1499 ei
991 1442 1088 1502 omnia

69 1523 127 1583 circa
145 1543 173 1586 se
193 1533 281 1604 gesta
301 1528 435 1602 aperiens
455 1543 507 1602 per
528 1526 744 1586 confessionem.
778 1526 831 1585 Oui
853 1527 923 1586 dixit
935 1527 1087 1587 sacerdos:

68 1606 135 1671 Utere
154 1613 279 1674 consiliis
301 1615 389 1687 meis,
423 1619 452 1671 et
480 1614 535 1672 cito
564 1613 644 1672 dives
677 1615 741 1672 eris.
770 1601 910 1674 Pecunia
930 1613 1024 1674 fratris
1044 1615 1088 1674 tui

67 1693 151 1758 fudam
169 1707 226 1776 est,
262 1706 292 1764 et
323 1702 389 1777 ipsa
410 1697 599 1758 substantiam
621 1705 701 1758 tuam
723 1698 880 1759 devoravit.
907 1699 969 1760 De
991 1707 1086 1762 cetero

68 1781 119 1843 nun
136 1789 256 1863 recipias
277 1786 316 1846 ab
340 1802 391 1862 eo,
425 1791 453 1844 et
480 1785 516 1846 de
547 1785 678 1860 modico,
711 1785 789 1862 quod
817 1785 912 1847 adhue
940 1793 1086 1863 superest,

68 1873 197 1950 negotiare,
219 1873 393 1948 videbisque
414 1889 530 1935 manum
540 1872 658 1932 Domini
669 1873 777 1932 bonam
790 1889 877 1950 super
891 1880 920 1933 ts
932 1869 963 1953 8).
996 1874 1086 1950 Quie-
1163 1931 1167 1942 ,

68 1957 119 2030 quid
136 1968 233 2020 autem
255 1960 383 2020 lucratus
405 1959 506 2035 tueris,
534 1959 718 2019 medietatem
738 1959 816 2018 tratri
837 1967 887 2019 tuo
909 1959 1028 2035 reddes,
1050 1959 1086 2020 de

67 2042 154 2120 ratque
174 2053 208 2106 tu
229 2049 328 2121 vives,
361 2052 391 2105 et
412 2045 468 2104 boc
488 2045 598 2105 tamdiu
619 2047 722 2122 iacies,
744 2045 836 2106 donec
858 2063 972 2106 omnem
993 2064 1085 2123 pecu-

67 2131 126 2190 niam
143 2135 310 2193 monasterii
324 2133 385 2191 tibi
407 2130 504 2191 datam
524 2131 565 2190 illi
580 2135 727 2192 restituas.
758 2133 833 2192 Mira
850 2132 1002 2193 clementia
1019 2132 1086 2193 Dei.

68 2213 192 2279 Obediens
212 2219 301 2280 homo
324 2219 494 2280 confessoris
515 2221 560 2279 sui
582 2219 707 2295 consilio,
727 2221 758 2278 in
779 2221 861 2280 brevi
881 2220 954 2280 adeo
978 2215 1085 2281 ditatus

68 2310 112 2378 cst,
138 2313 171 2366 ut
198 2314 227 2367 et
253 2309 316 2383 ipse
344 2303 505 2366 abundaret
533 2312 562 2365 ct
581 2305 661 2365 fratri
681 2312 797 2384 recepta
818 2309 987 2366 restitueret
1031 2306 1085 2366 Cui

67 2403 118 2449 cum
134 2391 235 2453 Abbas
257 2393 378 2452 diceret:
408 2390 491 2451 Unde
512 2393 564 2452 tibi
585 2395 658 2454 istac
680 2393 804 2468 divitiae,
824 2391 932 2452 frater?
963 2410 1085 2470 respon·

67 2473 110 2534 dit:
130 2478 269 2556 Quamdiu
291 2480 483 2540 substantiam
502 2478 620 2539 bamam
637 2487 752 2540 tuorum
761 2481 865 2556 recepi,
885 2497 1000 2556 semper
1008 2497 1085 2558 pau-

65 2576 106 2636 per
124 2571 150 2624 st
167 2570 252 2627 miser
271 2567 328 2642 fui,
359 2569 390 2625 et
412 2571 444 2625 tu
465 2569 590 2643 graviter
610 2569 753 2643 peccasti,
784 2585 843 2626 non
863 2573 914 2626 tua
935 2566 1005 2626 mihi
1025 2567 1085 2626 lar·

67 2649 164 2727 giendo,
193 2669 247 2732 ego
276 2669 348 2714 vero
378 2651 471 2712 aliena
492 2652 665 2729 recipiendo.
706 2653 831 2729 Exque
854 2647 959 2734 enimQ
982 2652 1018 2713 de
1038 2653 1084 2716 bis

67 2739 185 2817 poenitui,
213 2747 241 2801 et
261 2741 373 2800 fautum
395 2739 544 2815 abhorrui,
572 2739 760 2800 benedicente
780 2740 906 2800 Domino
929 2739 1084 2801 abundavi
1143 2816 1148 2824 ο

66 2819 128 2884 licea
145 2835 280 2903 quantum
301 2825 401 2887 valeat
423 2825 572 2885 cumdium
592 2827 701 2886 bouum
721 2829 752 2885 iu
767 2828 953 2886 confessione.
985 2826 1083 2888 Simile

68 2907 153 2984 aliquid
170 2913 303 2992 legitur
295 2933 326 2972 m
347 2912 555 2989 Vitaspatrum.
597 2912 703 2973 Dicam
723 2914 775 2972 tibi
796 2914 891 2974 adhuc
913 2909 1083 2991 exemplum,

68 2997 129 3068 aaut
145 3001 210 3060 mihi
229 2999 329 3060 retudit
350 2999 533 3060 Hermannus
554 2999 692 3060 Decauus
712 2999 882 3078 Bonnensia,
903 3017 1034 3061 assereus
1051 3017 1083 3060 se

69 3082 160 3146 sudbse
180 3105 198 3148 a
218 3086 370 3149 sacerdote
393 3088 438 3147 cui
460 3088 601 3164 contigit.

347 3275 580 3338 CAPITULUM
600 3275 765 3338 XXXVII.

70 3372 107 3433 Dc
123 3377 227 3441 daobcca
246 3381 493 3442 mercatoribus
481 3401 514 3440 an
538 3380 674 3455 Ontonia,
703 3380 809 3457 petbus
837 3384 890 3441 a'ca
902 3369 1082 3459 possessione

99 3469 244 3528 mudum
267 3476 319 3543 eat,
341 3486 379 3528 ccc
399 3471 810 3614 ῖειτατεὲἕῆξξθέηεηῖῖτεηῖειν,
833 3475 861 3528 ct
880 3467 957 3545 facti
977 3477 1048 3532 accc
1163 3501 1164 3506 1

121 3653 179 3717 Duo
199 3661 275 3720 cives
298 3658 482 3720 Colonieuses
502 3662 576 3719 inter
606 3665 700 3718 cetera
732 3676 786 3719 sua
816 3666 939 3736 peecata
960 3658 1082 3721 confessi

85 3765 173 3834 nbat
187 3773 228 3840 tr
245 3775 339 3828 14-
307 3775 390 3844 2)
407 3773 470 3829 ADP
488 3776 608 3840 frater
626 3774 709 3843 quod
727 3777 857 3844 agra
876 3777 908 3846 3)
925 3773 999 3832 Esdr
1017 3773 1081 3839 Ι,,7
1155 3837 1161 3845 x

126 3839 148 3890 9
178 3842 353 3913 nuncuper
375 3845 546 3898 tebonam.
567 3875 598 3886 -
617 3846 650 3913 4)
669 3842 820 3898 Cautem.
