2622 4322
76 306 79 312 ,
174 233 250 346 ἱιιι
501 230 729 296 nnumcmo
753 231 918 312 Qunam

459 432 462 440 ’
547 437 780 503 CAPITULUM
800 441 914 501 XX..

214 562 262 666 De
282 562 422 636 scholare,
444 564 603 639 quitantia
625 563 671 622 die
693 563 850 640 defunctae
872 568 921 636 eat,
944 579 978 622 eo
999 563 1081 639 quod
1100 563 1192 624 mule·

497 649 614 710 didisset
640 658 743 710 saneto
764 649 912 710 Abrahae.

251 798 395 864 Sahalaris
416 802 533 879 quidam
553 803 685 879 Parisiis,
714 819 749 863 eo
771 771 900 879 tempere
922 819 979 880 quo
1000 801 1105 864 Abbas
1125 809 1218 863 uester

186 889 227 949 ibi
247 889 364 965 studuit,
384 891 505 950 verbum
523 890 760 951 contumeliosum
781 892 810 948 in
831 897 963 951 sanetum
977 888 1129 950 Abraham
1150 907 1218 951 evo·

186 978 266 1036 muit
309 977 374 1054 Quo
396 977 441 1038 die
462 981 546 1038 tertio
568 977 709 1052 defuneto,
732 983 928 1054 cagnovemnt
948 993 1061 1052 ornnes,
1085 979 1135 1054 qui
1154 994 1218 1036 rer-

186 1063 257 1124 bum
278 1063 441 1139 audierant,
469 1064 547 1140 qnod
574 1081 626 1141 per
653 1081 777 1141 poenam
804 1066 904 1127 mortis
924 1063 1069 1124 Dominus
1091 1067 1218 1126 sanatum

186 1168 271 1210 suurn
291 1151 472 1211 vindicasset.

524 1311 758 1418 unumunurn
787 1319 876 1417 xxr.
984 1377 1001 1407 .·

241 1479 289 1539 De
309 1480 408 1552 milite,
430 1479 514 1538 artus
533 1478 628 1555 filium
651 1481 817 1540 tonitruum
839 1479 949 1553 oeddtt,
972 1496 1006 1538 eo
1028 1479 1113 1554 quod
1133 1477 1168 1538 ob

310 1567 509 1642 intarrperiem
531 1569 607 1624 amia
628 1568 661 1626 ia
682 1565 892 1642 blasphemiam
907 1569 1103 1642 prorupisset

250 1717 406 1782 Antehac
428 1722 658 1798 quinquennium,
681 1720 795 1798 quando
817 1721 915 1782 valida
933 1720 983 1782 illa
996 1723 1220 1795 eranttonitrun,

186 1814 216 1869 et
243 1824 358 1885 panea
386 1809 552 1884 quotidiana
583 1810 656 1868 aeris
677 1811 843 1885 intemperie
870 1811 973 1869 messis
1000 1809 1220 1884 impediebatur,

186 1894 268 1956 miles
296 1894 413 1971 quidam
440 1897 604 1972 provinciae
625 1901 755 1970 nostrae,
783 1895 869 1954 homo
891 1896 978 1970 liber,
1006 1895 1042 1955 de
1063 1895 1136 1954 villa
1156 1896 1221 1955 satis

186 1983 269 2041 nobis
285 1978 301 2062 ¹)
330 1983 439 2056 vicine,
469 1981 568 2041 videns
596 2000 615 2041 a
642 1988 723 2058 parte
753 1982 922 2042 occidentali
943 1998 1039 2042 aerem
1060 1982 1221 2056 obscurari,

186 2069 334 2144 nubesque
362 2068 520 2128 imbriferas
548 2070 627 2143 oriri,
658 2071 747 2127 iratus
770 2068 856 2128 dixit:
898 2069 976 2128 Eece
1004 2065 1089 2148 ubi2)
1121 2071 1220 2128 iterum
1272 2087 1273 2115 r

187 2155 319 2215 diabolus
340 2155 477 2215 aseendit.
519 2155 578 2215 Vix
599 2171 759 2214 sermonem
780 2155 898 2235 finierat,
920 2161 950 2214 et
971 2171 1039 2216 ecee
1061 2162 1127 2216 orta
1148 2157 1220 2215 toni·

187 2247 253 2318 trun
280 2241 370 2299 filium
398 2245 458 2302 eius
487 2243 517 2298 in
538 2244 602 2300 sinu
623 2243 739 2300 nutricis
760 2248 977 2316 percusserunt,
1002 2245 1066 2318 ipsa
1087 2241 1220 2303 ineolumi

186 2334 380 2404 permanente.
423 2327 482 2388 Sed
511 2333 540 2388 et
566 2331 597 2386 in
624 2328 700 2410 aliis,
723 2327 859 2387 aedificiis
888 2328 997 2388 scilieet
1025 2333 1054 2388 et
1073 2329 1221 2402 iumentis,

186 2413 372 2490 blasphemus
393 2414 440 2474 ille
463 2417 531 2474 satis
552 2413 713 2491 flagellatus
735 2420 787 2489 est,
808 2421 842 2474 ut
854 2415 975 2474 disceret
996 2415 1032 2475 de
1048 2421 1144 2475 cetero
1165 2431 1219 2474 non
1271 2431 1272 2435 ¹

187 2499 396 2576 blasphemare.
438 2501 520 2560 Haec
550 2500 652 2560 eodem
673 2507 800 2576 tempore
821 2508 905 2578 gesta
925 2507 1007 2576 sunt,
1028 2502 1146 2577 quando
1167 2500 1221 2560 ful·

187 2589 296 2646 nuinata
324 2593 368 2648 est
396 2589 482 2647 curtis
508 2594 606 2647 nostra
633 2589 663 2644 in
691 2587 761 2647 villa
790 2581 949 2668 03359163).
992 2587 1077 2648 Unde
1104 2588 1220 2648 stultum

188 2679 233 2734 est
252 2673 346 2750 valde,
368 2679 400 2734 ut
421 2674 508 2733 bomo
523 2674 657 2760 mortalis,
680 2676 749 2733 einis
772 2680 800 2734 et
820 2676 934 2750 vermis,
955 2677 1074 2776 ponat
1065 2693 1095 2732 m
1111 2675 1221 2735 eoelum

188 2778 221 2820 os
253 2756 380 2840 ειιιιιιι3).
433 2760 509 2820 Ecce
537 2749 701 2820 huiusmodi
725 2758 803 2820 mala
831 2760 979 2836 aliaque
971 2778 1122 2821 mnumera
1150 2763 1221 2838 parit

187 2843 271 2927 ira⁵.)
314 2845 517 2908 NOVIOIUS:
544 2846 575 2907 Si
596 2847 678 2906 Deus
707 2852 767 2906 tam
796 2848 955 2924 terribiliter
982 2855 1136 2924 peceatum
1165 2849 1221 2907 irae

187 2933 342 2994 vindicat
334 2953 363 2992 m
384 2937 543 3010 praesenti,
574 2940 644 3010 puto
667 2933 745 3009 quod
773 2934 840 2994 huie
864 2933 933 2994 vitio'
956 2935 1100 2995 subiectos
1123 2937 1222 2995 aeriter

49 3059 53 3070 ·
121 3011 123 3015 ’
187 3023 286 3097 puniet
313 3023 343 3079 in
372 3021 475 3080 sunno.
525 3018 759 3081 MONACHUS:
789 3020 855 3082 Hoc
879 3038 915 3080 ex
938 3021 1066 3104 eapitulo
1093 3021 1222 3098 sequenti

188 3123 353 3186 cognosces.

207 3308 565 3379 obtinebimus.-
586 3309 756 3377 tuctur.
778 3309 810 3374 X,
827 3309 887 3362 bie.
896 3325 981 3376 „,ecce
998 3311 1089 3379 inquit,
1106 3307 1223 3362 ubidia·

257 3379 330 3434 baius
347 3379 413 3432 ἰΙΙιι.3
424 3381 497 3449 3-)
516 3381 552 3433 eie
569 3379 709 3432 emendavi.
728 3379 768 3432 PK
785 3347 957 3432 fulmin”atr
975 3388 1027 3432 est
1043 3381 1148 3432 turris
1165 3377 1223 3431 vil·

234 3449 308 3502 riae
324 3457 461 3502 nostrae
488 3447 640 3514 cassele,
657 3449 765 3502 ARCDR
783 3449 958 3502 fulminata
975 3458 1026 3502 est
1043 3451 1147 3502 turris
1164 3446 1223 3500 ril-

256 3519 307 3571 lue
329 3527 462 3571 nostrae
479 3519 511 3570 in
529 3487 673 3572 Gesse’le.
709 3517 797 3572 Obiter
819 3534 921 3583 moneo,
944 3522 970 3572 in
992 3519 1049 3571 vin
1071 3519 1097 3572 S.
1115 3516 1221 3586 Engelb.

257 3588 277 3652 1,
296 3589 320 3640 5.
338 3605 363 3656 p.
382 3589 448 3641 301.
468 3590 509 3653 ,in
527 3587 675 3670 quibusdam
694 3588 837 3640 civitatibus
855 3597 882 3640 et
905 3589 1053 3641 turribus
1071 3589 1123 3641 suis
1135 3588 1223 3640 tamin

258 3661 370 3725 setisque
388 3656 491 3725 pulchra
501 3659 640 3710 construxit
657 3656 774 3724 palatia,“
793 3673 840 3726 pro
858 3657 1024 3724 turribus,
1040 3673 1092 3710 nou
1108 3656 1223 3716 terris,

258 3726 324 3849 {eg
321 3727 405 3792 potius
428 3727 576 3781 curtibus
599 3742 655 3780 esse
678 3726 875 3798 legendum—
895 3728 928 3797 4)
945 3727 1010 3782 Psal.
1028 3727 1072 3795 72,
1089 3727 1164 3779 9.-
1192 3723 1223 3792 5)

316 3797 480 3864 irruperit.
