2622 4322
467 289 521 350 Du
543 287 806 350 ΤΕΝΤΑΤΙΟΝΈ.
1095 295 1155 353 273

116 429 189 487 nus,
203 418 236 469 ut
245 417 333 470 mater
346 413 402 487 pia,
417 429 490 488 quae
502 413 637 472 infantem
652 413 787 472 dilectum
798 413 873 472 circa
886 412 982 488 ignem
998 406 1158 490 reptantem

116 497 197 560 bede
211 501 285 575 ignis
301 498 424 558 calorem
442 502 545 560 sentire
557 503 703 576 permittit,
724 499 775 560 sed
796 499 901 558 iuuare
926 499 1071 560 volantem
1092 517 1158 560 cum

115 586 214 646 multa
241 587 418 646 testinatione
445 585 570 646 retrahit
613 587 679 647 Hoc
700 585 812 662 plenius
834 585 982 646 auditurus
1004 604 1035 647 es
1055 591 1084 646 in
1107 605 1158 650 ca·

112 674 218 750 pitulo·
235 675 372 748 sequenti.
532 680 537 696 ²
1122 703 1126 710 1

472 861 705 924 CAPITULUM
728 863 806 924 CIII.

195 986 243 1044 De
265 986 483 1044 sanctimoniali
504 989 537 1044 tra
557 987 684 1062 Aupltu,
706 1004 784 1062 quae
805 1003 826 1044 a
847 1002 902 1045 suo
924 987 1083 1045 Provisum

542 1079 657 1132 teomto
679 1079 729 1132 est.

181 1175 217 1234 In
228 1174 336 1252 Anglia
350 1178 393 1235 vir
411 1175 526 1252 quidam
544 1177 692 1253 religiosus
713 1177 886 1236 monasterio
907 1175 1030 1251 praefuit
1049 1180 1157 1236 saucti-

112 1262 291 1322 monielium„
334 1263 405 1322 Erat
427 1269 524 1322 autem
544 1270 669 1322 staturae
686 1259 860 1343 proceraej),
889 1263 1008 1322 decorus
1030 1272 1157 1339 aspectu,

111 1367 207 1427 genas
228 1349 339 1410 habeus
349 1349 531 1423 rubicundas,
554 1350 653 1410 oeulos
672 1350 771 1426 laetos,
793 1353 834 1408 ita
855 1355 888 1408 ut
908 1353 958 1409 vix
977 1349 1081 1426 aliquis
1102 1350 1157 1410 ali·

114 1436 187 1512 quid
215 1439 244 1494 iu
272 1454 307 1495 eo
336 1436 525 1512 religiositatis
534 1431 554 1517 ²)
585 1454 647 1496 esse
675 1437 817 1511 crederet,
847 1439 895 1512 qui
923 1439 1041 1496 virtutes
1070 1440 1157 1496 animi

112 1523 190 1584 illius
218 1525 372 1599 ignoraret
415 1523 451 1582 Iu
480 1525 560 1583 cuius
583 1524 821 1600 contemplatione
841 1523 994 1584 iuveneula
1015 1524 1157 1600 quaedam

111 1611 190 1670 illius
228 1613 457 1688 congregationis
479 1609 551 1670 adeo
585 1613 679 1686 coepit
704 1613 819 1685 tentari,
848 1617 877 1670 et
902 1617 963 1670 tam
989 1612 1156 1687 gravissime

112 1695 237 1756 stimulis
266 1701 358 1756 carnis
386 1700 499 1773 agitari,
541 1704 574 1756 ut
603 1698 775 1759 verecundia
803 1699 964 1773 postposite
993 1701 1157 1773 passionem

112 1801 198 1842 suam
241 1784 282 1842 illi
325 1787 456 1859 aperiret
519 1784 644 1860 Expavit
678 1788 722 1844 vir
757 1791 888 1858 sanetus,
921 1789 950 1842 et
978 1786 1046 1859 quia
1073 1787 1157 1845 timor

111 1870 170 1929 Dei
204 1877 272 1930 aute
305 1870 403 1931 oculos
438 1873 499 1930 eius
534 1871 598 1944 luit,
636 1872 730 1946 eoepit
763 1873 915 1947 virginem,
954 1873 986 1928 in
1018 1879 1156 1946 quantum

16 2008 22 2018 .
112 1959 221 2032 potuit,
247 1965 387 2032 avertere,
412 1957 524 2017 dicens:
555 1956 658 2017 Christi
679 1976 785 2033 sponsa
806 1975 846 2032 es,
868 1964 897 2016 et
918 1959 942 2015 si
962 1957 1079 2016 Domini
1100 1963 1156 2017 mei

111 2062 252 2120 sponsam
274 2061 441 2120 corrupere,
471 2061 528 2103 nou
550 2048 674 2121 patietm
693 2048 809 2120 impune
830 2047 963 2119 transire,
984 2061 1078 2118 neque
1099 2044 1155 2104 ho-

112 2133 205 2190 mines
239 2132 288 2190 diu
320 2134 426 2208 poterit
457 2131 554 2190 latere.
597 2133 719 2191 Dicente
747 2131 811 2206 illa,
839 2133 864 2190 si
892 2147 950 2189 non
979 2135 1155 2213 consenseris

113 2217 199 2293 mihi,
228 2221 349 2294 morier;
372 2218 519 2292 respondit
541 2217 601 2277 illa:
632 2218 677 2278 Ex
700 2235 757 2294 quo
780 2219 861 2278 aliter
883 2235 945 2276 esse
966 2235 1024 2276 uon
1044 2225 1151 2294 potest,

112 2305 164 2363 fiet
193 2313 226 2365 ut
248 2308 302 2365 vis.
345 2305 380 2362 In
398 2322 466 2388 ‘quo
490 2322 557 2381 ergo
579 2306 643 2366 loco
666 2304 889 2366 conveniemus?
910 2305 1070 2380 Respondit
1090 2305 1153 2366 illa:

113 2391 295 2468 Ubicunque¹
308 2392 361 2451 tibi
389 2391 539 2466 placuerit,
572 2409 626 2469 ego
659 2395 689 2451 in
723 2392 779 2452 hac
807 2397 892 2450 nocte
923 2393 1036 2451 veniam
1058 2393 1096 2451 ad
1117 2401 1154 2452 te.

112 2478 162 2536 Ad
192 2479 272 2555 quod
301 2479 364 2538 ille:
394 2477 515 2554 Oportet
540 2486 574 2537 ut
601 2482 629 2536 in
659 2479 704 2538 die
731 2479 791 2538 fiat.
835 2476 1024 2553 Ostenditque
1052 2482 1155 2556 virgini

114 2566 274 2630 domumin
297 2567 433 2642 pomerio,
455 2582 574 2624 monens
597 2573 626 2624 et
646 2568 832 2641 praecipiens,
853 2572 885 2624 ut
905 2569 1018 2624 nemine
1040 2569 1155 2641 sciente,

113 2656 227 2713 nomme
243 2653 367 2726 vidente,
389 2653 437 2710 tali
459 2653 531 2711 hora
551 2652 618 2711 illuc
627 2649 647 2733 ³)
670 2656 787 2712 veniret
830 2651 912 2728 Quae
934 2670 999 2712 cum
1021 2657 1154 2728 venisset,
1242 2707 1254 2720 ..

116 2739 186 2798 dixit
206 2743 251 2798 vir
265 2736 351 2818 Deit)
373 2739 506 2798 adeam:
529 2739 663 2814 Domina,
683 2740 800 2816 dignum
814 2746 857 2797 est
878 2746 908 2798 et
928 2740 1011 2799 vobis
1032 2741 1154 2815 expedit,

115 2834 147 2885 ut
168 2844 274 2903 corpus
296 2843 410 2900 meum,
440 2825 518 2902 quod
539 2834 600 2884 tam
621 2826 753 2886 ardenter
775 2828 987 2901 concupiscitis,
1008 2829 1086 2902 prius
1107 2829 1153 2896 in-

115 2915 251 2988 spiciatis,
273 2918 302 2973 et
324 2915 348 2971 si
369 2921 436 2972 tunc
458 2912 604 2988 placuerit,
626 2912 765 2972 desiderio
787 2919 883 2971 vestro
905 2931 956 2988 per
975 2913 1046 2972 illud
1068 2916 1153 2973 satis-

115 3000 235 3060 faciatis.
278 3000 344 3060 Hoc
359 2997 443 3073 dicto,
464 2999 645 3074 illataceute,
666 3003 837 3060 vestimenta
849 3017 902 3058 sua
924 3003 1009 3075 exuit,
1031 2999 1153 3072 cilicium

116 3090 302 3162 asperrimum
325 3103 382 3160 quo
403 3087 519 3146 indutus
542 3093 617 3161 erat,
635 3086 673 3146 ad
695 3103 810 3146 carnem
832 3085 971 3162 deposuit,
993 3104 1153 3163 corpusque
1182 3105 1186 3123 r

116 3174 226 3234 nudum
247 3174 393 3233 vermibus
416 3191 575 3248 corrosum,
604 3173 694 3232 cilicio
716 3175 858 3248 attritum,
882 3175 1045 3234 scabiosum
1067 3181 1153 3250 atque

116 3263 300 3338 nigerrimum
322 3260 361 3318 illi
383 3260 550 3335 ostendens,
573 3263 625 3318 ait:
647 3261 692 3318 En
715 3260 792 3336 quod
813 3277 902 3335 amas,
929 3261 1010 3336 exple
1031 3279 1108 3322 nunc
1129 3265 1153 3322 si

116 3347 212 3422 placet
237 3347 416 3422 voluptatem
441 3339 540 3406 tuam(
572 3347 682 3406 Videus
702 3347 775 3408 haec
797 3347 860 3422 illa,
881 3351 1006 3424 expavit,
1026 3355 1056 3408 et
1076 3366 1152 3408 nuuc

117 3437 145 3492 in
177 3434 331 3509 pallorem,
360 3451 435 3493 nunc
463 3435 500 3492 in
519 3434 654 3493 ruborem
673 3451 775 3510 versa,
800 3434 838 3493 ed
859 3433 948 3512 pedes
970 3436 1030 3494 eius
1052 3453 1153 3509 ruens,
1232 3489 1236 3498 .

118 3521 409 3595 v'euiampostrdavit.
452 3520 504 3580 (lui
518 3521 581 3579 ille:
603 3521 758 3580 Revertere
778 3529 886 3580 secrete
900 3525 928 3578 in
950 3525 1154 3582 monasterium
1222 3536 1225 3541 ·

119 3614 209 3682 tuum,
237 3615 265 3666 et
292 3606 360 3666 vide
388 3623 424 3665 ne
453 3625 500 3667 me
528 3609 643 3668 vivente
668 3607 772 3684 prodas
794 3617 935 3669 secretum
956 3625 1060 3668 meum.
1103 3608 1151 3668 Ab

140 3792 172 3860 1)
188 3792 209 3846 C
225 3808 399 3860 procerus3
417 3793 482 3844 conl.
501 3793 564 3852 vill,
583 3793 624 3846 96.
643 3823 675 3832 -
694 3795 726 3862 2)
745 3793 786 3847 BG
803 3795 1040 3862 religiositatis
1058 3797 1089 3846 in
1107 3810 1151 3845 eo.

194 3892 221 3901 -
240 3864 271 3931 3)
289 3863 309 3916 B
328 3861 411 3914 illic.
431 3893 459 3902 -
480 3863 512 3930 4)
530 3865 582 3914 vir
599 3863 656 3914 Dei
674 3863 722 3915 add
740 3864 772 3928 ῦς
790 3879 848 3916 mox
866 3863 994 3936 dominu
1012 3863 1061 3916 add
1079 3863 1128 3916 BC.

721 4001 724 4008 .
817 3935 895 4010 12*

167 4115 194 4160 φ

1300 343 1308 372 l
