2654 4308
359 311 415 374 uu
435 310 620 375 nunnus
639 310 877 401 uuronmus.
1087 311 1148 372 ιιι
1241 257 1279 381 J

439 500 674 565 CAPITULUM
694 503 821 564 XLVII.

149 613 361 684 De'muiuous
383 624 497 701 Teuplt
518 642 592 702 quos
611 628 727 701 pagani
746 626 846 686 uidere
864 641 928 684 uon
942 631 1110 701 potueruut

415 711 488 775 dum
508 713 599 772 hores
619 729 691 772 suus
712 713 847 771 muana

172 829 239 891 Nou
268 837 312 890 est
341 829 390 890 diu
418 831 496 908 quod
518 850 569 892 sex
590 832 693 894 milites
714 831 826 908 Templi
848 834 878 892 in
897 833 993 893 vieina
1002 828 1020 912 1)
1047 831 1149 892 Sarra·

108 933 247 978 senorum
274 917 377 980 horam
405 918 550 995 quandam
579 922 747 980 eanonicam
767 922 901 995 prostrati
921 918 1062 979 dicebant.
1104 917 1150 976 Ex

106 1006 256 1080 inopinato
284 1007 404 1082 paganis
432 1007 714 1082 supervenientibus,
747 1023 813 1066 oum
833 1005 873 1064 illi
901 1022 1017 1082 surgere
1042 1003 1151 1065 vellent

109 1097 139 1150 et
158 1092 266 1168 fugere,
287 1093 423 1168 magister
444 1095 485 1152 eis
505 1095 596 1152 innuit
618 1098 651 1152 ut
670 1095 803 1154 iacerent
835 1091 911 1152 Mira
931 1108 987 1152 res.
1023 1090 1064 1152 Ut
1084 1089 1149 1151 Rex

109 1176 241 1238 eoelestis
259 1177 430 1254 ostenderet,
452 1185 590 1256 quantum
608 1181 634 1239 ei
655 1180 783 1258 magistri
802 1177 926 1239 fidest
897 1184 926 1239 et
946 1176 1150 1268 discipulorum

109 1263 275 1326 obedientia
302 1263 443 1341 placeret,
469 1265 588 1343 angelos
609 1283 677 1327 suos
707 1268 799 1342 misit,
827 1267 972 1343 aquibus
993 1253 1150 1324 infidelium

109 1350 195 1410 turba
216 1348 361 1430 turbata2)
384 1357 428 1411 est
435 1353 580 1429 ,quddam
603 1355 692 1429 eapti,
713 1360 742 1413 et
762 1351 858 1428 plures
879 1354 974 1413 oooisi.
1019 1351 1149 1426 Cumque

110 1454 161 1498 eos
183 1454 256 1514 quos
278 1437 374 1515 angeli
394 1440 545 1499 vinxerant
565 1439 718 1516 Templarii
741 1439 1023 1515 comprehendissent
1030 1481 1038 1514 ,
1011 1444 1089 1498 tet
1108 1435 1154 1499 illi.

110 1525 252 1585 diserent:
274 1523 332 1584 Ubi
346 1530 390 1585 est
404 1529 544 1586 exereihis
563 1543 649 1601 quem
671 1525 779 1585 dudum
800 1526 933 1603 vidimus,
954 1544 973 1586 a
994 1541 1051 1601 quo
1073 1525 1150 1600 eapti

54 1671 58 1679 ,
109 1628 210 1672 sumus
240 1616 268 1672 et
300 1611 408 1671 oeeisi‘l
440 1611 661 1688 responderunt:
697 1613 824 1690 Quande
849 1630 967 1673 neeesse
995 1612 1150 1686 habemus,

110 1693 230 1759 veniunt
241 1698 325 1758 uobis
346 1701 375 1757 in
389 1699 542 1776 auxilium3
565 1697 680 1776 quando
702 1716 759 1759 non
780 1699 949 1776 indigemus,
970 1705 1151 1759 revertuntur

109 1788 139 1844 iu
168 1785 354 1845 tabernacula
382 1803 444 1846 sua
486 1785 690 1845 Intellexerant
716 1789 792 1846 enim
812 1793 927 1846 sanctos
948 1785 1067 1862 angelos
1085 1785 1150 1845 illos

110 1872 199 1932 huisse
220 1888 293 1948 quos
314 1873 369 1947 ipsi
389 1871 486 1932 videre
507 1888 566 1931 uon
586 1878 756 1949 potuerunt,
780 1875 829 1948 qui
850 1872 1033 1934 laudantibus
1053 1871 1151 1930 Deum

111 1975 226 2035 semper
253 1965 368 2034 assunt,
393 1961 530 2044 ipsosque
553 1958 725 2020 custodiunt.
767 1959 826 2034 Ipsi
847 1975 949 2019 revera
969 1964 1036 2018 sunt
1056 1963 1152 2019 eastra

112 2045 183 2121 Dei,
212 2038 261 2120 qui
282 2045 371 2105 Iaoob
394 2063 460 2106 eum
481 2048 582 2106 timore
604 2047 786 2106 revertenti
778 2064 808 2104 ur
829 2051 933 2105 terram
956 2061 1039 2105 suam
1059 2060 1151 2104 vene-

111 2133 228 2192 runtin
250 2131 396 2193 auxilium.
438 2131 634 2209 Puerumque
656 2137 696 2206 ei,
718 2138 751 2191 ut
773 2131 841 2192 dioit
861 2134 1010 2208 sumptura,
1032 2129 1151 2190 obuiam

112 2219 289 2294 aupeliDei.
334 2220 416 2297 Quos
429 2237 497 2278 oum
516 2219 641 2294 videsset,
664 2224 725 2280 uit:
748 2219 856 2280 Ousire
869 2220 928 2278 Dei
948 2224 1018 2278 aursi
1039 2219 1113 2276 haee
1118 2215 1151 2289 ³).

74 2347 79 2360 .
110 2305 176 2365 Hoe
190 2305 359 2365 miraculum
371 2323 437 2366 oum
450 2307 601 2367 recitatum
623 2306 723 2367 sulsset
741 2306 816 2383 Regi
837 2305 979 2382 Philippo,
999 2307 1029 2364 iu
1052 2305 1151 2364 eastris

111 2409 179 2452 oum
191 2391 297 2452 rediret
311 2392 347 2452 de
362 2393 509 2454 obsidione
525 2392 669 2470 Coloniae,
690 2393 847 2469 respondIt:
872 2391 970 2466 Certe,¹
984 2393 1009 2452 si
1029 2391 1151 2451 habuis-

111 2496 173 2539 sem
195 2479 288 2556 lepem
303 2475 416 2556 perrel)
438 2482 467 2539 in
481 2497 539 2556 ore,
560 2497 615 2557 ego
636 2479 782 2557 psalmum
802 2477 989 2556 reliquissem,
1011 2485 1040 2538 et
1059 2479 1151 2555 fugis·

107 2582 183 2626 sem.
217 2559 308 2626 ‘Haeo
336 2565 414 2628 dieta
441 2563 526 2646 siut⁵)
549 2568 585 2627 de
606 2568 763 2628 visionibus
784 2567 960 2644 angelorum.
1002 2565 1092 2625 Porro
1115 2564 1152 2624 de

110 2651 269 2712 visionibus
302 2653 533 2714 Patriareharum
568 2661 655 2730 atque
691 2654 901 2730 Prophetarum
934 2664 1039 2729 pauoa·
1057 2651 1152 2712 dicere

111 2739 223 2814 habeo,
245 2741 313 2815 quia
333 2741 424 2800 rarius
446 2742 552 2802 sanetis
573 2743 641 2801 novi
661 2743 825 2802 testamenii
845 2746 992 2816 apparent
1034 2737 1152 2798 NOVI-

111 2824 217 2886 CIUSz
240 2825 322 2902 Quae
334 2828 371 2885 sit
384 2843 474 2888 eausa
486 2827 560 2887 illius
574 2830 705 2904 raritatis,
728 2831 777 2905 qui
799 2820 885 2888 eliam
899 2828 1003 2887 luerint
1023 2825 1151 2885 Patriar-

18 2969 21 2972 .
104 2913 200 2997 Αοῐιεε,
222 2914 271 2988 qui
291 2912 469 2989 Prophetae,
492 2918 521 2973 et
542 2931 630 2990 quare
652 2916 693 2975 sio
715 2914 798 2990 dieti,
818 2930 920 2991 precor
940 2919 974 2972 ut
995 2912 1151 2988 edisseram

2 3071 3 3077 ἵ
103 2997 217 3059 deinde
245 3001 271 3059 si
298 3016 371 3076 quas
398 3002 474 3060 nosti
501 3001 626 3061 visiones
655 3001 691 3060 de
718 3001 774 3060 illis
801 3001 968 3078 subiungas.
984 3001 1000 3016 ''
1017 2996 1152 3060 MONA-

112 3084 232 3148 OHUS:
262 3085 378 3163 Quanto
399 3086 516 3158 brevius
536 3094 637 3163 potero
660 3086 696 3149 de
717 3088 860 3164 requisitis
880 3092 909 3148 te
931 3084 1091 3163 expediam
1148 3177 1150 3184 ,

437 3294 670 3358 CAPITULUM
689 3295 830 3357 XLVIII.

387 3417 436 3477 De
456 3417 642 3478 Patrimohie
664 3425 692 3478 et
713 3417 878 3493 Prophetas.

177 3519 362 3602 Patriarehae
380 3539 521 3600 suntviri
541 3539 609 3600 iusti
630 3544 659 3600 et
678 3538 804 3616 gloriosi,
825 3555 892 3600 eum
913 3540 1017 3616 quibus
1038 3529 1153 3600 loeutus
1238 3579 1241 3583 -

110 3631 158 3742 est
169 3624 261 3704 Deus,
280 3625 558 3737 Abrahumseilieet,
579 3625 675 3688 Ysaae
690 3632 719 3688 et
731 3625 836 3702 Jaeob,
858 3631 887 3687 et
907 3626 956 3688 alii
976 3643 1064 3703 quam
1084 3625 1152 3713 plu-

132 3811 459 3881 ljllBGl’viciuiaae-
473 3813 795 3884 tpbprovsrara-
808 3813 949 3883 iljdeues
968 3811 1150 3878 3212-

160 3881 471 3949 l.,.-)1’rrl2611
490 3885 522 3955 5)
540 3883 582 3938 Bc
601 3893 702 3938 sunt
