2580 4316
187 273 225 331 68
493 269 720 332 DISTHlOTIO
743 269 927 333 SECUNDA

186 399 236 451 est.
280 390 410 467 Cumque
431 392 584 452 duceretur
603 391 642 451 ad
662 400 801 468 mortem,
823 392 957 452 sacerdos
979 389 1106 450 ciusdem
1126 389 1216 464 villae,

184 480 298 537 nomine
315 476 331 558 ¹)
359 479 546 556 Bertolphns,
580 497 645 538 enm
678 480 735 538 alio
768 480 935 554 sacerdote,
978 481 1027 554 qui
1061 478 1217 537 vocabatur

184 565 342 639 Jebannes,
363 584 499 642 germano
520 564 644 646 iratam)
668 566 822 642 supradicti
843 565 996 640 Beruardi,
1026 571 1055 624 et
1077 564 1215 624 advocato

184 652 278 726 villae,
299 659 398 728 utpote
420 653 573 729 aliquando
586 650 606 732 ¹)
629 655 722 712 virum
743 653 913 728 honestum,
934 658 1081 711 traxerrmt
1102 654 1131 710 iu
1151 669 1217 726 par-

184 747 251 813 tem,
273 742 341 798 eatis
363 739 511 816 diligenter
525 757 598 798 eum
618 747 767 798 monentes
790 740 826 799 de
848 741 1025 800 consessione
1045 745 1133 814 atque
1149 755 1217 798 con-

184 829 297 886 tritione
319 824 453 907 cordine).
496 827 535 885 Et
556 829 624 901 quia
651 829 737 884 miser
765 827 853 885 bomo
881 844 934 903 per
959 843 990 884 se
1019 841 1134 902 surgere
1161 842 1216 883 non

184 915 291 987 potuit,
323 930 376 972 nec
399 931 515 972 manum
536 916 565 971 in
578 910 597 992 ὁ)
621 931 653 971 se
674 911 873 972 sublevantem
894 915 996 987 sensit,
1025 911 1217 971 miserabiliter

184 996 344 1074 respondit:
373 1000 449 1076 Quid
477 999 547 1058 mihi
573 1006 692 1074 possent
718 997 805 1079 ista⁶)
827 999 984 1075 prodesse?
1026 999 1124 1058 Homo
1146 1001 1217 1058 euim

184 1086 335 1145 damnatus
354 1096 427 1146 sum.
469 1088 583 1146 Revera
596 1086 742 1161 respondit
761 1089 835 1146 sieut
847 1087 934 1145 homo
953 1086 1102 1146 induratus
1118 1093 1146 1145 et
1168 1086 1217 1145 de-

184 1181 322 1249 speratus,
344 1175 442 1232 similis
455 1174 494 1232 illi
509 1176 557 1248 qui
581 1173 709 1232 dicebat:
732 1172 825 1232 Maior
839 1175 1026 1248 estiniquitas
1037 1191 1111 1248 mea,
1134 1190 1216 1248 quam

184 1268 217 1319 ut
236 1262 351 1320 veniam
371 1278 482 1320 merear
491 1257 521 1338 t).
563 1259 601 1317 Et
622 1263 663 1318 ait
682 1259 722 1316 illi
743 1257 892 1320 'sacerdosr
914 1260 1025 1318 Adiuro
1048 1267 1077 1319 te
1098 1260 1216 1336 pcha-

183 1354 255 1406 trem
278 1355 307 1406 et
327 1347 431 1406 Filium
452 1356 482 1406 et
502 1347 638 1421 Spiritum
666 1352 811 1421 sanctum,
839 1355 872 1406 ut
898 1347 970 1405 inira
997 1347 1051 1405 hos
1080 1347 1141 1406 dies
1167 1347 1217 1404 tri-

182 1437 263 1510 ginta
273 1431 295 1513 ⁸)
317 1435 385 1492 milri
405 1446 560 1510 appareas,
590 1439 619 1492 et
647 1435 707 1491 sine
735 1436 812 1491 omni
832 1434 959 1509 periculo
981 1435 1058 1493 vitae
1079 1447 1161 1493 meae
1183 1433 1217 1490 de

184 1528 260 1580 statu
283 1527 333 1580 tuo
354 1538 401 1580 me
424 1520 572 1581 certifices.
614 1519 790 1602 Respondit:
812 1519 843 1580 Si
864 1520 933 1579 milri
953 1520 1064 1579 licuerit
1075 1518 1106 1600 ⁹),
1125 1521 1217 1579 liben-

183 1616 227 1666 ter
252 1607 308 1667 hoc
337 1607 449 1666 seciam.
499 1607 605 1682 Sisque
634 1607 717 1666 rotali
745 1624 840 1682 poena
868 1607 984 1683 plexus,
1015 1606 1050 1666 de
1079 1613 1216 1668 tormento

184 1697 309 1771 corporis
331 1696 460 1753 transivit
481 1694 519 1752 ad
540 1700 713 1752 tormentum
735 1700 868 1753 aeternae
890 1694 1089 1754 damnationis.
1129 1695 1216 1753 Nocte

184 1781 308 1858 quadam
330 1782 402 1840 infra
422 1787 561 1840 statutum
583 1787 705 1857 tempus,
726 1780 882 1855 Bertolpbc
901 1781 1058 1840 dormiente
1078 1784 1108 1840 in
1129 1787 1216 1848 stratu

183 1886 245 1943 suo,
266 1875 362 1927 tantus
385 1884 448 1927 csse
471 1870 564 1943 coepit
580 1864 609 1947 ¹⁰)
632 1871 707 1927 eirca
729 1867 846 1925 domurn
866 1867 961 1944 fragor
981 1868 1133 1943 arborum,
1160 1873 1216 1926 tam

183 1956 338 2016 vehemens
359 1956 444 2015 flatus
465 1961 624 2029 ventomm,
646 1961 678 2013 ut
698 1957 762 2028 ipsa
782 1953 916 2014 animalia
938 1961 1100 2030 stuperent,
1123 1961 1152 2014 et
1171 1955 1217 2013 vix
1271 1993 1272 2000 1

183 2046 241 2102 suis
262 2043 329 2102 loris
349 2042 421 2102 inira
443 2042 566 2104 claustra
587 2041 692 2102 stabuli
712 2043 828 2100 retineri
837 2047 964 2116 possent.
995 2041 1217 2120 Expergeiactus

184 2128 371 2206 Bertolpbus,
387 2132 516 2205 respexit
537 2128 575 2188 ad
597 2131 702 2187 ostium
724 2127 840 2202 domus,
874 2135 902 2187 et
924 2144 991 2188 ecee
1011 2131 1117 2190 ianuae
1139 2120 1216 2204 quasi

183 2220 212 2274 vi
229 2224 380 2276 ventorum
401 2215 540 2291 impulsae
562 2215 771 2290 aperiebantur,
792 2215 919 2290 viditque
941 2215 1169 2276 Hildebrandum
1188 2217 1215 2272 in

183 2307 295 2364 camino
317 2303 433 2362 ardente
453 2302 634 2376 residentem,
655 2302 766 2376 sibique
787 2301 906 2361 celerius
927 2305 1165 2378 propinquantem
1181 2298 1216 2379 ¹¹).

182 2391 308 2450 Territus
329 2396 427 2450 autem
447 2389 687 2464 supramodum,
715 2405 747 2448 se
779 2391 916 2464 signavit,
945 2397 974 2448 et
1001 2396 1035 2447 ut
1055 2396 1145 2450 staret
1164 2388 1214 2448 sub

182 2480 363 2537 invocatione
392 2476 479 2535 divini
507 2478 628 2534 nominis
663 2477 816 2550 praecepit
860 2476 937 2534 Ecce
972 2476 1018 2536 hie
1052 2493 1119 2536 sum
1146 2478 1216 2537 sicut

182 2567 306 2639 promisi,
327 2566 426 2637 inquit.
458 2562 625 2622 sciscitante
646 2561 749 2641 illode
762 2568 911 2636 statusuo,
931 2562 1092 2637 respondit:
1114 2562 1215 2622 Aeter-

181 2651 283 2710 naliter
304 2648 455 2709 damnatus
477 2667 556 2723 sum,
588 2651 766 2723 aeternisque
787 2648 924 2708 incendiis
943 2655 1060 2724 propter
1081 2649 1215 2725 despera-

181 2741 288 2798 tionem
309 2739 432 2796 maxime
455 2736 616 2812 deputatus.
651 2735 683 2795 Si
704 2734 863 2794 secundum
883 2742 965 2794 tuum
978 2735 1127 2796 eonsilium
1142 2737 1215 2812 egis-

181 2825 468 2900 sempoenitentiam,
486 2840 537 2898 per
553 2820 581 2903 ¹²)
600 2839 723 2898 poenam
744 2822 931 2897 temporalem
952 2825 1109 2882 evasissem
1123 2829 1214 2882 aeter-

182 2929 257 2986 nam.
300 2912 365 2970 Non
394 2913 469 2968 enim
500 2913 582 2984 punit
608 2908 689 2980 Deus
717 2910 762 2966 bis
789 2911 818 2967 in
850 2909 982 2984 idipsum.
1024 2909 1091 2969 Hoc
1121 2916 1214 2968 autem

181 3000 262 3073 scito,
284 2999 352 3074 quia
374 2999 397 3056 si
419 3014 476 3055 non
497 2997 614 3055 fuissem
626 2998 710 3054 murm
725 3013 743 3054 a
757 3002 786 3054 te
802 2995 957 3070 adiuratus,
978 3012 1015 3054 ne
1025 2996 1077 3055 tibi
1089 3002 1214 3056 mortuus

181 3103 332 3158 nocerem,
354 3082 429 3142 malo
452 3089 504 3142 tuo
524 3083 581 3142 lruc
602 3082 791 3142 advenissem.
836 3081 960 3142 Consule
982 3083 1047 3157 tibi,
1074 3090 1107 3142 ut
1128 3084 1213 3142 vitam

182 3178 261 3232 tuam
283 3169 430 3245 emendes,
451 3188 487 3228 ne
508 3170 671 3245 posthanc
692 3171 782 3227 vitam
803 3168 924 3228 similem
944 3185 1067 3244 poenam
1088 3171 1214 3244 recipias.

181 3259 252 3318 Erat
273 3266 369 3318 autem
389 3257 467 3318 idem
488 3256 660 3332 Bertolphus
682 3255 814 3314 sacerdos
836 3259 958 3330 nomine,
979 3273 1037 3316 non
1059 3272 1098 3334 re.
1140 3255 1213 3314 Nam

181 3363 272 3420 usque
286 3345 324 3404 ad
335 3344 405 3404 illud
425 3351 539 3419 tempus
550 3346 612 3402 sine
624 3342 722 3402 ordine
743 3343 914 3419 presbyterii
928 3343 1131 3403 celebraverat.
1160 3341 1213 3416 Qui

200 3496 230 3566 1)
248 3496 377 3546 nomine
394 3511 435 3546 om
453 3495 481 3547 G.
501 3525 532 3534 -
551 3494 583 3560 2)
601 3494 717 3545 fratris
743 3509 783 3545 om
802 3493 850 3546 BC.
870 3525 903 3532 -
922 3494 953 3562 3)
972 3469 1147 3561 aliquando
1164 3489 1212 3541 add

250 3565 306 3627 BC;
333 3564 428 3617 moxG
453 3564 626 3616 honesturn
653 3566 763 3615 virum.
783 3593 814 3602 -
842 3564 874 3630 4)
899 3563 919 3615 Β
946 3563 983 3614 de
1009 3563 1212 3615 contritione

250 3633 359 3685 cordis
386 3642 416 3684 et
442 3634 661 3685 consessione.
680 3663 713 3672 -
733 3633 764 3699 5)
782 3634 812 3683 in
831 3648 872 3684 om
889 3633 919 3684 ll.
939 3663 968 3674 ·-
989 3633 1021 3700 6)
1039 3632 1079 3684 BP
1096 3631 1162 3683 illa.
1180 3659 1209 3669 -

250 3703 465 3770 7)Gen.t,13.
485 3731 515 3742 -
535 3702 567 3769 8)
585 3702 626 3754 ΒΟ
643 3704 782 3770 triginta
808 3701 887 3753 dies.
907 3731 938 3743 —
962 3703 994 3769 9)
1011 3701 1032 3754 ὓ
1055 3702 1160 3753 liceat.
1180 3727 1209 3738 -

250 3772 298 3893 ἑο)
317 3771 358 3826 Ol)
376 3773 488 3839 eoepit
506 3785 589 3824 esse.
609 3801 639 3812 -
669 3772 717 3841 11)
735 3770 755 3824 G
773 3774 1096 3840 appropinquantem.
1115 3799 1144 3810 -
1165 3769 1211 3834 12)

287 3849 427 3908 propter.
