2580 4316
159 299 199 358 26
488 291 714 354 DISTINOTIO
732 290 863 352 PRIMA

486 447 719 510 CAPITULUM
739 449 828 508 XIX.
835 445 866 529 ὕ)

253 573 302 632 De
323 573 511 630 conversione
532 571 655 640 Hebraei
676 575 811 647 premant
831 571 920 646 Rapis
941 567 1097 629 Frontina.

222 709 337 771 Accidit
367 717 495 785 tempore
523 710 663 785 quodam,
692 715 725 769 ut
753 709 895 768 Henricus
924 726 1077 786 germanus
1106 709 1196 784 Regis

159 801 297 859 Franciae
318 799 427 855 veniret
447 799 476 855 in
499 796 733 872 Claramvallem,
755 796 901 856 locuturus
930 798 1016 856 beato
1046 795 1195 854 Bemardo

158 903 245 962 snper
280 883 407 960 quodam
441 884 581 943 saeculari
611 887 745 960 negoti03
778 889 871 941 totum
903 885 990 941 etiam
1023 888 1197 942 conventum

159 976 293 1045 visitans,
320 970 394 1028 illius
424 988 454 1030 se
483 973 657 1030 orationibus
681 970 913 1029 commendavit.‹
951 968 1005 1028 Oui
1025 967 1197 1030 venerabilis

158 1059 261 1120 Abbas
282 1060 355 1116 inter
376 1064 471 1116 cetera
491 1061 568 1118 vitae
590 1057 722 1116 salutaris
743 1060 852 1115 monita
879 1053 1041 1131 respondit;
1075 1053 1196 1115 Confido

158 1150 188 1206 in
209 1145 349 1218 Domino,
381 1151 409 1203 te
438 1161 495 1202 non
524 1148 691 1226 moriturum
713 1146 742 1201 in
765 1161 798 1203 eo
820 1147 849 1201 in
872 1160 929 1218 quo
951 1160 1027 1202 nunc
1049 1159 1080 1202 es
1102 1148 1196 1214 statu,

159 1233 211 1293 sed
231 1232 368 1292 velociter
388 1234 581 1305 experimento
602 1232 748 1306 probabis,
770 1237 908 1305 quantum
930 1231 982 1288 tibi
994 1233 1113 1288 istorum
1126 1246 1196 1304 pro-

159 1323 196 1380 sit
217 1321 323 1391 oratio,
356 1334 429 1391 quos
451 1321 590 1392 expetisti.
634 1317 719 1392 Quod
748 1319 850 1376 eodem
880 1317 925 1376 die
954 1318 1109 1391 probatum
1137 1321 1196 1389 est,

158 1425 217 1466 non
238 1409 298 1464 sine
320 1404 474 1462 multorum
496 1405 701 1479 admiratione,
730 1404 766 1463 dc
788 1406 859 1462 tanti
888 1406 998 1462 iuvenis
1021 1402 1197 1462 exsultantes

159 1494 353 1554 conversione.
397 1489 448 1549 Sui
470 1509 535 1549 cnm
557 1492 703 1567 lugebant,
726 1497 754 1550 et
775 1497 913 1565 tanquam
934 1496 1080 1549 mortuum
1096 1506 1197 1548 cerne·

159 1573 229 1654 rent,
250 1582 291 1638 ita
311 1577 552 1637 inconsolabiliter
566 1574 581 1657 ¹)
605 1577 758 1637 eiulabant.
801 1576 1005 1636 NOVICIUS:
1026 1576 1093 1636 Non
1101 1579 1198 1650 miror,

140 1670 184 1726 ⁴si
206 1669 261 1725 cito
281 1667 376 1740 potnit
399 1667 535 1740 converti,
557 1667 605 1739 qui
628 1682 658 1723 se
680 1665 806 1723 habilem
829 1663 997 1723 exhibuerat
1010 1665 1197 1722 conversioni.

158 1751 393 1812 MONAOHUS:
427 1750 512 1826 Quod
544 1754 567 1810 si
598 1751 672 1809 illius
703 1753 930 1810 conversionem·
947 1752 1038 1826 magis
1079 1751 1198 1809 ascribis

160 1844 220 1901 eius
242 1838 358 1914 meritis,
381 1855 468 1912 quam
490 1839 664 1896 orationibus
687 1841 835 1912 iustorum,
858 1837 925 1896 audi
947 1837 1016 1911 quid
1037 1844 1103 1912 post
1124 1836 1199 1896 haee

160 1933 257 1986 actum
279 1928 323 1984 sit.
367 1923 440 1982 Cum
463 1927 533 1983 socii
554 1943 588 1984 ac
611 1930 673 1982 tota
693 1923 975 1999 familiaHenricum,
997 1931 1030 1983 ut
1051 1926 1110 1982 iam
1131 1922 1199 1998 dixi,

160 2013 372 2088 deplangerent,
393 2011 526 2070 Andreas
548 2012 665 2087 quidam
682 2012 859 2085 Parisiensis,
881 2028 916 2069 ex
938 2013 1025 2069 nimia
1045 2012 1199 2085 impatien-

161 2104 201 2160 tia
223 2100 329 2159 doloris
338 2097 358 2178 2)
382 2101 464 2172 quasi
484 2101 514 2155 in
534 2099 657 2157 furorem
677 2116 788 2171 versus,
811 2098 957 2156 dominum
978 2115 1062 2156 suum
1080 2097 1199 2172 ebrium,

159 2191 293 2247 insanum
314 2187 474 2259 mentisque
495 2187 634 2260 impotem
655 2185 866 2244 vociferabatur
875 2182 905 2263 3),
927 2201 980 2243 nec
997 2186 1131 2244 conviciis
1143 2201 1199 2243 ne-

161 2291 216 2350 que
238 2271 423 2347 blasphemiis
444 2289 573 2345 parcens.
592 2341 593 2344 Ἴ
616 2272 655 2329 Et
687 2289 753 2330 cum
781 2270 922 2346 Hemicus
951 2274 1045 2330 virum
1065 2277 1199 2330 sanctum

160 2361 368 2437 deprecaretur,
389 2364 422 2416 ut
442 2374 494 2432 pro
516 2358 590 2416 illius
613 2362 799 2417 conversione
821 2375 939 2433 operam
962 2358 1051 2433 daret,
1075 2375 1199 2432 respon-

62 2475 64 2480 .
161 2447 216 2506 dit:
238 2447 282 2506 Ne
304 2447 343 2504 sis
364 2461 416 2520 pro
438 2444 486 2503 illo
509 2445 656 2519 sollicitus,
678 2448 773 2504 anima
795 2447 856 2504 eius
871 2445 956 2503 modo
969 2444 1199 2505 inamaritndine

160 2530 250 2612 estc),
278 2539 346 2591 tuus
369 2539 413 2591 est
433 2530 489 2590 ille.
532 2532 569 2590 Et
592 2550 658 2591 cum
678 2537 821 2607 repeteret
841 2531 974 2592 audiente
996 2531 1113 2590 Andrea
1141 2530 1200 2590 hoc

160 2621 290 2694 verbum,
310 2619 357 2677 ille
379 2624 510 2677 sanctam
531 2619 696 2694 religionem
718 2617 871 2693 plurimum
892 2617 1057 2692 abhorrens,
1078 2617 1176 2677 talia'
1168 2637 1200 2676 m

161 2707 247 2767 corde
269 2723 321 2764 suo
344 2707 448 2764 tacitus
470 2705 607 2764 volvebat
612 2701 656 2815 ὅ),
678 2707 752 2762 sicut
772 2711 875 2790 postea
896 2705 1044 2764 consessus
1067 2711 1129 2764 est·
1162 2704 1199 2764 In

161 2795 217 2854 hoc
238 2801 267 2852 te
289 2795 393 2850 nuncio
414 2791 517 2849 falsum
540 2809 603 2851 esse
612 2781 633 2870 6)
654 2791 864 2867 prophetam,
861 2791 908 2850 de
929 2792 985 2851 hoc
1007 2794 1082 2850 enim
1104 2797 1200 2852 certus

161 2899 235 2954 sum,
257 2880 334 2954 quod
355 2879 468 2937 locutus
492 2895 521 2936 es
544 2880 672 2952 verbum,
695 2875 752 2958 et⁷)
775 2895 832 2936 non
854 2878 913 2937 fiet.
940 2878 1006 2938 Hoc
1027 2879 1080 2938 tibi
1100 2895 1199 2938 coram

159 2968 240 3044 Rege
263 2973 292 3025 et
312 2965 519 3039 Principibus
511 2983 540 3022 m
563 2965 667 3024 celebri
688 2972 832 3024 conventu
852 2965 1067 3040 improperabo,
1090 2971 1122 3024 ut
1141 2964 1199 3024 ial-

160 3057 231 3114 citas
253 3060 304 3111 tua
326 3053 457 3111 omnibns
479 3053 648 3111 innotescat.
690 3052 817 3112 Etcum
844 3051 934 3110 altera
963 3052 1008 3110 die
1037 3052 1200 3126 recederet,

159 3140 237 3200 mala
258 3142 354 3198 omnia
375 3141 547 3197 monasterio
569 3141 743 3215 imprecans,
774 3145 802 3197 et
823 3136 929 3197 vallem
950 3139 1077 3198 funditus
1099 3139 1201 3198 subrui

160 3225 335 3298 desiderans,
357 3227 391 3282 in·
407 3228 471 3299 ipsa
492 3231 577 3284 nocte
598 3227 692 3284 victus
715 3227 848 3299 et'quasi
870 3228 990 3300 vinctus,
1013 3225 1143 3284 trahente
1166 3242 1200 3284 se

161 3315 255 3390 gratia
276 3318 305 3371 et
325 3314 385 3370 vim
406 3312 527 3370 iaciente
549 3314 649 3387 spiritu
671 3312 735 3386 Dei,
756 3315 806 3370 vix
827 3312 903 3370 diem
917 3319 1083 3388 exspectare
1096 3313 1201 3388 potuit,

161 3408 190 3460 et
211 3400 249 3458 ad
270 3400 474 3456 monasterium
495 3403 656 3472 revertens,
679 3401 785 3458 cunctis
806 3401 990 3474 mirantibus,
1022 3399 1144 3458 alterum
1166 3416 1201 3458 se

159 3486 280 3548 Saulum
302 3485 477 3560 exhibendo,
506 3486 592 3545 beato
620 3488 682 3550 viro
711 3502 742 3544 se
769 3485 899 3546 reddidit.
943 3485 1001 3546 Ubi
1033 3502 1141 3562 quaeso
1168 3488 1201 3545 in

176 3654 315 3725 l*JIlomil
334 3654 363 3705 ll.
382 3652 896 3735 p.8.-‡1)Gintolerabiliter.-
916 3655 947 3722 2)
966 3653 1091 3706 doloris
1109 3669 1151 3706 om
1169 3653 1200 3707 0.
1219 3627 1222 3640 ι

231 3725 314 3860 :a
331 3722 1137 3857 thoituseuictoamclades
1155 3725 1201 3847 ll:

232 3891 263 3902 -
283 3863 314 3930 6)
334 3861 443 3914 Oesse
468 3861 597 3926 salsum3
615 3862 690 3929 paulo
708 3871 766 3930 post
782 3863 824 3916 BG
841 3878 882 3916 om
900 3861 946 3916 de.
966 3894 995 3904 -
1020 3865 1052 3933 7)
1070 3863 1090 3918 G
1107 3863 1200 3932 quod.
