2642 4330
168 287 230 348 368
491 281 721 344 DISTINO'PIO
749 283 884 344 SEXTA

167 407 206 466 Et
232 406 300 466 licet
326 421 394 481 spes
420 411 522 466 saneta
549 423 608 464 non
634 403 832 484 contundat1),
853 421 953 465 omncs
981 411 1084 486 unm,
1103 406 1132 462 iu
1153 421 1208 462 sua

167 493 381 570 exspectatione
415 500 483 552 sunt
517 493 636 552 contusi.
688 493 776 552 Nam.
803 494 867 551 Rex
900 491 1001 550 videus
1034 490 1208 550 monachum
1303 513 1304 516 ¹

167 579 312 657 quendam
340 579 499 656 simplicem
526 583 556 640 in
584 579 690 656 angulo
719 578 844 655 Capituli
874 578 1060 656 residentem,
1088 585 1117 638 et
1136 578 1209 636 nihil
1303 603 1304 614 κ

167 670 261 728 mium
290 684 378 743 quam
417 666 453 726 de
484 667 604 726 abbatia
634 673 814 742 sperantem,
840 668 1024 741 inspiratione
1052 665 1147 723 divina
1172 671 1208 722 ut
1303 743 1304 748 ἵ

167 761 296 832 surgeret
306 757 462 830 praecepit.
503 753 605 814 Stante
624 754 673 812 illo
687 771 753 812 cum
767 753 941 814 verecundia
955 769 1050 812 eoram
1065 753 1207 827 Principe,

168 841 275 902 dietum
302 848 347 900 est
375 843 402 899 ei
429 841 467 899 ab
490 840 591 900 eodem
612 841 709 916 Rege:
723 833 871 914 ¹Domine7
898 857 934 898 cn
955 841 1101 898 committo
1122 839 1207 898 vobis
1303 857 1304 866 ¹

167 929 316 990 abbatiam
343 931 435 987 macti
465 927 607 1004 Dyonisii.
658 927 723 1002 Quo
752 927 867 1001 andito,
895 927 982 985 homo
1009 925 1057 984 ille
1086 925 1208 1001 simplex
1303 973 1304 988 ,

169 1033 234 1075 cum
255 1015 330 1091 Regi
360 1032 419 1073 non
440 1010 632 1092 assentiret²),
657 1017 716 1073 imo
738 1015 846 1073 fortiter
866 1013 1047 1086 reclamaret,
1073 1025 1207 1071 asserens
1303 1021 1304 1040 ¹

170 1119 202 1162 se
222 1119 376 1178 personam
397 1119 461 1160 esse
482 1100 628 1174 humilem,
651 1104 793 1175 privatam
815 1107 845 1160 et
866 1100 1038 1175 despectam,
1060 1105 1146 1174 attae
1167 1098 1208 1158 ad

166 1195 277 1250 antam
311 1187 479 1265 dignitatem
512 1191 595 1246 nimis
626 1187 773 1264 indignam
804 1190 943 1264 nimisque
975 1181 1208 1260 insufficientem,

167 1291 199 1336 se
227 1275 415 1350 vituperando
445 1273 523 1350 apud
549 1274 660 1350 Regem
680 1269 909 1334 'commendavit
951 1274 990 1331 Et
1018 1276 1111 1348 coegit
1131 1290 1208 1332 eum.

83 1359 89 1370 '
167 1363 274 1422 Postea
302 1363 437 1422 subiecit:
470 1361 610 1435 Domine,
639 1361 760 1420 ecclesia
788 1364 844 1420 ista
871 1361 999 1436 plurimis
1028 1359 1129 1419 debitis
1162 1367 1209 1419 est
1303 1415 1304 1418 ,

168 1449 308 1527 obligata,
334 1466 388 1508 nec
411 1454 457 1507 est
483 1447 559 1508 uude
589 1447 744 1506 solvantur.
788 1448 842 1506 Cui
863 1448 927 1506 Rex
955 1446 1128 1507 subridendo
1156 1464 1209 1506 rc-
1303 1449 1304 1488 3

167 1535 297 1612 spondit:
318 1534 364 1593 En
391 1537 420 1593 in
440 1537 557 1594 instanti
578 1534 655 1593 mille
678 1538 848 1611 quingentas
869 1534 955 1593 libras
977 1534 1060 1592 vobis
1082 1533 1158 1593 dabo
1167 1531 1211 1613 ³),
1303 1547 1304 1590 ἕ

168 1631 197 1682 et
229 1640 294 1682 cum
315 1639 433 1682 necesse
453 1623 545 1698 iirerit,
565 1623 648 1682 vobis
670 1621 895 1681 accommodabo
910 1623 1070 1696 pecuniam,
1090 1622 1213 1696 insuper
1303 1639 1304 1698 j

166 1709 304 1782 auxilium
325 1715 354 1769 et
371 1709 520 1768 eonsilium
540 1707 714 1785 impendam.
756 1709 963 1784 Praecepitque
976 1710 1130 1766 camerario
1152 1725 1211 1768 suo

166 1792 371 1875 praedictamt)
393 1799 545 1872 pecuniam
559 1798 585 1854 ei
599 1793 739 1874 afferre⁵).
781 1794 888 1854 Adhuc
899 1801 969 1870 puto
984 1795 1064 1868 vivit,
1085 1800 1114 1853 et
1134 1794 1212 1855 forte
1303 1831 1304 1880 3

166 1901 218 1960 per
239 1901 305 1942 eum
328 1884 430 1943 domus
450 1883 500 1942 illa
520 1882 623 1942 melius
644 1885 766 1958 regitur,
796 1900 883 1957 qnam
904 1899 956 1958 per
976 1881 1039 1939 illos
1062 1887 1137 1939 esset
1157 1899 1211 1941 rc·
1303 1929 1304 1940 ,

166 1969 290 2115 g'enffa’h
310 1973 366 2137 qui)
385 1971 423 2030 ad
456 1973 516 2030 cius
538 1971 665 2046 regimen
686 1971 891 2044 aspiraverant
935 1967 1067 2028 Occurrit
1086 1967 1156 2026 mihi
1181 1977 1212 2029 et

166 2075 257 2117 srmc
292 2075 337 2117 ure
369 2100 376 2115 .

523 2245 756 2306 GAPITIlLUM
779 2246 851 2305 XV:

206 2371 254 2430 Dc
274 2371 398 2446 sceptici
417 2370 572 2441 monacho,
594 2371 643 2428 cei
663 2369 838 2428 Foede-icus
858 2369 1027 2444 Ictpecotor
1048 2369 1174 2428 contulit
1205 2357 1209 2372 ⁸

468 2454 621 2514 abbatiam
644 2459 794 2514 occasione
815 2473 895 2513 aces.
1303 2463 1304 2484 ¹

229 2596 308 2656 Ante
329 2596 402 2656 hacc
423 2602 561 2671 tempora,
584 2613 650 2654 curn
672 2595 726 2652 sub
748 2594 924 2669 Imperatore
935 2593 1097 2668 Frederico,
1118 2594 1209 2655 huius

165 2683 308 2744 Frederioi
329 2691 401 2758 avo,
426 2701 484 2741 una
506 2699 541 2741 cx
562 2681 756 2757 imperialibus
779 2682 903 2740 abbatiis
924 2688 1055 2757 vacaret,
1089 2681 1210 2758 duoque
1303 2745 1304 2772 ,

168 2770 250 2832 electi
271 2776 381 2844 essent,
409 2787 463 2829 nec
486 2769 659 2828 concordare
681 2774 813 2843 possent,
839 2786 913 2826 unus
935 2768 1047 2827 illorum
1069 2785 1209 2843 magnam

165 2875 308 2918 summam
328 2859 453 2934 argenti,
478 2874 566 2931 quam
586 2859 617 2914 in
637 2857 810 2914 monasterio
838 2861 1076 2931 congregaverat,
1110 2855 1209 2914 cidem

165 2945 317 3005 Proderico
340 2943 451 3019 obtulit,
473 2950 613 3018 quatenus
635 2943 689 3000 sibi
711 2943 864 3001 assisteret.
907 2941 945 2999 Et
965 2944 1094 3017 promisit
1106 2942 1133 3000 ci
1148 2960 1209 3017 pc·

165 3034 249 3093 cunia
270 3037 386 3106 recepta
395 3027 424 3110 ⁷).
474 3029 581 3089 Postea
612 3028 771 3104 hatelligens
799 3027 992 3088 adversarium
1022 3031 1083 3087 eius
1110 3031 1209 3088 virum

166 3135 230 3178 esse
252 3119 369 3192 bonum,
390 3116 548 3192 simplicem
571 3122 599 3174 ct
622 3115 791 3190 ordinatum,
813 3117 908 3191 coepit
929 3133 995 3174 cum
1016 3118 1075 3173 suis
1096 3114 1208 3176 habere
1303 3119 1304 3132 ¹

167 3203 328 3279 consilium,
362 3204 483 3279 qualiter
503 3203 652 3279 indignum
674 3208 834 3276 amoveret,
867 3209 895 3262 ct
928 3203 965 3260 ob
986 3204 1106 3261 virtutes
1135 3220 1207 3262 suas
1303 3213 1304 3226 ¹

166 3293 287 3352 electum
311 3291 498 3350 confirmaret.
540 3289 579 3349 Et
600 3289 670 3347 dixit
693 3291 717 3347 ci
740 3289 871 3363 quidam:
892 3289 1032 3363 Domine,
1053 3291 1127 3347 sicut
1148 3307 1207 3347 au-

167 3377 233 3454 divi,
255 3377 387 3437 monachi
400 3393 499 3436 omnes
522 3394 558 3435 ex
575 3376 675 3453 regula
687 3382 819 3434 tenentur
834 3394 903 3437 acus
913 3385 1036 3452 portare.
1078 3373 1207 3435 Sedente
1303 3387 1304 3410 ³

165 3467 247 3525 vobis
268 3467 298 3523 in
320 3464 460 3540 Capitale,
482 3463 567 3523 dicite
588 3463 628 3522 illi
649 3461 818 3538 inordinato,
839 3470 872 3522 ut
888 3463 931 3546 ,ad
952 3464 1136 3538 punctionem
1158 3461 1206 3521 di-

185 3651 215 3719 l)
232 3649 303 3702 Rom.
322 3653 347 3714 5,
365 3653 389 3703 5.
409 3679 441 3690 -
460 3649 492 3717 2)
509 3647 530 3701 R
548 3649 779 3701 assentiretur.
800 3679 830 3690 ·-
854 3649 886 3716 3)
905 3648 924 3700 Β
943 3647 980 3699 do
999 3647 1099 3701 vobis.
1120 3677 1152 3687 —
1171 3648 1205 3716 l)

235 3719 324 3774 (isuo
342 3718 612 3786 supradictam‚B
627 3717 1205 3786 praedictam,Al)Pllllsupradictam.

238 3819 269 3830 -
289 3791 320 3858 5)
339 3789 421 3843 ACDP
439 3789 563 3842 afferri.
583 3818 614 3828 -
634 3791 665 3858 o)
682 3788 746 3841 ADP
764 3788 840 3841 huic
861 3791 893 3844 in
916 3788 977 3842 hoc
994 3787 1151 3857 exemplo.
1171 3817 1204 3829 -

236 3860 268 3929 7)
286 3858 327 3914 01)
345 3867 490 3927 accepts.
587 3859 590 3871 '
908 3910 910 3916 ,
