2580 4316
148 253 185 310 rc
246 261 248 267 ¹
467 204 693 311 nnrmomo
718 248 847 309 rrum

69 358 74 377 '
146 380 175 432 et
206 375 322 444 miratus
351 371 436 431 valde
465 373 579 432 dicebat
610 375 683 432 intra
715 390 764 432 se:
798 371 960 447 anando
978 369 994 451 ¹)
1015 372 1108 432 laenis
1137 377 1181 431 est

146 459 298 520 Govardus
318 459 496 519 monachus?
540 461 578 518 Et
599 478 665 520 cum
685 459 870 519 intellexisset
883 455 904 538 ²)
926 461 1064 518 visionem
1085 459 1181 533 luisse,

145 547 201 605 boc
224 547 259 606 de
280 546 327 606 illo
350 548 379 604 in
402 547 487 606 corde
509 564 561 605 suo
582 545 733 621 iudicavit,
763 546 840 622 quod
867 552 969 621 postea
998 549 1038 604 rei
1061 553 1180 605 eventus

145 635 286 710 probavit.
329 634 367 694 Et
389 637 455 708 quia
477 634 626 694 consilium
648 634 760 692 divinae
784 632 973 708 dispositionis
997 636 1102 692 mutari
1123 649 1181 692 non

96 765 101 770 .
145 727 248 796 potest,
271 720 440 780 omnimodis
461 723 491 780 in
512 721 560 780 illo
582 722 692 796 impleri
712 737 830 780 neeesse
851 717 944 804 luit),
967 720 1044 796 quod
1056 720 1091 779 de
1101 720 1149 778 illo
1158 717 1180 799 ¹)

144 808 225 867 Deus
246 808 448 883 praeostendit.
491 808 607 867 Modico
630 807 726 883 elapso
748 814 876 882 tempore
897 806 975 866 idem
994 809 1105 866 iuvenis
1123 824 1181 865 non

145 897 205 954 sine
227 895 380 954 multorum
402 895 588 955 admiratione
620 894 784 957 valedicens
811 894 925 953 saeculo
955 910 1109 953 conversus
1139 901 1183 952 est

144 983 174 1040 in
196 981 342 1057 Claustra,
374 983 522 1057 factusque
532 980 552 1062 ⁵)
574 985 702 1041 novicius
731 984 759 1039 in
782 981 884 1040 eodem
906 982 1052 1040 coenobio.
1096 979 1182 1056 Quod

145 1086 212 1128 curn
241 1072 421 1146 cognovisset
448 1064 639 1148 praedictus)
670 1068 819 1143 sacerdos,
850 1068 1063 1128 Hemmenrode
1076 1063 1182 1141 venit,

32 1192 41 1200 -
146 1155 312 1214 Gevardum
334 1159 467 1231 visitavit,
489 1155 607 1232 etquid
629 1157 664 1215 de
685 1156 733 1214 illo
747 1153 767 1235 ¹)
789 1156 899 1229 viderit,
922 1156 1053 1214 omnibns
1064 1156 1182 1215 noviciis

145 1245 282 1302 recitavit.
326 1244 407 1302 Haec
429 1244 497 1301 mibi
521 1243 595 1302 dieta
617 1249 684 1301 sunt
699 1261 717 1300 a
731 1239 857 1321 nonno¹)
869 1242 1019 1301 Frederico
1031 1241 1182 1315 monacho,

145 1333 194 1404 qui
215 1337 283 1388 tunc
305 1345 440 1405 praesens
460 1331 521 1404 luit,
543 1348 609 1389 curn
630 1332 674 1388 vir
695 1336 810 1388 sanctus
831 1332 886 1388 ista
907 1331 1059 1405 peroravit.
1101 1329 1183 1393 Idem

146 1416 296 1476 Gevardus
324 1424 426 1492 postea
454 1419 483 1475 in
511 1423 622 1476 tantum
651 1417 783 1493 profecit,
811 1422 844 1474 ut
873 1416 996 1475 domino·
1016 1415 1182 1475 Hermanno

145 1505 237 1581 primo
258 1503 350 1563 Vallis
373 1507 463 1563 sancti
485 1503 562 1563 Petri
583 1503 691 1563 Abbati
713 1502 889 1577 succederet,
910 1510 939 1562 et
959 1520 1017 1562 non
1039 1502 1183 1561 modicum

144 1608 196 1666 per
218 1608 283 1650 eum
304 1591 384 1650 locus
406 1593 466 1666 ipse
475 1588 495 1670 ¹)
518 1597 579 1650 tam
599 1594 628 1648 in
650 1591 785 1667 religione
816 1608 903 1666 qnam
916 1592 946 1648 in
955 1590 1183 1665 possessionibus

144 1676 302 1753 proficeret.
347 1678 432 1754 Quod
453 1680 477 1736 si
498 1681 591 1736 minus
613 1679 664 1736 tibi
681 1675 711 1758 ¹⁰)
732 1679 893 1737 suffecerint
907 1677 1068 1736 baecuova
1084 1693 1184 1736 exeni-

144 1764 208 1840 pla,
239 1765 360 1824 referem
390 1766 441 1824 tibi
468 1768 554 1824 etiam
577 1764 612 1823 de
634 1766 730 1824 verbis
752 1767 842 1823 sancti
862 1764 1001 1823 Bemardi
1022 1766 1184 1823 testimonia

145 1854 213 1911 satis
234 1869 312 1911 vera.
355 1850 559 1912 NOVIOIUS:
582 1851 812 1928 Quaerendum
833 1851 908 1928 legi,
931 1851 1030 1911 audire
1052 1850 1183 1918 delectat.

451 2087 457 2098 .
500 2041 732 2103 CAPITULUM
753 2042 836 2104 VIII.

155 2175 157 2184 ⁴
213 2167 261 2224 De
282 2169 469 2224 accensione
489 2165 642 2224 Masoclina'
664 2166 758 2223 elcard
779 2165 917 2240 Episcopi
938 2164 1122 2240 Mapnntiae.

212 2301 447 2380 MONAOHUS:
481 2304 553 2363 Cum
581 2307 724 2380 ingressus
757 2305 856 2364 firisset
884 2304 1037 2379 aliqnando
1065 2322 1186 2381 regnum

149 2391 320 2450 Germaniae
343 2398 458 2450 sanctus
480 2391 643 2451 Bernardus
664 2389 766 2451 Abbas
785 2389 828 2471 ¹¹),
861 2410 963 2467 pacem
984 2391 1186 2450 refonnatums

148 2481 220 2536 inter
251 2477 419 2536 Lotharium
447 2477 558 2554 Regem
587 2479 782 2560 Romanorum
816 2486 844 2538 et
870 2478 1095 2555 praedecessoris
1125 2481 1186 2538 eius

148 2565 264 2624 Henriei
274 2565 401 2640 nepotes,
423 2565 656 2642 Magantinorum
677 2562 704 2646 ¹¹)
723 2565 891 2642 Episcopus,
912 2566 1049 2633 Albertus
1062 2568 1187 2639 nomine,

149 2652 283 2712 clericum
304 2670 388 2711 suum
409 2652 613 2728 Masoelinum,
635 2656 676 2712 sie
699 2655 725 2712 ei
745 2671 850 2712 nomen
873 2660 951 2728 erat,
974 2653 1089 2713 obviam
1111 2654 1137 2711 ei
1155 2650 1185 2730 ¹³)

148 2741 231 2798 misit.
276 2738 419 2815 Quicum
446 2757 477 2798 se
506 2741 624 2798 missum
651 2740 756 2799 diceret
785 2759 815 2798 a
832 2740 946 2799 domino
975 2757 1027 2800 suo
1057 2739 1095 2798 ad
1123 2756 1187 2798 ser-

148 2827 284 2887 viendum
307 2829 347 2901 ei,
374 2827 518 2902 paulisper
539 2845 605 2886 eum
626 2829 744 2885 intuitus
765 2830 815 2886 vir,
829 2827 885 2885 Dei
908 2827 992 2885 dixit:
1024 2826 1108 2886 Alius
1131 2826 1186 2886 do-

148 2917 292 2975 minuste
314 2916 390 2972 misit
412 2914 448 2972 ad
471 2913 652 2974 serviendum
674 2915 736 2973 sibi.
789 2914 827 2971 Et
856 2931 922 2972 cum
950 2913 998 2973 ille
1030 2913 1069 2972 ad
1096 2915 1186 2974 verba

149 3003 240 3061 sancti
262 3007 472 3077 expavesceret,
493 3019 622 3060 asserens
644 3018 674 3060 se
696 3002 734 3060 ab
751 3000 895 3076 Episcopo
917 3003 1044 3075 missum,
1065 3018 1186 3075 respon-

150 3089 191 3148 dit
207 3090 309 3147 bentns
322 3089 499 3148 Bernardus:
521 3087 649 3164 Falleris,
672 3090 761 3146 maior
776 3087 906 3146 dominus
917 3089 993 3148 misit
1008 3094 1037 3146 te
1049 3087 1188 3160 Christus.

149 3175 231 3234 Tunc
252 3177 375 3250 primurn
397 3176 556 3253 intelligens
577 3172 614 3255 ¹¹),
638 3193 773 3251 quorsum
795 3193 956 3235 sermonem
977 3176 1109 3248 vibraret,
1131 3177 1186 3234 ait:

148 3261 238 3320 Putas
260 3278 306 3320 me
328 3262 501 3320 monachum
522 3263 596 3322 velle
617 3262 699 3321 fieri?
728 3263 803 3321 absit
829 3280 848 3321 a
876 3280 937 3336 me,
964 3280 1018 3321 nec
1047 3263 1186 3337 cogitavi,

149 3365 203 3407 nec
225 3348 353 3406 aseendit
371 3346 399 3428 ¹⁵)
421 3351 450 3408 in
474 3365 522 3408 cor
543 3367 648 3407 rneurn.
683 3348 870 3409 Nihilominus
884 3356 981 3409 tannen
990 3349 1039 3407 illo
1050 3356 1188 3408 renuente

167 3481 198 3551 1)
217 3479 344 3548 qnando
363 3496 405 3603 ornc
421 3481 495 3602 Pdd-
515 3481 604 3580 2]·llP
622 3481 862 3604 adgpoma’h-
883 3485 914 3552 3)
933 3483 953 3536 C
970 3491 1025 3604 aa).
1044 3512 1075 3601 -ἆ
1095 3483 1127 3550 4)
1144 3457 1196 3533 1)Ρῇ

219 3551 404 3687 εἶθ-(13)·-
423 3567 465 3689 88)
483 3561 652 3674 Begrhorffin
660 3639 683 3674 o.
695 3568 804 3690 ¹101¹98)
812 3571 879 3690 Buisp
886 3552 1068 3674 sdmfilocds
1078 3568 1187 3688 elgae,

219 3688 324 3742 ceum
351 3690 443 3742 locus
471 3691 537 3742 ille.
556 3721 587 3730 -
608 3692 655 3758 10)
673 3692 713 3742 ΒΡ
731 3692 795 3744 tibi
822 3695 931 3743 rninus.
952 3721 982 3730 -
1012 3691 1060 3759 11)
1079 3691 1187 3743 Abbas
1213 3711 1217 3718 ’

148 3801 154 3818 .
219 3759 771 3828 oanC.-12)Dllognntinorum.
793 3791 823 3800 —
844 3762 893 3829 13)
910 3761 930 3813 C
947 3762 976 3812 ei
994 3761 1131 3814 abviant.
1152 3791 1185 3800 —

220 3829 270 3897 14)
288 3827 580 3898 intelligenshabet
597 3830 618 3884 0
634 3840 693 3899 post
709 3831 866 3885 vibraret.
881 3859 912 3874 -
933 3831 981 3899 15)
999 3830 1019 3883 G
1035 3832 1186 3884 intravit.
