2642 4330
151 289 215 350 scr
472 284 869 364 ursumcrrooouurn

150 407 367 488 presbyterium,
388 407 417 468 in
437 407 503 469 loco
525 411 575 469 ubi
588 409 722 469 monachi
742 411 773 468 in
794 409 873 468 viam
895 414 1031 470 exeuntes
1053 413 1082 470 ct
1104 407 1192 470 rede-

149 505 234 557 untes
262 493 355 556 solent
382 497 530 573 prosterni.
573 495 630 574 Qui
660 495 729 556 dom
751 503 838 574 capot
858 501 1051 574 retorqueret,
1083 502 1113 556 et
1132 496 1191 558 hac

149 583 272 660 illacque
289 579 305 664 Ι)
328 585 570 658 circumspiceret,
597 586 627 641 in
649 601 750 642 vocem
772 583 929 642 humanam
957 585 1049 660 erupit
1077 583 1191 644 dicens:

149 669 215 730 Non
238 672 342 730 curctis
352 667 383 750 ²)
426 669 510 729 Licet
535 669 621 730 modo
644 673 701 730 sint
722 669 808 746 firmi,
837 687 890 747 ego
914 671 1063 762 egrediar,
1083 677 1112 730 et
1131 673 1192 730 ite·
1291 705 1297 712 -

149 773 214 816 rum
244 765 311 832 post
338 755 483 816 modicum
511 765 646 816 revertar
696 757 801 832 Sisque
832 775 866 816 eo
895 759 1021 816 intuente
1055 773 1191 834 egressus

150 850 202 906 est
244 844 338 903 Huius
367 846 484 907 visionis
512 843 599 902 frater
619 844 780 903 Richardus
802 847 882 904 testis
904 851 962 919 est,
993 846 1041 919 qui
1063 861 1128 904 eam
1149 845 1190 904 ab

150 931 212 991 eius
234 947 283 991 ore
304 931 421 990 audivit.
463 931 522 990 Iste
545 937 588 990 est
608 931 800 1006 Hermannus,
823 934 872 1006 qui
893 930 965 990 vidit
986 947 1082 992 coram
1103 931 1190 990 Heu-

149 1021 207 1078 rico
228 1016 369 1098 Ficone³)
393 1017 550 1094 vamphoras
580 1035 645 1077 cum
675 1020 758 1093 vino,
787 1022 816 1077 et
844 1035 956 1092 ursum,
985 1021 1058 1078 sicut
1080 1017 1190 1077 dictum

44 1106 49 1116 '
150 1112 194 1164 est
213 1107 244 1164 in
266 1105 446 1164 distinctione
465 1112 567 1179 quarta
589 1104 713 1180 capitulo
731 1107 917 1182 nonagesimo
939 1107 1039 1180 primo.
1070 1103 1190 1164 NOVI-

150 1191 253 1252 CIUS:
277 1191 350 1250 Cum
372 1191 503 1250 ‹liabolus
524 1191 688 1250 huiusmodi
705 1193 861 1251 bestiarum
882 1192 987 1250 formas
1008 1192 1045 1253 ad
1059 1197 1191 1250 nosbam

147 1278 357 1338 infestationem
378 1283 514 1352 assumat,
535 1285 605 1353 puto
628 1277 706 1353 quod
723 1281 843 1354 turpiter
857 1279 1097 1340 consentientibus
1118 1277 1190 1337 illu-

149 1363 208 1426 dat
249 1363 483 1426 MONAOHUS:
504 1364 570 1424 Hoc
593 1371 637 1424 est
659 1371 778 1426 certum.

521 1553 755 1616 carruuuou
776 1555 809 1616 t.
898 1628 900 1638 ,

148 1677 197 1736 Dc
216 1677 341 1749 incluto,
363 1695 441 1754 quoe
454 1677 611 1824 daonorqcc
624 1679 698 1824 qidit
718 1695 808 1754 cuper
820 1679 960 1754 scopolm
972 1677 1191 1738 monoebomm

591 1785 606 1823 e
658 1773 764 1824 erecto.

213 1883 330 1945 Inclusa
358 1885 500 1960 quaedam
531 1884 688 1946 admodum
716 1885 849 1962 religiosa
869 1883 1043 1964 Aquisgraui
1072 1893 1190 1962 manet,

149 1963 218 2032 satis
239 1971 309 2030 mihi
329 1980 407 2048 nota,
430 1975 509 2032 cuius
523 1989 627 2032 nomen
639 1976 794 2049 supprimo,
815 1990 852 2031 ne
874 1976 899 2032 ei
919 1989 1007 2032 causa
1027 1970 1096 2032 fiam
1117 1989 1190 2050 per-

149 2059 311 2119 secutionis.
354 2059 436 2119 Haec
450 2066 516 2119 ante
531 2061 726 2134 reclusionem,
750 2078 814 2118 curn
827 2060 921 2119 adhuc
944 2063 1047 2120 esset'
1039 2077 1068 2118 ur
1090 2065 1190 2120 aetate

148 2144 281 2222 puellari,
311 2148 368 2206 et'
360 2163 390 2204 m
410 2146 511 2205 habitu
533 2148 688 2222 saeculari,
716 2147 849 2223 religiosa
862 2127 981 2221 tamen,
1009 2150 1039 2206 in
1060 2145 1190 2207 humeris

150 2239 179 2292 et
209 2235 240 2290 in
272 2233 395 2308 scapulis
427 2234 632 2293 monachorum
665 2233 701 2293 de
730 2234 851 2294 Porceto
881 2234 1138 2298 deambulantium,
1155 2236 1190 2293 iu

149 2322 272 2379 oratorio
295 2320 477 2379 daemones
469 2339 499 2378 rn
520 2319 616 2380 formis
634 2318 825 2402 symetrum)
848 2329 934 2396 atque
958 2327 1098 2379 cattorum
1111 2321 1189 2379 resi-

149 2405 217 2468 dere
239 2409 396 2482 conspexit.
430 2407 468 2465 Et
480 2410 547 2482 quia
557 2405 576 2488 ⁵)
592 2407 733 2484 quosdam
756 2425 791 2467 ex
812 2407 868 2484 illis
881 2411 943 2466 iam
960 2425 1012 2482 per
1030 2423 1189 2467 consensus

148 2495 281 2552 vitiorum
304 2497 433 2569 captivos
455 2497 606 2569 tenebant,
637 2495 675 2553 ad
697 2511 896 2570 quemcunque
918 2495 1014 2554 locum
1034 2495 1095 2553 sive
1116 2510 1188 2570 per-

148 2595 249 2640 sonam
265 2577 468 2655 phantasmata
486 2583 682 2656 respiciebant,
703 2581 909 2640 monachorum
929 2581 1004 2640 oculi
1020 2581 1188 2656 sequeban-

148 2672 202 2740 tur,
224 2671 253 2725 et
274 2667 432 2726 secundum
445 2667 576 2727 levitates
596 2668 708 2728 illorum
722 2675 821 2745 gestus
842 2671 962 2728 istorum
981 2668 1187 2728 formabantur.

148 2751 229 2813 Vidit
248 2753 344 2813 adhuc
366 2754 444 2830 quod
464 2755 625 2815 horribilius
651 2752 749 2835 erarr).
794 2753 943 2832 Quosdam
964 2771 1001 2817 ex
1021 2754 1075 2814 illis
1098 2771 1187 2814 canes

148 2842 245 2916 magni
267 2847 295 2899 et
316 2844 382 2900 tetri
403 2843 625 2915 antecedebant,
657 2843 697 2900 ita
718 2849 751 2900 ut
773 2849 905 2916 catenae,
938 2859 1012 2916 quac
1033 2843 1063 2899 iu
1085 2857 1188 2900 corum

149 2926 229 2987 collis
250 2927 435 3000 videbantur,
465 2931 551 2987 etiam
574 2927 648 2988 colla
669 2929 874 2987 monachorum
896 2927 1049 3002 ambirent,
1080 2928 1187 3003 quibus

147 3011 186 3073 ad
207 3031 260 3074 sua
281 3014 403 3076 ludibria
423 3015 487 3074 illos
509 3013 669 3075 trahebant.
712 3013 914 3075 NOVICIUS:
940 3015 1007 3074 Heu
1029 3013 1106 3090 quod
1127 3013 1186 3072 ho-

146 3102 239 3160 mines
261 3101 299 3160 ad
319 3103 473 3177 imaginem
502 3109 531 3161 et
552 3101 763 3182 similitudinem
784 3101 841 3161 Dei
863 3104 964 3176 creati,
998 3107 1026 3160 et
1047 3100 1187 3178 dignitate

148 3187 254 3248 ordinis
276 3190 362 3248 etiam
376 3188 537 3248 hominibus
559 3191 682 3248 maiores
701 3189 801 3264 effecti,
821 3192 872 3269 ‘qui
893 3189 1036 3264 spiritibus
1058 3191 1186 3246 immun-

148 3273 192 3334 dis
212 3275 352 3350 imperare
374 3275 544 3349 debuerant,
574 3277 611 3335 ab
641 3278 710 3351 ipsis
737 3283 853 3354 proptor
880 3275 986 3334 melam
1014 3277 1103 3334 vitam
1124 3281 1188 3334 tam

147 3360 240 3420 viliter
271 3361 435 3420 illuduntur.
485 3361 721 3422 MONACHUS:
753 3363 819 3422 Hoc
848 3368 892 3430 eat
921 3361 999 3442 quod
1030 3361 1187 3422 Psalmista

147 3451 330 3522 conqueritur
350 3447 462 3508 dicens:
485 3449 584 3509 Homo
599 3467 667 3510 cunt
680 3454 713 3508 in
726 3451 837 3508 bonore
852 3457 930 3521 essct,
952 3449 1186 3522 omioteleuta

75 3533 82 3548 ‘
147 3542 338 3610 coaeparatur
367 3543 408 3596 cot
435 3539 571 3596 iumentis
592 3536 807 3612 inefficacibus,
838 3543 865 3596 ct
893 3537 993 3596 ebodio
1020 3535 1121 3610 factus
1143 3541 1186 3594 est

165 3649 197 3718 1)
214 3647 298 3703 Acer
315 3649 376 3702 buc
400 3649 555 3720 illucque.
591 3653 648 3706 llex
672 3649 800 3710 scaeua
823 3655 1042 3719 conspiceret,
1059 3651 1185 3718 Baspi·

216 3728 365 3772 cerer.-
335 3721 417 3790 2)
436 3723 502 3776 conl
520 3723 584 3776 inira
601 3723 659 3786 Vll,
682 3723 758 3776 7.—
778 3721 979 3792 3)cFig.-
948 3723 1030 3789 4)
1049 3737 1183 3774 simiarum

217 3817 249 3830 -
268 3789 300 3858 5)
323 3792 397 3859 quia
421 3791 560 3844 oan.-
580 3760 732 3860 meost,
758 3789 895 3849 utilornil.
911 3791 930 3846 1.
948 3807 973 3859 p.
995 3791 1058 3844 144:
1078 3790 1183 3860 ,secedet

216 3856 299 3914 adbuc
316 3861 384 3932 quod
401 3863 565 3931 periculosius
583 3865 646 3914 estss
