2642 4330
141 247 203 306 ore
464 241 863 323 orsumouroqumus

139 368 228 428 iocosi
240 365 361 428 formam
371 383 529 442 assumens,
543 385 662 428 manum
676 369 736 428 eius
751 370 849 443 tenuit,
863 371 892 428 et
904 363 1049 426 modicum
1060 367 1182 426 strinxit

141 453 195 514 Oui
217 471 283 514 cum
312 453 432 528 diceret,
466 455 574 512 dimitte
596 462 658 529 me,
686 472 754 514 mox
780 454 860 512 illum
889 472 947 514 non
973 453 1052 513 vidit.
1096 453 1182 530 Quae

140 543 236 602 statim
257 539 332 599 male
354 541 461 600 habere
483 543 592 616 coepit,
621 542 743 602 feminae
770 543 954 616 sequentiae
976 529 1087 600 dicens:
1109 541 1181 601 Ser·

141 645 195 687 vus
215 627 263 686 iile
277 629 445 702 compressit
465 645 520 702 me,
544 633 573 686 et
594 645 661 687 ecce
684 645 719 688 ex
740 628 796 687 hoc
818 628 938 688 defectio
961 628 1054 688 cordis
1075 630 1181 689 invasit

139 732 194 774 me.
226 712 348 773 Dicente
362 714 422 788 iila,
440 732 624 789 nequaquam
639 714 686 773 hic
700 715 764 790 fuit,
786 715 933 792 respondit
948 721 1093 774 matrouat
1115 715 1179 775 Imo

140 803 310 875 certissime,
340 804 408 861 satis
436 801 511 860 enim
539 808 671 876 proterve
699 805 825 877 respexit
852 819 909 861 me.
951 801 1127 876 Vadensque
1148 804 1180 861 iu

140 888 257 948 domum
269 906 352 948 suam
373 887 448 948 lecto
464 887 608 964 decubuit,
630 895 659 947 ct
679 895 746 964 post
758 906 867 965 paucos
890 887 952 948 dies
970 887 1105 948 defuncta
1126 895 1178 948 cst

457 1077 691 1138 cAPITULUM
715 1079 852 1137 XXXII.

159 1201 236 1260 item
258 1201 293 1260 de
314 1201 436 1258 muliere
457 1202 490 1258 irc
512 1201 581 1272 Are,
608 1219 685 1274 quoe
708 1219 727 1258 a
749 1201 867 1260 diabolo
889 1201 1069 1276 onmlesata,
1086 1207 1156 1275 post

439 1305 553 1362 paucos
575 1287 634 1345 dics
663 1286 805 1362 defunctu
827 1293 876 1346 cet.

203 1407 318 1465 Mulieri
353 1407 467 1466 cuidam
502 1410 581 1466 iuxta
614 1415 739 1468 castrum
771 1407 830 1468 Are
867 1410 1057 1470 commanenti
1072 1405 1089 1489 ¹)
1120 1408 1178 1468 hoc

138 1511 213 1554 anno
242 1493 333 1553 simile
360 1497 486 1571 contigit.
528 1495 612 1556 Haec
634 1513 701 1556 cum
722 1498 855 1554 maritum
876 1495 998 1555 haberet
1018 1496 1177 1571 ebriosum,

137 1579 216 1640 uuila
236 1583 440 1657 praesumebat
461 1588 545 1641 nocte
566 1585 606 1641 ire
630 1581 798 1657 dormitum,
829 1581 919 1642 donec
947 1581 995 1642 ille
1017 1600 1036 1642 a
1057 1583 1178 1642 taberna

137 1667 249 1728 rediret.
293 1667 374 1744 Quae
398 1668 465 1727 dum
487 1687 545 1728 una
566 1672 710 1744 noctium,
735 1676 819 1745 pasta
841 1670 880 1728 ad
901 1670 1065 1745 coquendos
1087 1687 1177 1745 panes

136 1760 316 1830 praeparata,
339 1761 405 1815 ante
425 1756 500 1814 fores
523 1755 625 1814 domus
647 1774 717 1814 suae
739 1755 815 1814 lassa
837 1757 957 1831 sederet,
979 1759 1032 1816 viri
1046 1763 1177 1832 praesto-

136 1841 199 1900 lans
221 1841 394 1915 adventum,
427 1841 499 1901 duos
527 1845 557 1901 in
585 1842 658 1902 albis
687 1845 816 1902 restibus
838 1843 876 1902 ad
897 1861 928 1902 se
950 1846 1047 1903 venire
1068 1839 1178 1922 vidite).

136 1929 171 1987 Iu
193 1931 274 1987 cuius
296 1928 445 2004 amplexus
468 1928 537 1988 dum
559 1947 632 1988 unus
649 1929 762 1989 illorum
783 1935 887 2006 rueret,
903 1947 1032 2005 eamque
1052 1929 1178 1990 brachiis

136 2017 296 2092 stringeret,
317 2015 366 2074 ilia
389 2015 538 2090 clamante,
560 2017 646 2075 ambo
665 2016 873 2091 disparuerunt.
906 2016 988 2092 Quae
1008 2019 1038 2075 iu
1060 2015 1178 2074 domum

136 2101 256 2180 fugiens,
278 2120 346 2161 mox
367 2109 400 2160 ut
421 2102 517 2162 lumen
539 2103 618 2177 vidit,
640 2120 739 2162 amens
757 2104 835 2162 facta
856 2107 920 2177 ruit,
941 2103 1086 2178 filiamque
1106 2120 1177 2179 pro-

135 2192 228 2265 priam
249 2191 279 2247 in
302 2189 455 2248 clamorem
478 2192 627 2249 convertit.
669 2191 741 2249 Post
761 2207 870 2265 paucos
893 2190 953 2249 dies
969 2189 1103 2249 defuncta
1124 2193 1178 2248 cst.

135 2276 221 2352 Ecce,
244 2293 301 2351 quo
315 2276 372 2334 Dei
385 2275 490 2335 iudicio
512 2276 581 2334 talia
597 2276 677 2352 fiant,
697 2293 814 2350 prorsus
832 2279 941 2352 ignoro.
973 2275 1177 2336 NOVICIUS:

136 2362 288 2423 Horrenda
310 2369 377 2422 sunt
396 2360 478 2423 haec.
521 2361 756 2423 MONAOHUS:
783 2363 863 2424 Audi
884 2363 977 2439 aliud,
1008 2362 1085 2440 quod
1106 2365 1178 2424 satis

136 2456 241 2510 terrere
262 2466 315 2508 nos
337 2453 449 2526 poterit,
472 2451 521 2526 qui
543 2450 662 2509 dicimur
683 2451 736 2510 viri
756 2450 889 2528 religiosi.

454 2640 688 2701 GAPITULUM
709 2642 860 2701 XXXHI.

136 2763 213 2821 Item
234 2762 270 2820 dc
292 2780 445 2836 conscenso,
469 2781 556 2838 quem
578 2761 713 2822 diabolus
734 2766 766 2821 tre
786 2766 877 2838 specie
898 2764 1036 2822 monialis
1056 2761 1178 2820 meridie

241 2849 437 2916 ,dormientem
459 2850 636 2924 complexus,
661 2853 743 2908 intro
766 2850 900 2908 triduum
922 2852 1067 2909 exstincti.

200 2969 341 3045 Tempore
365 2970 491 3045 quodam
517 2972 628 3030 aestivo
652 2973 796 3030 conversis
819 2971 924 3029 ordinis
946 2971 1035 3029 nostri
1052 2971 1085 3028 in
1107 2968 1177 3027 dor·

134 3058 246 3115 mitorio
270 3074 323 3115 suo
345 3057 461 3116 meridie
485 3058 706 3132 quiescentibus,
728 3057 858 3116 diabolus
880 3059 910 3114 iu
931 3059 1027 3132 specie
1044 3055 1177 3115 monialis

134 3145 207 3220 nigri
222 3143 326 3202 ordinis
341 3143 516 3220 singulorum
534 3144 625 3203 lectos
634 3140 654 3222 ³)
673 3145 808 3203 circuivit.
841 3142 918 3202 Ante
934 3143 1076 3218 quosdam
1089 3144 1177 3216 stetit,

135 3229 279 3304 quosdam
310 3248 377 3288 cum
399 3231 579 3290 festinatione
609 3233 781 3305 praeterivit.
823 3231 949 3290 Veniens
970 3230 1009 3289 ad
1032 3228 1177 3305 quendam

135 3333 313 3390 conversum,
331 3322 397 3376 ante
412 3316 492 3375 illum
506 3335 537 3376 sc
549 3317 703 3392 inclinavit,
722 3323 750 3376 et
761 3317 885 3376 brachiis
897 3316 1002 3376 collum
1015 3319 1076 3376 eius
1088 3317 1177 3375 strin-

134 3419 207 3478 gens
224 3409 360 3478 tactuque
374 3407 532 3463 meretricio
549 3400 722 3480 dem'ulcens,
744 3403 843 3463 oscula
856 3406 886 3462 in
900 3406 961 3463 eius
976 3400 1053 3484 oret)
1069 3402 1176 3462 defixit

134 3488 221 3565 Quod
243 3507 309 3548 cum
324 3490 441 3564 quidam
454 3491 541 3550 frater
551 3491 701 3567 religiosus
715 3491 842 3566 vidisset,
864 3497 892 3550 et
913 3490 962 3550 illa
979 3490 1176 3567 disparuisset,

98 3609 103 3618 ·
134 3579 203 3636 satis
230 3581 290 3634 tam
317 3576 353 3636 de
374 3595 498 3653 persona
519 3597 606 3654 quam
630 3578 667 3650 dc
689 3596 775 3656 opere
796 3583 825 3637 et
845 3580 875 3636 in
896 3577 946 3637 tali
967 3576 1032 3637 loco
1053 3584 1174 3652 stupens

153 3743 184 3814 1)
202 3742 221 3795 B
240 3746 400 3810 manenti,
417 3745 437 3798 C
455 3748 681 3798 commoranti.
702 3776 733 3786 -
753 3745 785 3814 2)
802 3743 823 3797 D
841 3745 1069 3815 conspexit*
1083 3742 1174 3814 3)Αο

203 3811 298 3866 lecta.
319 3845 349 3854 -
369 3816 401 3884 4)
418 3815 503 3869 Acer
521 3832 585 3868 ora.
