2594 4302
356 274 411 338 DE
439 270 625 336 consolis
647 269 815 332 enuisti.
1022 271 1107 330 ‘tlt

65 399 104 465 da
116 397 215 476 Quos
226 392 254 478 ¹),
274 395 365 462 ostes
386 413 474 472 supra
493 396 526 455 in
542 392 725 460 distinctione
743 394 866 469 septima
886 391 1011 468 capitulo
1028 395 1109 454 vice·

66 489 149 554 siuto·
190 485 282 562 igitur
302 481 414 560 pucha
432 487 562 543 noenum
581 480 746 540 immolatus
769 486 812 538 est
834 477 1001 626 tiburtus}
1042 479 1110 557 Ipse

67 577 144 636 anim
164 589 251 636 verus
273 576 317 634 est
338 587 445 647 agnus,
466 571 516 645 qui
537 566 655 628 abstulit
675 571 796 642 paccata
818 565 925 624 mundi.
990 569 1036 628 inc
1059 585 1112 628 esu

67 661 153 724 buius
174 661 249 736 agni,
270 661 364 719 semri
383 673 442 716 non
463 654 642 740 egrediamur
662 653 699 712 de
716 652 865 729 Aegypto,
883 652 913 712 ld
935 659 979 712 cst
1000 653 1036 714 de
1056 655 1113 715 boc

68 745 186 810 mundo.
235 745 405 818 Differentin
433 749 463 802 et
490 741 593 802 modus
623 742 804 802 comestionis
833 741 902 798 satis
930 742 959 798 in
988 741 1113 817 capitulo

68 837 161 913 ptimo
190 831 277 894 buius
306 831 493 894 distinotionis
516 827 656 888 ventilata
676 832 751 886 sunt
794 826 943 886 Siciliam
965 828 1116 889 comedere

11 949 14 956 ·
69 921 252 995 studeamus,
286 924 320 980 at
347 919 408 978 arse
429 918 534 978 virtute
557 915 593 974 dc
615 914 728 973 desorto
749 919 864 973 nostras
885 913 1028 992 roligionis
1048 933 1117 992 per„

70 1010 171 1070 rurba
196 1006 348 1068 valcamus
375 1007 537 1064 interram
566 1018 652 1062 verae
679 1001 890 1078 promissionls3
923 1003 951 1058 ln
980 1019 1039 1077 qus
1066 1020 1117 1078 per

70 1098 168 1174 ipsum
197 1099 227 1154 et
255 1109 321 1154 cnm
348 1093 413 1168 ipso
441 1089 574 1152 ultimum
603 1095 633 1148 at
659 1094 808 1148 aeternum
836 1087 947 1164 pascha
974 1087 1118 1150 celebrare

72 1197 244 1248 mercamur.
285 1178 390 1240 Arnon

367 1325 825 1382 ..wow—

365 1501 634 1600 btsltltuo
666 1499 845 1598 bottul
885 1538 887 1546 ’

193 1677 323 1766 ltu
380 1674 1044 1806 tullentinus

386 1827 825 1882 400-—

447 1989 681 2050 onrmunuu
701 1989 725 2048 1.
735 1985 765 2070 r)

128 2113 210 2194 Quid
228 2115 266 2173 stt
287 2113 482 2188 mirantium
509 2129 530 2170 o
550 2128 612 2188 quo
632 2112 679 2170 vol
700 2129 721 2170 a
743 2111 849 2190 quibus
869 2113 957 2188 fiant,
978 2131 1031 2174 serr
1052 2119 1084 2175 in

227 2199 351 2277 quibus5
375 2217 453 2275 quae
475 2203 564 2258 etiam
585 2201 623 2257 sit
644 2216 738 2257 causa
758 2200 983 2259 miraculorum.

148 2319 231 2383 NON
262 2323 323 2382 sine
350 2323 461 2382 ratione
489 2325 556 2400 post
582 2326 793 2386 sacramentum
826 2323 954 2398 corporis
991 2329 1023 2383 et
1059 2341 1128 2384 san-

79 2411 178 2488 guinis
193 2409 297 2469 Christi
313 2408 495 2468 tractandum
512 2409 642 2483 suspicor
663 2407 699 2467 de
721 2401 872 2484 miraculis,
895 2411 962 2484 quia
983 2411 1031 2486 qui
1044 2409 1128 2488 digne

78 2494 154 2558 illud
168 2495 324 2558 conficiunt
343 2495 393 2556 vel
413 2513 448 2556 ao
465 2497 644 2571 participant,
665 2512 870 2570 nonnunquam
891 2496 983 2572 gloria
1003 2499 1130 2557 miracu-

79 2585 179 2646 lorum
205 2583 389 2644 illustrantur.
430 2581 515 2643 Licet
542 2584 618 2640 enim
647 2584 744 2641 omnia
771 2599 846 2658 quae
874 2584 904 2640 in
936 2586 1130 2658 superioribus

81 2670 314 2732 distinctionibus
342 2669 419 2729 dicta
446 2674 526 2744 sunt,
555 2671 625 2728 satis
653 2672 709 2728 sint
737 2669 923 2745 miraculosa,
951 2677 1079 2730 attamen
1100 2674 1129 2731 in

80 2758 232 2836 praesenti
270 2755 450 2816 distinctione
483 2757 581 2832 nuqua
621 2755 657 2816 de
703 2757 789 2816 rebus
822 2757 1000 2817 miraculosis
1036 2759 1130 2818 dicare

81 2843 232 2922 proposui.
274 2842 320 2918 Et¹
340 2843 415 2902 bene
443 2843 501 2902 hoc
528 2842 590 2902 lieri
610 2844 731 2902 arbitror
751 2844 780 2902 in
802 2844 981 2904 distinctione
1004 2845 1130 2921 decima,

84 2947 123 2996 eo
154 2928 233 3004 quod
252 2927 406 3004 Aegyptus
427 2928 527 2989 &cem
547 2930 640 3006 plagis
660 2928 745 2988 valde
769 2929 990 2991 miraculose'sit
1009 2938 1129 3008 percus-

83 3010 165 3094 sa³).
217 3013 421 3076 NOV101US:
454 3015 530 3091 Quid
562 3023 606 3075 est
635 3016 826 3076 miraculum?
889 3016 1129 3080 MONAOHUS:

83 3101 261 3164 Musonium
294 3101 414 3161 dicimus
442 3102 578 3178 qrricquid
598 3102 633 3161 fit
652 3110 751 3162 contra
769 3104 885 3163 solitum
908 3122 1022 3165 cursum
1043 3111 1130 3166 natu-

84 3206 155 3264 rae,
186 3188 263 3250 anda
285 3190 429 3248 miramur.
471 3187 636 3249 Secundum
657 3207 760 3249 causas
781 3192 941 3266 superiores
962 3193 1130 3252 miraculum

84 3276 160 3338 nihil
181 3282 234 3336 est.
275 3273 481 3334 NOVICIUS:
513 3274 621 3351 A'quo
644 3276 731 3336 vols
752 3277 857 3352 quibus
878 3277 951 3337 fiu'nt
971 3280 1130 3340 miracula?

83 3361 327 3426 MONAOHUS:
359 3360 500 3422 Miracula
527 3361 599 3421 fiunt
619 3362 684 3422 Deo
712 3371 845 3440 auctore,
872 3366 1031 3426 secundum
1053 3368 1131 3442 quod

84 3456 118 3512 in
134 3450 251 3510 Psalmo
272 3450 389 3526 legitur:
420 3449 467 3507 Tu
489 3467 517 3508 es
539 3450 622 3508 Deus
645 3453 702 3525 qui
715 3450 791 3526 facts
812 3451 1003 3529 concutiat).
1045 3454 1133 3513 Fiunt

107 3640 141 3708 1)
158 3637 179 3692 Β
197 3636 311 3702 ocios.
337 3665 365 3674 -
393 3635 425 3702 2)
443 3633 500 3686 Cor.
517 3635 544 3698 l,
566 3636 597 3698 5,
621 3637 646 3686 7.
666 3665 696 3676 -
715 3637 749 3704 a)
766 3635 806 3689 to
823 3637 870 3689 has
888 3647 941 3691 tres
957 3639 1133 3691 distinctiones

160 3716 302 3776 postremas
314 3704 396 3758 adhuc
414 3703 519 3756 collatus
531 3714 571 3756 est
589 3704 669 3756 codex
679 3707 803 3772 optimus,
819 3723 834 3758 o
851 3707 1004 3760 bibliotheca
1021 3711 1134 3775 Gymna-

162 3779 194 3830 sii
217 3775 386 3829 Confluentini
413 3773 505 3826 editori
530 3790 674 3827 concessus.
715 3775 791 3828 Cuius
816 3775 874 3829 libri
900 3779 986 3830 variae
1012 3777 1133 3830 lectiones

162 3848 248 3906 littera
259 3845 280 3900 tt
293 3846 407 3914 signatae
417 3852 483 3896 stunt.
494 3873 522 3884 ·-
536 3845 569 3912 3)
582 3841 622 3896 ΟΡ
635 3859 790 3911 percussa
804 3854 862 3898 ert.
874 3848 944 3916 -tJ
956 3845 1022 3899 Pssl.
1034 3850 1077 3914 76,
1092 3851 1133 3908 15.

810 3921 874 4010 ί10
942 3942 945 3947 ·
