2654 4308
186 288 228 348 96
496 284 725 350 DISTINOTIO
749 285 914 351 OCTAVA

185 411 230 469 nis
250 423 320 468 snae
340 407 468 485 professi
510 409 557 470 lta
572 427 623 469 aer
643 409 735 470 tuerat
755 409 930 470 illuminatus
952 426 989 470 ex
1011 407 1117 470 Christi
1136 426 1222 486 pras·

185 479 293 570 sentia,
319 500 352 553 nt
380 494 507 572 singulos
535 494 620 600 plens
643 492 850 575 discerneret).
894 496 1025 572 Cumque
1046 497 1223 573 stupefactus

185 588 276 642 staret
288 581 325 642 ob
338 586 397 642 tam
409 582 568 643 mirabilem
581 585 729 658 visionem,
750 583 891 644 Dominus
909 583 946 643 de
968 601 1052 648 ornos
1074 582 1223 644 clamavit:

185 668 268 728 Nosti
295 667 462 744 liudolpho,
489 672 539 744 qui
560 671 616 731 sint
636 667 667 730 hi
688 687 760 745 quos
783 673 860 729 cisoa
880 687 927 730 me
948 669 1030 733 vides
1052 667 1224 730 eruoilixosi

185 754 389 830 Respondents
412 771 566 816 converso:
588 754 664 815 Novi
685 755 823 834 Domine,
852 759 902 833 qui
923 759 995 832 sint,
1023 755 1076 816 sed
1098 756 1169 832 quid
1189 759 1227 816 sit

186 839 264 918 quod
280 835 374 917 video,
395 857 511 918 prorsus
523 859 581 903 non
604 841 747 920 intelligo;
768 843 915 902 subiunxit
932 843 1088 904 Dominus:
1110 843 1152 902 Hi
1173 841 1227 904 soli

185 945 222 988 ex
248 930 337 988 omni
354 930 574 1006 oongregotione
594 946 708 989 meeum
739 929 866 989 eruoifixi
886 925 968 1008 sunt,
995 947 1078 990 meae
1099 931 1228 1006 passioni

184 1017 275 1075 vitam
301 1031 383 1074 suam
410 1017 628 1075 conformantes.
668 1012 874 1076 NOVlCIUS.
900 1017 936 1075 In
957 1033 1015 1092 quo
1037 1033 1069 1076 se
1090 1015 1132 1074 illi
1154 1032 1228 1076 oon·

184 1100 397 1162 formaverunt?
418 1101 654 1162 MONACHUS:
677 1101 806 1178 Utique
797 1121 827 1161 m
842 1102 1042 1190 obedientia,
1033 1122 1063 1161 m
1079 1104 1229 1207 patientia,

76 1249 86 1260 ,
184 1191 214 1248 in
227 1187 424 1264 humilitate,'
416 1207 445 1247 ιιι
458 1189 711 1249 abrenunciatione
725 1191 812 1249 totius
829 1171 1018 1266 proprietatis,
1036 1191 1228 1266 propriaeque

185 1273 351 1336 voluntatis.
392 1273 475 1335 Haeo
505 1282 534 1336 et
560 1275 605 1335 his
634 1275 736 1336 similia
763 1276 920 1337 monachos
941 1283 1081 1353 martyres
1101 1276 1228 1354 iaciunt,

184 1365 214 1422 in
236 1379 358 1439 quorum
377 1379 501 1439 persona
517 1381 569 1438 per
588 1362 773 1422 Psalmistam
796 1362 910 1422 dicitur:
934 1364 1084 1442 Quoniam
1102 1371 1230 1440 propter·

186 1457 213 1509 ie
239 1447 453 1526 mortificantis
483 1455 546 1508 iota
574 1449 634 1523 die,
665 1452 811 1509 aesimon·
838 1467 941 1510 summ
962 1454 1038 1510 aaut
1059 1467 1126 1510 oves
1148 1454 1229 1510 occi

184 1531 319 1610 sionw).
361 1535 438 1595 ane
460 1553 543 1611 cmx,
572 1535 608 1596 de
637 1552 695 1612 qua
722 1537 752 1594 in
777 1536 936 1614 Evangelio
958 1535 1026 1596 dioit
1046 1538 1108 1612 ipse
1130 1540 1229 1600 oruel-

184 1621 274 1682 fixus:
297 1622 356 1700 Qui
377 1639 439 1682 non
460 1623 535 1683 tollit
557 1641 672 1682 oruoem
692 1641 780 1682 mom
802 1623 944 1700 quotidie,
967 1629 996 1683 ei
1015 1627 1150 1700 sequitur
1172 1643 1229 1698 me,
1299 1661 1300 1690 ,

185 1727 245 1768 novt
277 1715 319 1768 est
338 1727 385 1768 me
413 1709 519 1784 dipsas
530 1706 562 1787 ¹).
605 1708 671 1769 Non
700 1710 781 1785 dicit,
810 1710 900 1769 semel
927 1711 1002 1770 sieut
1024 1709 1142 1787 Petrus,
1175 1712 1230 1773 sed

185 1795 312 1872 quotidie
326 1795 400 1856 siotu
417 1791 620 1876 Anthonium)
663 1795 745 1857 Siout
758 1795 844 1858 didici
856 1799 948 1873 nuper
961 1815 979 1856 a
991 1796 1138 1873 praedicto
1159 1815 1229 1858 mo-
1299 1823 1300 1850 1

184 1881 295 1958 nacho,
317 1899 416 1943 omnes
437 1881 477 1941 illi
499 1882 661 1958 quindecim
683 1883 778 1943 adhue
799 1886 915 1959 vivunt,
937 1889 1057 1960 excepto
1079 1901 1153 1960 uno,
1179 1887 1229 1961 qni

185 1971 243 2030 iam
256 1968 469 2029 obdormivitin
483 1965 649 2049 Domino).
691 1966 891 2030 NOVIOIUS:
916 1970 1008 2030 Nemo
1031 1970 1229 2031 damnalium

185 2058 325 2116 visionem
339 2056 444 2116 hano·
436 2073 566 2134 ignorare
589 2056 714 2116 deberet.
755 2034 991 2117 MONACHUS:
1013 2058 1125 2117 Verum
1139 2057 1228 2136 diois3

186 2145 254 2219 quia
274 2143 356 2202 multi
376 2149 479 2219 putant
500 2159 531 2202 se
554 2160 617 2204 esse
638 2143 795 2204 monachos
818 2149 847 2203 et
867 2161 924 2204 non
946 2149 1020 2218 sunt,
1046 2160 1095 2205 ore
1116 2150 1146 2204 et
1168 2163 1228 2206 non

108 2232 112 2238 ’
186 2231 247 2290 vita
261 2228 387 2289 dieentes
405 2247 470 2290 oum
483 2228 640 2306 Apostolo:
663 2230 856 2290 Milioniam
872 2231 949 2290 absit
961 2231 1094 2308 pleniori,
1115 2233 1177 2291 nisi
1197 2236 1230 2292 in

186 2333 272 2376 mune
293 2317 417 2376 Domini
444 2321 539 2376 nostri
559 2317 635 2376 Jestt
658 2315 781 2391 Οιιιιιι,
808 2336 866 2392 pen
895 2336 982 2393 quem
1002 2319 1074 2376 milri
1094 2321 1229 2379 mundus

186 2403 344 2480 maistans
358 2410 407 2476 avi,
426 2413 454 2462 et
468 2420 520 2479 epo
534 2399 686 2478 monuo)
718 2401 917 2464 NOVICIUS:
941 2403 998 2464 Dio
1012 2417 1130 2482 quaeso,
1150 2423 1228 2480 quo-

186 2490 275 2550 modo
304 2491 387 2550 nobis
408 2492 445 2550 sit
465 2489 679 2568 intelligendum
692 2486 711 2570 ¹)
735 2490 813 2566 quod
833 2488 937 2572 idem¹)
962 2490 1121 2567 Apostolus
1143 2491 1228 2554 dicit:

189 2578 248 2656 Qui
277 2583 376 2636 autem
405 2584 476 2637 sunt
505 2576 628 2650 canati,
657 2595 777 2636 cornero
805 2595 893 2636 suam
921 2578 1130 2654 matitianum
1159 2598 1229 2639 oum

186 2667 264 2724 vitiis
283 2670 310 2723 ei
327 2661 617 2742 concupiscentiis¹)?
659 2662 895 2724 MONAOHUS:
917 2663 1082 2726 Secundum
1102 2683 1229 2742 praeoe-

189 2749 285 2813 dentia
306 2749 418 2811 videtur
439 2753 480 2812 sio
500 2749 724 2828 intelligendum.

535 2939 768 3004 CAPITULUM
788 2941 877 3002 XIX.

463 3064 512 3122 De
532 3064 719 3140 orantiaione
739 3065 952 3140 reiipiososuna

251 3203 409 3281 Apostolus
438 3203 610 3263 enumeratis
642 3204 776 3278 operibus
812 3204 919 3279 nantis,
953 3220 1019 3263 eum
1048 3205 1231 3280 exposuisset

188 3289 310 3378 fructum
326 3292 450 3368 spiritus,
472 3289 631 3350 subiunxit:
656 3291 715 3368 Qui
730 3295 831 3350 autem
852 3297 923 3350 sunt
938 3289 1052 3364 Οιιιιιιι,
1075 3297 1104 3351 et
1125 3296 1230 3350 astera

208 3511 579 3580 iJCrlistingueretn-
546 3510 629 3579 2)
647 3510 713 3564 Psal
730 3512 773 3576 43,
784 3512 883 3567 22-
853 3512 936 3581 3)
953 3511 1056 3576 Lusii
1073 3511 1116 3564 23.
1139 3509 1229 3564 Mettis.

259 3581 306 3644 to,
333 3581 424 3634 38.-
395 3582 477 3649 -4)
495 3579 581 3633 llbbas
598 3581 739 3646 Antonius,
762 3581 794 3633 de
818 3597 868 3650 quo
891 3582 917 3633 in
935 3581 998 3634 Vitis
1016 3581 1175 3638 Ριιιιιιιι.-
1195 3579 1230 3647 5)

259 3648 687 3715 DinDonrinoobdormivit,
702 3651 859 3704 ceterilibri·
871 3649 1230 3704 dormivitinDomino.

259 3718 332 3774 Doni.
350 3719 396 3784 VI,
419 3722 461 3775 37.
478 3721 585 3786 Acti,
608 3721 700 3777 59-
669 3723 752 3790 6)
770 3721 900 3785 Galate
924 3722 1016 3778 ii·
1036 3719 1108 3788 7)1)
1131 3717 1229 3772 nobis

258 3788 514 3872 intelligendum
532 3791 588 3853 sit,
612 3791 630 3842 l¹
647 3791 691 3842 ιιι
708 3789 803 3844 nobis
821 3789 1138 3880 intelligendum-
1106 3788 1188 3856 8)
1208 3786 1229 3840 C

260 3856 435 3915 ibidonr-
405 3861 488 3929 -9)
505 3858 586 3916 Galat
604 3861 630 3926 5,
646 3860 690 3918 24
