2538 4314
396 265 452 326 DE
472 265 750 330 GONFESSIONE.
1033 267 1093 330 14³

78 394 134 452 ands
149 391 205 450 eius
225 387 353 448 voluerit
375 388 537 464 ostendere,
560 395 700 466 quantum
721 391 749 448 ci
768 387 884 464 placeat
904 385 1002 448 debita
1022 404 1095 448 con·

76 479 155 553 fado,
178 473 208 536 id
229 483 289 552 est,
325 476 392 552 illa,
425 495 497 552 quae
518 476 551 535 iit
571 479 687 553 proprio
708 475 846 553 praelato.
866 489 869 502 ’
889 474 975 552 Quod
997 481 1095 535 numm

76 569 114 639 uit
129 582 179 626 non
198 567 282 639 potui
294 564 411 638 eademi,
430 568 473 624 sic
487 564 595 624 dicbrm
614 563 750 640 intelligo,
772 563 802 622 id
824 568 875 638 est,
897 568 958 622 tam
978 565 1035 623 cito
1058 561 1094 622 de

47 647 51 663 '
74 653 232 729 pugnano,
253 654 331 710 sicut
351 651 452 726 modo,
472 651 586 710 liberari
601 648 627 730 ¹).
673 651 720 711 De
741 649 904 708 huiusmodi
925 649 1095 710 collocutio-

73 735 170 818 nibnn¹)
191 744 373 798 mortuorum
394 756 460 798 cum
481 741 555 797 rivis
577 741 647 797 satis
675 736 775 796 audies
802 739 831 795 in
849 735 1027 814 ¹duodecima
1048 736 1094 796 di·

73 829 210 886 eductione
259 824 324 884 Nec
337 831 368 883 te
388 831 504 884 moveat
525 824 604 900 quod
635 825 749 900 spiritus
770 823 918 882 hominum
938 823 1095 884 electorum

73 913 120 972 dixi
143 912 286 972 confessos
314 911 404 970 fuisse
431 918 551 988 peccata
578 929 634 970 sua
661 917 728 987 port
748 917 885 986 monem,
914 927 981 970 cum
1007 912 1094 970 edam

73 1001 230 1060 mnimsione
252 1001 405 1058 criminum
426 1015 543 1058 snorum
568 1001 614 1058 uni
634 999 721 1057 misse
742 997 859 1074 maligni
888 999 1002 1073 spiritus
1029 1014 1093 1056 mc-

71 1093 205 1146 morentur.
246 1084 454 1145 NOVICIUS:
480 1085 591 1146 Eorum
613 1085 818 1144 confessionem
840 1085 938 1143 andus
960 1082 1093 1143 delector.

70 1171 290 1232 MONACHUS:
328 1172 414 1248 Quod
424 1169 446 1253 ³)
478 1172 605 1232 dicturus
625 1189 702 1246 sum,
724 1188 783 1231 non
813 1170 886 1248 legi,
914 1169 1092 1232 sederitis

70 1260 191 1336 religiosis
212 1259 320 1318 audivi.
810 1285 812 1292 ν

393 1411 626 1510 scammum
645 1447 764 1509 xxm.

266 1571 320 1630 Dc
341 1569 520 1646 confatione
544 1571 699 1630 cuiusdam
721 1569 880 1630 demonis.

119 1707 260 1770 Sacerdos
283 1707 404 1786 quidam
424 1727 491 1770 cum
514 1716 643 1786 tempore
665 1707 903 1788 quadragesimali
922 1710 952 1768 in
972 1708 1096 1769 eeclesia

68 1813 113 1856 sua
130 1797 256 1873 sederet,
287 1803 318 1856 et
347 1796 400 1855 sibi
421 1799 638 1856 commissorum
660 1797 851 1856 confessiones
873 1795 999 1872 audiret,
1031 1796 1095 1856 aliis

69 1885 254 1944 recedentibus
268 1890 359 1959 atque
373 1883 435 1942 aliis
447 1883 657 1958 accedentibus,
677 1886 751 1943 inter
766 1889 964 1960 exspectantes
979 1882 1097 1958 quidm

68 1971 159 2046 abbat,
179 1977 323 2047 quantum
344 1969 383 2028 ad
402 1972 608 2047 apparentiam,
630 1987 748 2046 corpme
769 1973 880 2030 iuvenis
902 1976 932 2030 et
952 1971 1097 2044 robustus,

69 2057 209 2117 confitendi
237 2065 355 2134 tempus
374 2065 561 2134 ‘exspectans
613 2055 753 2117 Omnibus
781 2057 930 2134 expeditis,
950 2060 1013 2133 ipse
1041 2071 1097 2114 no-
1133 2083 1134 2095 κ

70 2146 188 2205 risimus
208 2147 344 2219 accessit,
372 2162 468 2204 coram
481 2143 631 2204 sacerdote
652 2161 746 2222 genua
766 2146 860 2220 flexit,
882 2141 944 2224 etr)
965 2143 1004 2202 ad
1025 2158 1097 2202 con·

69 2229 209 2292 icmionem
241 2250 275 2292 os
297 2234 419 2308 apertuit
461 2229 519 2308 Qui
552 2237 633 2290 tanta
663 2237 773 2292 ettam
801 2229 930 2291 enormia
950 2230 1097 2290 consessus

69 2324 105 2374 est
122 2321 247 2394 crimina,
269 2325 331 2378 tam
345 2319 436 2377 multa
456 2317 618 2392 homicidia,
637 2317 720 2393 furta,
744 2319 947 2394 blasphemias,
967 2318 1098 2394 periuria,

68 2402 216 2466 discordiae
237 2408 401 2480 seminaria,
422 2411 452 2464 et
473 2394 594 2464 alia'his
615 2405 723 2479 similia,
747 2423 868 2481 quornm
887 2421 921 2464 sc
943 2411 1097 2477 auctorem,

67 2489 231 2552 mcenmrem
269 2495 332 2551 sive
353 2499 553 2574 suggestorem
585 2509 648 2551 esse
670 2490 797 2566 dicebat,
829 2499 863 2551 ut
883 2491 1018 2551 sacerdos
1036 2497 1100 2549 tarn

68 2573 173 2640 horrore
196 2597 286 2655 quam
306 2579 403 2649 taedio
425 2585 573 2656 gravabis,
596 2578 703 2639 diceret
724 2579 762 2638 ad
782 2579 874 2638 ilium:
899 2577 1024 2639 Similis
1046 2595 1095 2637 es·

68 2677 107 2721 see
127 2683 276 2741 annorum,
298 2669 383 2724 nimis
406 2672 496 2740 esset,
518 2672 578 2724 tam
599 2669 699 2742 gravia
721 2656 751 2726 et
771 2672 831 2724 tarn
853 2666 944 2724 multa
965 2671 993 2725 te
1016 2681 1098 2724 com·-

68 2751 170 2811 misisse
190 2760 322 2830 peecata.
372 2751 422 2811 Ad
450 2752 528 2828 quod
554 2754 674 2812 verbum
701 2753 750 2812 ille
776 2752 937 2829 respondit:
965 2750 1099 2828 Amplius
1174 2745 1182 2751 ’

68 2849 124 2894 snm
152 2855 242 2914 quam
273 2839 351 2898 mille
380 2857 528 2900 annorum.
570 2840 653 2898 Tunc
680 2840 802 2916 amplius
830 2842 943 2898 territus
966 2837 1100 2899 sacerdos

68 2923 116 2979 ait:
139 2925 211 3000 Quis
233 2944 300 3004 crgo
324 2943 355 2986 cs
368 2923 410 3007 ⁶)‘l
432 2925 592 3002 Respondit
611 2926 675 2985 ille:
696 2927 830 2987 Daemon
853 2943 907 3004 ego
930 2943 1002 3000 smn,
1022 2941 1102 2998 unus,

69 3023 99 3064 ex
119 3009 163 3070 his
186 3016 236 3088 qui
262 3031 329 3073 cum
349 3012 482 3072 Lucifero
506 3013 676 3073 ceciderunt.
717 3015 844 3074 Peccata
864 3030 930 3072 mea
952 3010 1020 3093 ext)
1043 3013 1100 3070 mi·

69 3095 141 3154 nima
160 3101 215 3158 tibi
233 3107 315 3175 parte
338 3101 485 3160 confessus
506 3119 588 3176 sum3
610 3103 636 3160 si
656 3095 744 3161 velles
762 3100 860 3159 audire
882 3100 1004 3175 residua,
1026 3116 1101 3174 quae

70 3187 133 3239 sunt
150 3186 381 3261 innumerabilia,
410 3195 529 3263 paratus
557 3204 651 3246 essem
672 3189 723 3246 tibi
752 3187 887 3247 confiteri.
929 3187 1029 3248 Sciens
1051 3203 1100 3244 sa·

73 3267 167 3328 cerdon
188 3280 339 3347 peecatum
353 3273 459 3333 diaboli
479 3275 540 3333 iore
560 3275 726 3350 insanabile,
748 3274 830 3333 diruit:
854 3273 930 3350 Quid
950 3275 1003 3332 tibi
1018 3289 1100 3331 com-

73 3365 154 3414 menre
177 3375 241 3417 cum
262 3361 452 3436 consessione,
475 3379 491 3420 ο
514 3360 649 3420 diabole?
692 3356 852 3437 Respondit
873 3361 1011 3420 daemon:
1033 3359 1102 3420 Sta-

74 3434 140 3497 bam
162 3459 199 3501 ex
218 3449 345 3522 opposito
367 3450 423 3523 tui,
450 3448 565 3524 vidique
594 3455 760 3525 peccatores
783 3446 820 3507 ad
842 3455 870 3507 te
892 3448 1045 3522 accedere,
1074 3454 1103 3508 ct

93 3619 126 3687 1)
142 3621 164 3675 B
182 3625 230 3678 add
250 3647 310 3682 non
335 3635 434 3699 potui.
452 3664 483 3672 -
512 3634 544 3702 2)
562 3633 581 3686 Ρ
599 3634 845 3688 collationibus.
865 3663 895 3673 —
923 3635 956 3703 3)
974 3633 994 3686 Β
1013 3650 1101 3702 quac.

147 3721 179 3732 -
199 3697 394 3764 tJeromee.
413 3734 443 3743 -
463 3705 494 3770 5)
513 3706 532 3756 0
550 3721 583 3756 es
602 3713 642 3756 lu.
662 3735 693 3745 -
713 3707 744 3772 6)
763 3705 828 3757 sorte
846 3719 971 3767 neccx;
989 3704 1103 3756 moxBG

148 3774 237 3827 purte
261 3769 322 3820 tibi
346 3773 512 3824 coufessus
538 3791 617 3838 sum,
653 3776 674 3826 Α
701 3783 797 3843 parte
828 3773 1004 3825 confessus
1040 3773 1103 3825 tibi

150 3835 263 3899 tum,1l
288 3848 378 3904 purte
404 3843 576 3896 confessus
604 3861 669 3896 turn
697 3844 767 3896 tibi.
802 3843 1016 3906 connutritae.
