2594 4302
386 295 452 358 DE'
466 293 650 358 CORPORE
671 291 839 358 carisii.
889 299 893 307 '
1069 291 1130 357 165

478 503 712 566 CAPITULUM
733 505 758 566 1.

91 645 141 706 De
160 651 347 706 sumomonte
376 647 508 722 soporo
536 651 564 708 et
592 647 746 722 immutate
769 642 884 714 olma
925 629 1132 722 Ioterropotio

92 732 167 812 qaid
185 735 223 794 ait
243 739 472 806 reuomentem,
494 751 572 810 quoe
592 750 639 791 res
661 734 849 804 sacramenti,
870 748 947 808 qaae
968 747 1062 790 causa
1081 733 1131 790 irr-

189 822 365 894 acroama,
387 837 464 896 ocae
482 819 600 896 forma,
623 821 689 896 qais
709 818 816 880 arcodus
837 819 1035 886 conoessero

491 907 538 966 ecl
559 909 742 982 sumptionis.

157 1039 360 1103 UNIVERSA
380 1043 527 1104 Ecclesiae
547 1049 742 1128 sacramenta,
774 1043 901 1119 corporis
930 1045 959 1101 et
985 1039 1133 1118 sanguinis

93 1127 199 1190 Christi
220 1137 430 1190 sacramentum
451 1131 605 1206 praecellit.
647 1131 681 1190 ln
702 1133 765 1207 ipio
787 1131 843 1206 via,
863 1129 985 1204 veritas,
1013 1132 1043 1187 et
1062 1127 1133 1186 vita.

92 1215 167 1291 Via,
187 1218 256 1291 quia
277 1216 362 1294 digne
391 1218 560 1278 accedentes
583 1217 662 1277 ducit
683 1217 721 1278 ad
741 1217 847 1278 Deum.
889 1213 974 1279 Unde
996 1220 1025 1274 et
1044 1214 1132 1272 viati-

93 1319 160 1363 cum
196 1303 306 1362 dicitur
353 1303 484 1379 Veritas,
524 1307 592 1382 qnia
627 1303 743 1364 edentes
755 1299 780 1384 ¹)‘
809 1303 922 1363 Christo
960 1303 1132 1376 incorporat

92 1388 178 1451 Unde
199 1395 229 1449 et
251 1407 334 1450 sacra
355 1393 517 1451 communio
538 1397 668 1452 vocatur.
711 1391 789 1466 Vita,
810 1391 879 1466 quia
900 1387 1013 1448 Christo
1034 1389 1132 1446 incor-

92 1481 215 1553 poratos
225 1477 256 1534 in
269 1478 365 1535 anima
377 1480 450 1537 mori
470 1495 528 1537 non
542 1481 617 1538 sinit
649 1476 776 1539 Undeet
790 1475 962 1538 eucharistia
968 1471 989 1556 ²)
1020 1473 1132 1550 dicitur,

93 1562 125 1622 id
146 1568 191 1622 est
211 1564 289 1622 bona
309 1567 410 1640 gratia
452 1564 498 1625 De
519 1567 610 1641 primo
632 1563 766 1625 Salvator
787 1565 869 1625 dicit:
897 1563 964 1639 Epo
985 1578 1051 1620 eam
1068 1577 1132 1636 po-

93 1652 143 1709 rcia
161 1653 255 1723 mmo,
278 1653 330 1726 qai
351 1649 386 1709 dc
407 1653 487 1710 coelo
508 1651 649 1711 desemcdt
698 1651 775 1712 Ecce
795 1653 853 1711 via
906 1649 964 1726 Qui
985 1646 1135 1708 descendit

93 1738 158 1812 lpse
180 1742 224 1795 est
245 1742 274 1796 et
295 1738 345 1812 qui
365 1737 501 1814 ascendit,
523 1756 622 1798 seeum
645 1737 752 1798 ducens
774 1739 870 1797 omnia
891 1753 944 1796 sua
965 1729 1133 1814 membra⁸),

94 1823 155 1883 alia
178 1825 208 1881 in
229 1840 269 1900 re,
291 1823 348 1883 alia
365 1840 434 1884 vero
455 1825 485 1883 in
507 1841 567 1901 spe.
609 1825 656 1886 De
677 1824 804 1885 secundo
825 1819 923 1903 iterus)
946 1821 1028 1882 dicit:
1052 1819 1132 1880 Oaro

94 1927 163 1970 meo
183 1927 252 1970 vere
273 1917 316 1970 est
335 1909 424 1986 cibra,
447 1918 475 1972 ct
495 1913 618 1988 conpote
638 1929 721 1972 maa
741 1930 810 1972 ocra
824 1917 917 1988 potos
939 1904 1020 1981 ests).
1055 1905 1135 1968 Ecca

94 1997 210 2057 veritas.
252 1993 304 2056 Ait
325 2003 354 2056 et
375 1997 411 2058 de
431 2001 531 2058 tertio:
555 2000 614 2078 Qui
634 1997 800 2059 manducat
811 2011 924 2075 ponem
945 1995 1032 2067 tone,
1054 1997 1133 2054 vivet

93 2085 128 2144 to
150 2090 303 2143 ormnem
311 2081 344 2162 ⁶).
386 2084 464 2146 Eece
485 2087 554 2145 vim
596 2085 694 2146 Simile
707 2083 849 2162 intelligas
871 2081 907 2143 de
929 2079 1027 2142 calice.
1069 2079 1145 2154 Nec-

95 2171 208 2246 absque
241 2173 376 2248 mysterio
412 2171 448 2232 de
484 2189 602 2249 corpore
636 2178 666 2232 et
698 2167 837 2250 sangnine
867 2169 972 2230 Christi
998 2169 1029 2226 in
1056 2183 1133 2227 nona

95 2253 274 2317 distinctione
296 2257 477 2318 necandum
498 2261 642 2336 suspicor,
673 2262 740 2336 quia
764 2273 917 2319 numerum
945 2255 1133 2314 novenarium

93 2343 283 2424 philosophus
304 2349 515 2418 exterminatori
537 2349 679 2422 omnium,
708 2346 737 2405 id
759 2353 803 2406 cst
823 2346 908 2406 morti
929 2335 1132 2420 assignavitr);

94 2437 125 2492 et
146 2431 274 2492 Christus
296 2435 345 2508 qui
367 2441 411 2493 est
430 2436 491 2494 vita
513 2437 648 2509 omnium,
669 2449 746 2493 nona
765 2432 838 2492 hora
860 2431 916 2491 diei
936 2432 967 2488 in
980 2441 1065 2489 cruce
1077 2443 1131 2487 ex-

92 2519 221 2595 spiravit
263 2518 480 2580 Sacramentum
507 2521 563 2582 hoc
594 2519 627 2579 fit
645 2523 684 2588 ,in
707 2519 1006 2580 commemorationem
1027 2513 1133 2573 Domi-

91 2607 177 2664 nicae
207 2607 315 2664 mortis.
363 2606 447 2667 Unde
468 2606 625 2684 Apostolus
646 2610 676 2666 iu
701 2611 795 2686 prima
814 2604 946 2682 Epistola
966 2599 1133 2662 Tessaloni·

93 2688 256 2771 censrbusl)
275 2692 374 2752 scribit
391 2692 500 2754 dicens:
524 2697 782 2774 Quotierocunqoc
794 2690 1012 2752 mortdocabitis
1020 2705 1134 2762 portare

91 2780 182 2852 hone,
211 2785 240 2838 et
268 2779 386 2837 calicem
413 2779 526 2854 bebetis,
555 2789 680 2842 morters
702 2783 826 2840 Domini
847 2773 1080 2848 annunciatione,
1101 2771 1133 2832 id

93 2870 140 2925 est
160 2865 419 2942 repraesentabitis,
441 2867 532 2927 donec
552 2871 652 2928 veniat
660 2865 694 2946 ⁹),
715 2867 753 2928 ad
774 2865 911 2927 iudicium
927 2865 1044 2925 scilicet.
1072 2853 1134 2948 'Ita

92 2950 193 3028 glossa
214 2952 338 3026 exponit.
358 2950 526 3028 Apparents
540 2969 574 3014 eo
595 2952 738 3031 ingloria,
760 2954 886 3015 cessabit
905 2951 1005 3029 figura.
1028 2945 1133 3008 Omnia

93 3037 216 3116 quaein
230 3038 423 3112 superioribus
435 3039 662 3101 distinctionibus
684 3041 761 3101 dicta
782 3047 857 3114 sunt,
878 3039 986 3100 scilicet
1007 3032 1043 3094 de
1061 3049 1133 3093 con-

93 3124 235 3199 versione,
250 3122 285 3182 de
297 3127 472 3201 counitione,
485 3125 521 3186 de
534 3128 718 3202 confessione,
732 3127 924 3188 satisfactione
938 3121 969 3205 ¹⁰)
983 3129 1012 3185 et
1021 3119 1133 3195 simpli-

94 3213 191 3285 eitate,
201 3209 343 3288 quaedam
354 3217 421 3270 sunt
428 3220 666 3290 praeparamenta
676 3212 714 3273 ad
723 3213 779 3274 hoc
789 3217 1008 3274 sacramentum.
1028 3205 1133 3270 Nullae

93 3300 183 3360 etiam
196 3299 321 3356 visiones
334 3301 426 3376 magis
441 3298 527 3359 fidem
539 3302 685 3377 roborant,
705 3317 792 3376 quam
814 3317 881 3361 cnm
897 3317 964 3360 eum
978 3311 1064 3374 quem
1076 3297 1132 3356 sub

93 3387 192 3462 specie
204 3386 289 3464 panis
309 3391 338 3444 et
354 3386 514 3447 imitatore
537 3387 686 3463 credimus,
707 3387 796 3448 oculis
818 3389 962 3465 corporeis
981 3387 1132 3445 intuemur.

94 3516 185 3596 Ι1)()
202 3516 299 3588 digne
317 3517 659 3590 edentem-Decimae
676 3519 883 3574 eucharistia
900 3527 927 3574 et
943 3519 1132 3574 culminis.

165 3617 198 3628 -
217 3587 249 3656 3)
264 3587 333 3642 Bon
356 3589 496 3644 membra
520 3607 583 3644 sua.
603 3621 635 3632 -
659 3591 693 3658 4)
708 3589 753 3645 Bc
776 3589 867 3644 idem.
887 3618 917 3632 -
937 3591 970 3658 5)
986 3589 1053 3644 Boo
1079 3597 1132 3644 est

163 3665 270 3725 potus.
290 3687 321 3698 -
340 3661 373 3728 6]
394 3657 483 3713 Johan.
501 3661 533 3725 6,
551 3661 593 3714 51.
617 3662 659 3714 56.
682 3659 724 3712 59.
750 3689 781 3700 -
800 3661 832 3728 7)
854 3657 944 3713 Homil.
968 3657 1009 3711 lll.
1032 3675 1058 3727 p.
1082 3658 1131 3711 et:

163 3726 348 3798 „Novenarium
358 3717 545 3784 exterminatori
554 3731 664 3783 omnium
674 3745 758 3782 rerum
771 3727 914 3798 philosophi
925 3726 1132 3782 dedicaveruntss

166 3795 279 3862 *libb
294 3797 333 3850 sid
350 3799 621 3855 Chorintbeos.-
641 3797 844 3870 9)cor.1‚‘tt‚
861 3799 946 3853 2c.-
966 3798 1046 3868 10)ss
1064 3807 1132 3850 ter-

164 3869 300 3920 tatioue.
1179 3893 1182 3910 ι
