2654 4308
239 296 242 301 .
368 255 423 318 nn
442 219 628 320 erraras
648 255 941 320 mereamus·
1093 257 1153 316 115

430 447 664 510 osrruuuorr
690 445 844 529 xumc)

170 569 220 630 De
240 585 381 630 oenomao
403 574 456 646 qui
477 571 617 646 capsim
643 569 816 646 frequenter
837 570 909 630 vidit
931 575 961 631 et
980 569 1101 630 dicendo

489 659 621 734 prolium
650 656 786 732 perdidit.

183 774 347 836 Conversus
383 775 500 853 quidam
536 775 572 838 de
602 775 815 838 Hemmeurode
848 775 997 840 cuiusdam
1027 736 1184 838 eiusdem·

13 927 14 932 γ
117 860 221 923 domus
252 864 389 942 grangiae
420 865 556 940 magister
584 870 660 940 erat,
692 866 736 925 vir
764 863 858 924 bonus
885 881 921 924 ao
952 861 1155 941 disciplinatus.

115 947 210 1010 Juxta
238 949 315 1010 huno
344 967 410 1010 oum
439 951 528 1010 exiret
555 949 593 1010 ad
621 967 710 1028 opera
740 967 877 1010 manuum
898 952 959 1010 sive
979 950 1018 1010 ad
1039 952 1156 1027 negotia

117 1034 222 1116 domus
244 1053 322 1112 suae,
343 1036 416 1096 alius
438 1035 554 1114 quidam
573 1036 693 1113 simplex
715 1053 870 1097 conversus
891 1035 1026 1114 angelum
1038 1037 1156 1104 Domini

115 1121 314 1182 ambulantem
344 1123 506 1199 frequenter
532 1123 612 1183 vidit.
662 1121 748 1200 Quod
776 1141 842 1183 cum
869 1123 1011 1184 retulisset
1040 1122 1155 1183 domino
1184 1199 1185 1204 ἵ

115 1208 285 1270 Hermanno
300 1207 411 1269 Abbati
432 1227 493 1285 suo,
515 1209 646 1270 referenti
667 1209 828 1286 respondit:
851 1209 926 1286 Quia
946 1202 1087 1273 visionem
1107 1226 1156 1272 ro·

116 1294 216 1371 tulisti,
237 1313 385 1372 nunquam
397 1296 532 1374 angelum
554 1295 590 1356 de
612 1303 706 1357 cetero
728 1296 849 1357 videbis.
881 1296 966 1374 Quod
987 1300 1028 1357 lta
1048 1296 1156 1360 factum

117 1389 172 1442 est.
214 1380 418 1444 NOVIOIUS:
449 1383 516 1443 Nou
536 1383 650 1444 videtur
670 1383 740 1442 mibi
760 1384 846 1444 irater
866 1385 920 1445 iste
942 1383 1110 1461 deliquisse,
1131 1383 1156 1442 si

116 1469 174 1529 sibi
196 1467 330 1529 divinitus
351 1469 492 1546 revelata,
513 1468 623 1530 Abbati
644 1471 758 1547 proprio
779 1470 979 1532 manifestavit.
1020 1467 1156 1532 MONA·

118 1553 237 1616 GHUS:
270 1555 346 1616 Satis
377 1563 448 1632 puto
481 1556 559 1632 quod
586 1573 643 1615 uon
672 1559 782 1633 absque
811 1555 907 1632 aliqua
929 1557 1023 1619 cordis
1043 1560 1156 1618 iaetan-

117 1643 160 1702 tia
195 1658 350 1702 oouversus
385 1645 525 1703 visionem
557 1642 678 1704 eandem
709 1643 878 1704 recitaverit
930 1644 969 1703 Et
1001 1646 1069 1721 quia
1099 1643 1156 1704 hoo

116 1727 222 1789 Abbas
236 1727 434 1805 consideravit,
447 1729 526 1806 quod
538 1729 664 1790 usuum
677 1730 848 1790 aestimabat
859 1727 876 1810 ¹)
889 1731 1038 1806 praedixit
1057 1729 1129 1790 Erat
1134 1725 1155 1809 ²)

119 1817 197 1876 enirn
217 1817 261 1876 vir
280 1815 407 1892 prudens
434 1822 464 1876 et
483 1815 623 1877 liberatus
643 1821 712 1877 autc
734 1818 964 1893 conversionem,
992 1822 1157 1878 sauctorum

117 1901 326 1978 Apostolorum
353 1903 382 1961 in
404 1901 524 1963 Colonia
551 1901 696 1962 Decanus.
738 1900 941 1964 NOVICIUS:
969 1901 1043 1964 Cum
1070 1903 1156 1980 quili-

119 1989 171 2049 bet
191 1988 279 2049 homo
301 1988 375 2049 duos
389 1987 497 2051 babeat
510 1989 627 2068 angelos
648 1996 682 2049 ut
703 1988 773 2049 diois
794 1990 849 2048 sibi
865 1989 1026 2066 deputatos,
1046 1989 1155 2050 bonum

118 2074 158 2136 ad
179 2076 391 2154 suggerendum
412 2078 533 2151 bonum,
563 2082 592 2137 et
612 2075 720 2136 malurn
742 2074 780 2136 ad
801 2077 1011 2154 suggerendum
1032 2076 1156 2152 malum,

119 2160 190 2238 quid
212 2168 256 2224 est
277 2162 355 2240 quod
376 2169 436 2222 tarn
456 2163 538 2224 la'oile
559 2161 684 2223 hominis
704 2161 839 2224 voluntas
860 2163 962 2240 angelo
985 2162 1062 2224 malo
1085 2157 1156 2225 oon-

118 2251 207 2309 seutit
232 2248 270 2310 ad
300 2249 472 2326 peccatum?
515 2250 604 2311 Eume
632 2251 710 2311 bono
738 2252 769 2308 in
797 2251 922 2312 consiliis
944 2249 1100 2326 efficacior,
1128 2256 1158 2312 et

118 2335 158 2397 ad
178 2338 238 2397 vim
258 2336 434 2398 inserendam
456 2333 646 2418 valentior⁸)'l

449 2527 681 2590 CAPITULUM
712 2529 824 2591 XLIV.

148 2649 230 2728 Quid
250 2657 387 2727 operetur
408 2652 531 2727 oppetes
558 2631 652 2710 bonus
673 2655 733 2712 sive
753 2653 852 2711 molus
873 2653 952 2711 circo
972 2613 1146 2713 boram

182 2784 418 2849 MONAOHUS:
449 2787 531 2850 Licet
560 2789 648 2850 homo
677 2789 785 2850 habeat
816 2789 964 2868 angelum·
981 2791 1089 2850 bonum
1116 2787 1156 2850 ad

62 2865 72 2885 ⁴
119 2871 288 2950 custodiam,
311 2880 340 2936 et
359 2873 469 2934 malum
481 2881 598 2952 propter
619 2878 792 2952 exucitium,
813 2883 913 2936 neuter
927 2883 1023 2937 tamen
1043 2875 1156 2936 illorum

117 2955 260 3020 voluntati
286 2961 431 3022 humanae
452 2965 511 3023 viru
531 2963 633 3022 inferre
654 2961 746 3040 valet,
774 2968 807 3023 ut
826 2969 943 3040 propter
962 2962 1036 3022 uuus
1057 2962 1155 3032 consi·

116 3045 188 3120 lium
209 3047 350 3108 violenter
369 3049 519 3109 inclinetur
539 3049 577 3110 ad
598 3051 722 3125 bonum,
743 3051 805 3110 sive
826 3051 864 3109 ob
886 3050 971 3109 huius
991 3050 1155 3126 suggestio·

117 3150 186 3194 nem
214 3134 343 3195 trahatur
364 3134 402 3194 ad
426 3135 543 3196 malum.
587 3135 713 3196 Contulit
732 3135 815 3195 Deus
835 3136 943 3195 homini
963 3135 1084 3196 liberum
1105 3151 1155 3196 ar·

117 3220 244 3282 bitrium.
285 3219 488 3283 NOVIGIUS:
510 3221 587 3299 Quid
609 3228 652 3282 est
673 3221 794 3281 liberum
810 3220 979 3282 arbitrium?
1021 3221 1155 3283 MONA-

118 3306 237 3368 cHUS:
267 3307 404 3368 Facultas
432 3309 586 3379 voluntatis
615 3317 645 3370 et
671 3305 803 3385 rationis,
835 3326 894 3385 qua
915 3309 1026 3388 eligitur
1046 3309 1155 3369 bonum

116 3396 268 3484 assbteute
281 3398 383 3473 gratia,
403 3395 512 3456 malum
532 3413 603 3457 vero
617 3396 772 3458 desistente
792 3397 894 3473 gratia.
924 3395 1061 3458 Liberum
1082 3395 1155 3458 dici-

133 3547 167 3616 s)
183 3547 273 3600 noma
291 3547 332 3600 nr.
350 3563 376 3615 p.
395 3547 538 3632 rapu-1)
556 3547 577 3630 o
595 3555 673 3600 erar.
684 3547 758 3632 7².)
776 3547 797 3600 o
814 3557 916 3601 osc-
927 3547 1063 3633 eruomrr.
1080 3548 1110 3633 rr.
1127 3565 1153 3617 p.
1172 3516 1176 3524 ’

186 3618 232 3704 625
256 3616 503 3702 „lncomparabrlrter
519 3617 608 3669 iortror
626 3627 665 3670 est
682 3617 789 3684 Spiritus
807 3628 908 3703 penetus
926 3627 1015 3702 sprrrtu
1032 3618 1155 3688 maligno,

183 3703 245 3811 tlt
259 3685 1155 3882 gillia?{2225le”llllellll’llllssllalllrlllll

184 3844 241 3892 cum
314 3864 323 3894 5
339 3842 378 3880 lus
415 3843 445 3884 ca
457 3865 464 3882 0
892 3839 894 3844 Ι
