2628 4310
167 187 229 246 326
437 181 664 246 DISTINUPIO
688 181 933 246 Duooacrtuu·

166 308 196 364 in
217 321 344 364 massam
364 305 470 366 brerint
489 306 606 382 redacti,
627 309 749 367 invicem
762 311 794 367 se
816 270 954 367 occident.
997 303 1088 366 Vides
1110 321 1205 380 quaa-

167 399 197 452 ta
218 391 346 452 invidia?
388 391 472 453 Haec
493 393 562 452 mihi
584 413 602 453 a
624 394 737 454 duobus
758 393 924 454 Abbatibus
944 392 1034 452 relata
1055 398 1139 467 sunt,
1170 409 1205 452 ex
1294 459 1295 466 χ

167 481 270 554 quibus
291 495 365 538 unus
386 478 439 538 tuit
459 479 494 540 de
516 481 632 541 Ducatu
655 480 817 558 ceringiae,
838 481 911 541 alter
931 482 1061 540 asseruit·
1074 480 1130 538 sibi
1152 495 1205 538 ea-
1294 481 1295 496 ¹

168 565 233 625 dem
254 573 408 626 nauatae
429 567 554 642 quodam
576 567 694 627 Abbate
719 570 768 644 qui
789 567 897 627 litteras
918 566 1098 642 supradictas
1119 565 1205 625 audi-

167 655 288 713 viteam
309 652 470 730 legerentur
491 671 587 714 eoram
601 654 683 730 Rege
697 653 857 714 Frederieo.
899 650 1105 714 NOVIOIUS:
1126 651 1205 729 Quid

167 738 346 800 aerrtiondum
368 746 412 799 est
434 739 469 800 de
491 741 710 815 hiemantibus,
733 741 863 800 Vulcano
886 740 1007 814 scilicet,
1029 739 1148 799 Aethra
1177 747 1206 800 et
1294 753 1295 780 ¹

167 833 264 886 monte
287 825 407 903 Gyberi
451 826 524 886 Cum
545 829 657 887 animae
669 830 698 885 in
721 841 770 887 eos
792 831 948 902 mittantur,
968 835 1051 906 estne
1071 827 1112 886 ibi
1133 843 1205 902 pur·
1294 835 1295 844 ’

167 915 307 990 gatoriunr
322 915 382 972 sive
397 913 542 973 infernus?
571 912 807 974 MONACHUS:
822 913 863 974 Oe
876 912 1007 973 dicuntur
1021 929 1084 973 esse
1096 913 1206 988 inferni,

168 999 350 1077 quianullus
372 999 527 1060 electorum
549 999 601 1059 sed
623 1001 737 1076 reprobi
765 1006 877 1060 tantum
905 1003 934 1059 in
961 1015 1011 1059 eos
1039 1001 1205 1075 mittuntur,

167 1089 241 1146 sicut
269 1086 372 1164 legitur
399 1089 429 1145 in
463 1086 587 1164 Dialogo
623 1087 660 1148 de
688 1087 866 1147 Theoderico
896 1087 976 1164 Rege
1012 1084 1167 1147 Gottorurn
1178 1083 1206 1166 ¹).

165 1173 297 1233 Inierrius
319 1179 435 1250 putatur
456 1189 520 1233 esse
541 1176 570 1232 in
600 1173 685 1233 corde
713 1179 818 1252 terrae,
844 1190 881 1233 ne
909 1173 978 1232 maii
1007 1173 1103 1234 lumen
1132 1173 1205 1234 coeli

167 1260 292 1319 videant
335 1260 467 1320 Referam
488 1260 540 1320 tibi
560 1277 637 1320 nunc
659 1259 756 1337 aliqua
778 1259 908 1337 exempla
930 1258 966 1320 de
990 1263 1091 1336 poenis
1117 1277 1206 1337 prae-

166 1346 281 1407 donum.

364 1558 366 1562 ¹
436 1475 438 1480 ’
517 1483 750 1546 CAPITULUM
771 1485 871 1546 XIVv
902 1484 905 1490 '

374 1608 423 1667 De
439 1625 541 1684 poena
562 1608 712 1667 Fredort'ea'
733 1609 832 1667 militis
853 1606 890 1665 de
911 1607 1007 1667 Kella

233 1726 310 1788 Civis
345 1729 461 1804 quidam
491 1728 713 1790 Andimacensis
741 1730 928 1789 Erkinbertus
962 1730 1094 1803 nomine,
1122 1735 1206 1804 pater
1294 1785 1295 1800 ,

167 1812 309 1876 Johannis
323 1816 455 1876 monachi
469 1819 565 1891 nostri,
586 1834 652 1876 oum
674 1816 720 1876 die
733 1816 858 1892 quadam
878 1822 946 1876 ante
966 1815 1062 1876 lucem
1086 1818 1140 1875 iret
1165 1814 1206 1876 ad
1294 1823 1295 1838 ¹

168 1900 313 1978 quoddam
334 1902 480 1980 placitum,
502 1903 618 1978 quidem
641 1905 666 1962 ei
688 1904 860 1964 occurritin
882 1902 1022 1964 dauauo
1044 1903 1206 1979 nigerrimo,

168 1988 204 2048 de
227 1991 307 2050 cuius
335 1991 451 2050 naribus
473 1989 609 2054 iumuset
629 1990 746 2050 flamma
767 1987 979 2070 procedebam.
1021 1990 1105 2051 Nunc
1126 1992 1205 2049 viam

167 2077 264 2136 tritam
284 2077 410 2151 tenebat,
430 2093 507 2152 nunc
529 2078 692 2136 exorbitans
705 2078 735 2134 in
757 2095 890 2152 campum
913 2076 1099 2136 discurrebat
1120 2077 1205 2136 Haec

167 2162 268 2223 videus
288 2161 489 2239 Erkinbertus,
510 2166 632 2240 primum
654 2163 739 2224 valde
758 2166 873 2232 territus
895 2169 953 2240 est,
975 2169 1004 2222 et
1025 2166 1093 2239 quia
1114 2163 1205 2222 decli-

167 2267 236 2310 nare
257 2267 315 2310 non
336 2255 457 2329 poterat,
477 2253 621 2326 seipsum
642 2250 814 2326 confortans,
836 2267 920 2322 cruce
933 2267 965 2309 se
986 2251 1111 2327 signavit
1133 2267 1205 2311 eon-

167 2343 212 2397 tra
226 2335 380 2412 diabolum,
403 2337 549 2396 dexteram
561 2355 675 2397 armans
688 2336 784 2414 gladio
808 2343 908 2396 contra
928 2336 1082 2396 homiuem.
1113 2336 1205 2413 Igno·
1294 2391 1295 2410 ,

166 2425 251 2484 rabat
273 2425 347 2482 enim
375 2424 443 2499 quid
473 2431 557 2483 esset
608 2424 660 2483 Cui
691 2441 757 2484 eum
783 2426 1002 2500 propinquasset
1010 2421 1040 2504 ⁸),
1069 2425 1205 2500 cognovit

168 2526 234 2570 eum
260 2509 405 2586 quendam
432 2511 519 2569 fuisse
547 2510 665 2571 militem
692 2513 870 2570 nominatum
898 2527 989 2586 nuper
1025 2510 1205 2585 defunctum,

166 2596 351 2656 Fredericum
364 2599 488 2671 nomine,
509 2595 545 2657 de
559 2596 627 2658 villa
640 2597 723 2658 Kella
746 2597 904 2656 anundum.
946 2596 1107 2656 Videbatur
1128 2599 1204 2656 euim

168 2685 396 2744 circumamictus
411 2683 533 2760 pellibus
551 2686 651 2760 ovinis,
673 2684 778 2743 molem
799 2691 890 2743 terrae
911 2690 1028 2760 gestans
1047 2683 1077 2741 in
1099 2684 1204 2742 hume·

167 2772 214 2830 ris.
261 2769 310 2828 Ad
336 2787 421 2846 quern
447 2769 650 2831 Erkinbertus:
679 2770 755 2830 Estis
781 2787 835 2830 ros
864 2771 995 2829 domiuus
1016 2768 1204 2829 Fredericus?

166 2856 369 2933 Respondente
390 2855 455 2932 illo,
477 2874 530 2933 ego
553 2875 632 2933 sum;
662 2857 795 2916 subiecit:
821 2853 905 2916 Unde
928 2859 1044 2932 venitis,
1065 2855 1112 2917 vel
1134 2855 1203 2932 quid
1294 2933 1295 2936 Ἴ

166 2944 326 3021 significant
346 2945 402 3002 ista
423 2960 497 3019 quae
519 2941 626 3003 video?
669 2943 749 3019 Ego,
769 2945 875 3018 inquit,
895 2946 924 3002 in
952 2945 1081 3003 maximis
1102 2943 1204 3018 poenis

167 3048 245 3106 sum,
267 3029 357 3107 pelles
378 3032 448 3089 istas
471 3030 583 3089 cuidam
612 3030 717 3089 viduae
739 3027 837 3108 tuli⁴),
865 3047 938 3106 quas
966 3047 1042 3089 nunc
1071 3029 1204 3088 ardentes

167 3205 247 3266 cuius
269 3203 395 3279 pondere
423 3203 509 3263 modo
538 3221 660 3280 premor.
712 3203 743 3263 Si
771 3203 820 3262 filii
848 3206 905 3263 mei
933 3206 988 3263 ista
1016 3206 1205 3278 restituerint,

166 3290 287 3350 multum
300 3305 432 3366 ¹poenam
453 3307 549 3350 meam
569 3290 746 3350 alleviabant
754 3287 784 3371 ⁶).
826 3289 931 3366 Sicque
960 3292 998 3350 ab
1026 3290 1116 3351 oculis
1143 3293 1206 3350 eius
1294 3343 1295 3360 ,

167 3377 291 3438 evanuit.
342 3376 398 3460 Qui
428 3395 493 3437 cum
522 3379 670 3438 recitasset
697 3377 743 3438 die
772 3377 862 3438 altere
890 3378 981 3437 verba
1007 3380 1095 3453 patris
1124 3377 1207 3453 filiis,

165 3464 327 3525 maluerunt
346 3463 426 3524 illum
447 3463 627 3525 aeternaliter
648 3468 677 3523 in
698 3467 798 3541 poenis
819 3481 949 3540 manere,
978 3482 1066 3541 quam
1087 3463 1207 3550 duabsu

184 3613 215 3684 1)
233 3613 338 3698 Gregor.
355 3615 419 3668 Dial.
438 3616 485 3680 iv,
502 3617 544 3668 30.
565 3646 595 3657 —
615 3617 647 3685 2]
665 3615 752 3670 BDEF
771 3577 1047 3684 arocedebanta'·
1062 3614 1094 3682 3)
1112 3613 1134 3668 B
1152 3630 1208 3684 aa·

234 3693 544 3808 {floepvrirraqtffiaeb-
557 3687 589 3756 4)
607 3686 632 3739 E·
646 3686 780 3776 abstuli.
793 3685 871 3756 -5J
889 3685 910 3738 Ι)
928 3687 1154 3737 restituerent
1174 3715 1207 3728 -
