2580 4316
407 249 465 310 ns
490 202 773 310 corrmsrorn.
1066 249 1102 309 41

91 373 165 431 ninus
182 371 282 447 malus,
304 373 365 432 tale
389 373 518 433 edictum
539 374 701 448 proposuit:
734 372 764 431 Si
785 370 873 432 modo
895 370 995 448 aliquis
1017 379 1107 446 esset,

91 460 162 533 inquit
175 455 201 538 ¹),
230 463 277 534 qui
306 463 388 520 veris
417 460 529 518 indiciis
551 477 619 518 vere
641 459 712 518 mihi
733 457 769 518 de
791 461 887 518 anima
908 461 996 534 patris
1016 457 1106 538 mei¹)

90 537 162 604 dicere
179 554 281 621 posset,
302 547 419 606 bonam
442 549 542 606 curtim
558 543 578 626 ³)
600 563 684 606 ame
697 549 844 621 reciperet.
876 545 1023 605 Audiebat
1033 545 1105 606 hacc

88 632 151 690 miles
169 634 280 707 quidem
303 651 429 709 pauper,
451 636 500 708 qui
521 634 636 692 fratrem
656 633 784 692 habebat
803 632 936 692 clericum
957 635 986 691 in
1007 634 1105 708 nigro-

86 720 171 778 mantia
190 720 367 795 quandoque
390 723 461 780 setis
483 720 654 795 expeditum.
688 719 741 778 Cui
770 737 836 778 curn
857 719 946 778 verba
966 719 1106 795 Principis

85 804 262 886 indicasset¹),
284 807 439 883 respondit
461 807 521 866 ille:
553 807 636 866 Bone
657 807 761 880 frater,
784 805 929 866 diabolum
950 805 1105 881 aliquando

82 889 122 966 p'er
138 897 256 952 carmina
278 911 391 954 vocare
415 896 570 969 consuevi;
585 894 759 954 sciscitabar
786 895 823 952 ab
846 893 894 952 illo
916 910 991 967 quae
1012 893 1105 970 volui;

82 976 145 1057 dn‘)
175 992 217 1042 est
252 981 335 1056 quod
368 984 430 1040 eius
463 981 610 1056 colloquiis
637 980 803 1055 artibusque
830 982 1004 1038 renunciavl.
1053 979 1105 1038 In-

80 1071 153 1124 stante
172 1069 259 1127 milite
282 1075 430 1144 oportune
457 1070 635 1143 importune,
669 1067 896 1126 admemoriam
918 1069 944 1126 ei
966 1065 1105 1126 reducens

80 1155 200 1227 propriam
219 1162 429 1231 paupertatem
450 1157 678 1230 promissumque
699 1153 853 1227 honorem,
881 1153 1014 1228 precibus
1044 1155 1104 1212 eius

80 1239 175 1299 tandem
196 1241 320 1301 clericus
354 1244 463 1316 victus,
496 1241 666 1300 daemonem
696 1243 819 1300 vocarit.
873 1239 1004 1300 Vocatus
1036 1239 1105 1314 quid

81 1325 149 1385 velet
166 1329 323 1402 inquisivit.
368 1328 532 1404 Respondit
554 1328 688 1390 clericus:
710 1327 842 1387 Poenitet
862 1344 909 1386 me
930 1333 1011 1386 tanto
1028 1333 1104 1386 tem-

78 1427 133 1485 pore
150 1419 303 1476 recessisse
327 1433 349 1476 a
370 1422 409 1474 te.
438 1415 540 1475 Indica
560 1415 631 1472 mihi
652 1415 781 1489 obsecro,
803 1415 853 1474 ubi
874 1415 912 1472 sit
932 1416 1029 1472 arrima
1050 1413 1105 1473 do-

78 1499 133 1558 mini
149 1505 203 1561 mei
223 1503 411 1579 Lantgravii.
453 1501 504 1561 Ait
531 1501 668 1561 daemon:
697 1501 728 1561 Si
755 1503 799 1560 vis
831 1517 945 1560 mecum
971 1517 1104 1577 pergere,

79 1589 187 1660 egotibi
207 1586 329 1670 illum⁵)
361 1588 522 1648 ostendam.
565 1589 604 1647 Et
631 1587 694 1646 ille:
720 1587 857 1648 Libenter
883 1584 999 1666 illum')
1021 1588 1104 1648 vide-

78 1687 138 1748 rem,
163 1678 186 1733 si
212 1680 275 1736 sine
306 1675 439 1753 periculo
461 1679 539 1735 vitae
559 1692 642 1734 meae
663 1673 743 1733 illum
764 1675 862 1734 videre
884 1691 1007 1750 possem.
1052 1673 1104 1734 Cui

80 1755 203 1821 diabolus:
234 1763 313 1824 Juro
338 1763 392 1822 tibi
413 1779 465 1837 per
486 1761 681 1836 Altissimum,
714 1768 744 1820 et
771 1759 1021 1837 pertremendum
1043 1763 1105 1822 eius

77 1844 201 1924 iudicium,
222 1853 294 1926 quia
318 1852 345 1909 si
367 1849 435 1908 fidei
455 1866 537 1909 meae
559 1855 589 1908 te
611 1851 793 1923 commiseris,
814 1847 1105 1908 incolumemte'rllue

80 1929 164 1994 ducam
182 1937 302 2014 hucque
326 1937 473 1996 reducam.
515 1935 778 2018 Ponenstclericus
806 1941 922 2012 propter
952 1935 1068 1994 fratrem
1081 1931 1104 2014 ¹)

79 2021 182 2082 animam
209 2043 297 2084 suam
326 2027 357 2082 in
386 2023 519 2082 manibus
547 2025 621 2097 suis,
651 2022 755 2082 collum
785 2021 931 2080 daemonis
961 2021 1105 2095 ascendit,

80 2120 149 2179 quem
166 2111 237 2171 infre
257 2113 352 2172 breve
375 2116 489 2185 tempus
510 2115 702 2185 anteportam
721 2108 965 2183 inleridepcsuit.
1007 2107 1103 2168 Intro-
1163 2167 1169 2192 Ι

79 2195 180 2266 opinens
201 2199 339 2272 clericus,
363 2196 573 2272 contemplatus
595 2203 639 2255 est
659 2196 723 2255 loce
744 2197 827 2254 nimis
849 2194 1009 2268 horrenda,
1030 2210 1104 2270 poe-

80 2294 215 2359 tarumque
237 2287 358 2344 diversa
379 2301 492 2360 genera,
515 2290 543 2342 et
565 2283 734 2342 daemonem
756 2283 901 2358 quendam
913 2289 1032 2357 aspectu
1043 2289 1103 2340 ter-

80 2365 216 2450 ottenb,
245 2389 337 2448 super
359 2377 490 2446 opertum
510 2377 632 2446 puteum
652 2369 824 2430 residentem
841 2367 880 2449 ¹⁰).
924 2368 1050 2428 Clericus
1070 2376 1104 2427 ut

79 2449 137 2514 baec
155 2459 238 2534 vidit,
273 2464 355 2517 totus
385 2459 562 2516 contremuit.
605 2456 644 2514 Et
672 2456 807 2516 clamavit
839 2456 961 2516 daemon
988 2454 1036 2516 ille
1064 2455 1102 2514 ad

81 2537 228 2605 daemonem
251 2544 401 2605 baiulum:
424 2543 494 2619 Quis
516 2551 560 2604 est
579 2543 636 2617 ille,
657 2561 744 2619 quem
764 2550 845 2603 tenes
866 2546 895 2602 in
918 2541 1013 2602 collo?
1035 2541 1101 2600 Ad-

81 2623 124 2686 duo
142 2648 203 2692 eum
224 2633 295 2692 huc.
328 2630 383 2690 Cui
400 2628 428 2712 ¹¹)
449 2630 608 2708 respondit:
628 2629 749 2689 Andous
769 2637 866 2690 noster
888 2637 940 2704 est,
961 2637 991 2690 et
1009 2633 1102 2688 iuravi

82 2713 101 2769 ti
116 2731 161 2790 per
179 2723 302 2779 virtutes
325 2725 391 2776 tuas
418 2736 552 2794 magnas,
585 2719 653 2792 quia
679 2735 746 2776 eum
774 2735 832 2776 non
860 2715 1017 2792 laederem,
1050 2715 1102 2775 sed

82 2802 365 2883 mnmLantgravrr
387 2803 493 2864 domini
514 2807 559 2864 sui
575 2801 603 2884 ¹²)
626 2804 813 2878 ostenderem,
835 2821 993 2880 sanumque
1013 2803 1101 2862 redu-

82 2901 163 2966 tttem,
182 2901 214 2952 ut
236 2893 373 2952 omnibus
394 2898 474 2950 tuam
494 2894 665 2951 immensam
681 2889 708 2972 ¹³)
724 2890 869 2967 praedicet
878 2893 1020 2950 virtutem.
1048 2889 1101 2950 Ille

83 2990 135 3034 roro
154 2984 248 3040 stetim
265 2975 475 3059 ¹¹¹)'operoulum
496 2981 620 3055 igneum,
643 2981 689 3038 cul
709 2977 820 3052 insedit,
841 2980 958 3052 emovit,
980 2984 1009 3037 et
1030 2978 1103 3036 tube

82 3075 154 3123 tuoe
172 3075 260 3142 puteo
282 3067 420 3139 immissa,
441 3071 500 3123 tam
522 3064 616 3124 valide
638 3065 810 3139 buccinavit,
831 3071 862 3123 ut
883 3065 1026 3123 videretur
1040 3063 1100 3122 cle-

84 3147 126 3207 n'co
144 3159 215 3213 totus
238 3155 344 3212 tinnire
360 3149 390 3231 ¹⁵)
411 3150 546 3211 mundus.
589 3152 660 3210 Post
680 3151 796 3226 horem,
828 3158 860 3209 ut
887 3153 917 3210 ei*
934 3151 1100 3224 videbatur,

98 3333 119 3399 l]
134 3338 235 3408 lnquit
253 3355 296 3391 om
314 3336 405 3390 Bc.-
427 3337 459 3404 2)
476 3335 496 3390 (i
513 3338 618 3404 patris
637 3339 695 3388 mei
713 3337 908 3404 enimn—3)
926 3336 946 3388 B
964 3344 1099 3397 curtem,

134 3405 152 3458 11
168 3405 417 3472 cortem-lJG
435 3407 665 3458 ποίησαι-
683 3405 744 3474 5)c
762 3406 816 3457 ssd
835 3405 1013 3473 ἀίω-ΘΟ
1030 3421 1098 3456 eum

134 3478 194 3542 titt,
212 3479 231 3530 Ρ
250 3477 344 3530 illum
362 3474 431 3526 tibi.
451 3505 481 3514 —
501 3476 533 3543 7)
550 3475 570 3528 (l
587 3475 653 3545 Ego
671 3492 739 3527 eum
757 3475 907 3526 libenter.
928 3505 958 3514 -
977 3476 1009 3542 8)
1028 3490 1099 3540 pro-

134 3556 201 3612 pter
219 3549 360 3600 fratrem
378 3544 455 3596 hebet
469 3544 489 3597 G
505 3555 564 3612 post
581 3547 699 3597 suia-
714 3545 746 3612 9)
765 3554 898 3611 aspectu
917 3543 1098 3595 terribilem

134 3631 169 3670 om
186 3619 214 3670 G.
235 3647 267 3656 —-
290 3615 340 3680 tc)
359 3613 568 3666 credentem.
589 3643 619 3654 -
641 3614 688 3680 11)
706 3613 725 3665 Ρ
743 3615 805 3682 qui.
826 3643 856 3654 -
877 3614 925 3680 12)
943 3613 963 3665 G
981 3612 1098 3663 domini

134 3690 179 3739 rui
196 3683 447 3753 lantgravii-
468 3683 516 3752 13)
533 3684 553 3735 (l
570 3685 753 3736 immensam
772 3692 906 3734 tuam-
920 3682 967 3748 14)
985 3683 1097 3732 statim

134 3756 206 3822 cmc,
223 3757 268 3824 qui
284 3751 367 3821 paulo
386 3761 456 3818 post:
474 3756 525 3806 oui
544 3754 665 3806 insedit
683 3755 858 3822 igneum—
880 3751 927 3818 15)
945 3750 963 3802 Ρ
982 3759 1098 3802 treme-

134 3841 173 3902 re,
190 3835 219 3880 ut
235 3824 307 3878 iulra
325 3821 382 3884 Xll,
399 3822 439 3874 58.
