2538 4314
162 323 224 384 124
482 316 711 380 DISTINCTIO
732 317 883 380 TERTIA

159 443 252 500 sancti
271 437 399 500 Patrocli
420 443 582 500 canonicus.
625 439 829 502 NOVICIUS:
852 441 884 501 si
905 439 1060 500 daemones
1073 437 1202 500 homini-

158 529 264 605 busin
285 529 420 586 assumtis
443 529 609 603 corporibus
630 531 866 603 commiscentur,
899 530 973 587 sicut
1001 526 1119 587 diversis
1140 529 1203 587 iam

159 614 296 691 exemplis
319 620 465 674 ostensum
486 621 544 690 est,
573 617 659 674 miror
679 617 704 674 si
724 614 762 680 de
782 616 893 675 feminis
914 616 1025 690 possint
1046 631 1203 692 generare,

158 703 219 761 sive
242 700 278 760 de
310 703 378 760 viris
410 705 559 777 concipere
589 708 618 761 et
649 718 759 778 parere.
801 695 1038 762 MONAGHUS:
1065 700 1113 760 De
1142 701 1203 761 hac

159 791 327 863 quaestione
356 788 495 848 solvenda
523 788 592 847 nihil
627 791 697 850 novi
723 791 800 864 scio,
833 789 884 849 sed
913 787 991 864 quod
1017 790 1047 847 in
1073 789 1205 864 antiquis

158 875 283 936 historiis
304 875 370 952 legi,
391 875 446 935 hoc
467 875 574 951 rephco
588 872 613 956 ¹).

513 1065 746 1126 CAPITULUM
769 1065 841 1126 XII.

215 1188 393 1264 Exceptum
416 1185 454 1246 de'
472 1189 582 1261 Hosio,
605 1195 633 1247 et
655 1189 690 1248 de
711 1188 847 1260 Mcrlino,
870 1194 898 1246 et
920 1188 1002 1264 qood
1021 1191 1054 1246 in
1073 1187 1141 1264 tillia

307 1338 309 1342 ,
335 1274 512 1371 incobocum
533 1279 570 1334 cit
591 1279 700 1334 uetitos
721 1276 872 1334 hnmanae
892 1282 1032 1335 naturae.

224 1413 298 1472 Cum
319 1429 389 1488 gens
405 1411 566 1472 Gothorum
576 1410 598 1493 ²)
622 1412 658 1472 de
669 1411 742 1472 Asia
763 1416 898 1489 migraret
917 1415 947 1471 in
960 1413 1116 1487 Europam,
1138 1413 1204 1472 sic-

157 1503 241 1560 utin
268 1502 328 1558 eius
360 1502 448 1575 gestis
481 1499 599 1576 legitur,
628 1499 805 1575 haberetque
837 1500 970 1559 mulieres
998 1500 1140 1559 deformes
1170 1501 1203 1559 in

158 1604 211 1646 suo
234 1589 385 1660 comitatu,
415 1589 498 1646 eiecit
517 1587 594 1661 illas,
622 1590 724 1646 timens
752 1603 789 1646 ne
816 1586 922 1646 liberos
948 1589 1033 1646 nimis
1056 1585 1204 1646 deformes

157 1677 314 1751 gignerent,
336 1676 434 1748 sicque
455 1673 633 1732 nobilitatem
656 1673 817 1733 Gothorum
839 1673 1029 1732 deformarent
1041 1669 1071 1753 3).
1115 1673 1213 1749 Quae,

158 1761 194 1822 de
217 1763 317 1820 castris
340 1767 490 1835 extrusae,
514 1778 578 1820 cum
602 1766 728 1820 errarent
747 1762 777 1822 in
798 1776 934 1835 nemore,
956 1763 1138 1820 accessenmt
1160 1761 1203 1820 ad

150 1841 220 1906 'illas
241 1849 339 1907 incubi
361 1847 524 1922 daemones,
545 1854 760 1923 genueruntque
783 1865 818 1907 ex
840 1849 880 1906 eis
902 1847 975 1907 filios
997 1855 1026 1906 et
1037 1846 1118 1906 filias.
1152 1846 1203 1907 Ex

158 1936 262 2010 quibus
294 1937 433 2010 processit
465 1935 618 1994 fortissima
645 1953 720 2012 gens
747 1934 907 1994 Hunorum.
961 1934 1078 2010 Legitur
1110 1936 1203 1994 etiam

156 2021 295 2080 Marlinus
316 2021 457 2097 propheta
478 2022 681 2081 Britannorum
703 2039 738 2080 ex
758 2022 864 2081 incubo
887 2022 1044 2097 daemone,
1077 2027 1106 2080 et
1128 2037 1203 2080 san-

158 2108 313 2182 ctimoniah
333 2109 438 2168 femina
459 2114 620 2185 generatus.
663 2108 740 2168 Nam
761 2115 790 2168 et
811 2109 915 2184 Reges,
937 2111 988 2183 qui
1008 2107 1203 2183 usqnehodie

156 2203 279 2272 regnant
299 2198 329 2253 hr
350 2196 452 2254 eadem
473 2196 636 2270 Britannia,
670 2213 744 2270 quae
771 2213 849 2255 nunc
877 2195 985 2271 Anglia
1018 2194 1135 2270 dicitnr,
1163 2195 1203 2256 de

156 2289 248 2342 matre
269 2282 451 2357 phantastica
472 2283 653 2341 descendisse
673 2283 840 2342 referuntur.
868 2280 1006 2342 Merlinus
1022 2298 1092 2341 vero
1110 2281 1203 2343 homo

157 2369 303 2428 rationalis
333 2375 361 2427 et
390 2368 566 2428 Christianus
592 2371 660 2444 luit3
694 2370 784 2429 multa
812 2370 909 2428 sutura
935 2369 1090 2444 praedixit,
1123 2386 1204 2444 quae

158 2455 286 2531 quotidie
317 2456 478 2531 implentur.
528 2455 732 2516 NOVICIUS:
765 2456 797 2516 Si
828 2456 957 2516 homines
985 2473 1021 2516 ex
1048 2457 1204 2532 utriusque

157 2545 283 2619 parentis
305 2538 441 2621 semine⁴)
465 2545 662 2618 concipiuntur
682 2549 795 2602 tantum
817 2549 846 2602 ct
866 2550 1029 2617 nascuntur,
1050 2544 1204 2618 quomodo

158 2629 272 2688 dicendi
293 2635 360 2688 sunt
381 2629 519 2704 homines,
541 2633 590 2705 qui
611 2633 714 2705 partim
737 2648 773 2689 ex
794 2629 918 2704 homine,
940 2632 1043 2706 partim
1066 2646 1101 2688 cx
1125 2628 1204 2692 dae-

155 2733 242 2778 mone
274 2719 366 2776 carnis
389 2733 459 2775 suae
481 2717 597 2775 trahunt
619 2715 781 2794 originem?
824 2716 971 2792 Numquid
991 2718 1113 2793 resurgit
1125 2713 1147 2796 ⁵)
1171 2721 1206 2778 in

155 2803 277 2876 iudicio,
308 2803 385 2878 quod
412 2819 470 2861 non
501 2809 544 2862 est
571 2804 606 2862 de
628 2806 749 2863 veritate
769 2803 913 2863 humanae
934 2801 1076 2862 natiuae?
1118 2802 1206 2866 ΜΟ-

156 2889 332 2950 NACHUS:
359 2888 464 2948 Dicam
492 2891 544 2949 tibi
573 2891 652 2966 quod
680 2890 776 2949 audivi
805 2909 823 2949 a
852 2889 979 2964 quodam
1000 2889 1110 2948 literato
1134 2894 1205 2954 viro

157 2975 271 3039 dehac
294 2979 468 3052 quaestione.
512 2976 564 3035 Ait
586 2980 675 3036 enirn:
706 2976 889 3036 crementum
917 2976 1088 3052 humanum,
1118 2981 1206 3052 qnod

157 3070 257 3125 contra
278 3070 411 3123 naturam
431 3064 573 3139 funditur,
606 3063 760 3124 daemones
789 3063 938 3140 colligunt,
972 3070 1001 3124 et
1027 3080 1121 3122 exeo
1144 3067 1207 3126 sibi

156 3168 285 3227 corpora,
307 3153 337 3210 in
359 3151 461 3226 quibus
484 3153 563 3227 tangi
583 3151 731 3226 viderique
744 3150 781 3209 ab
793 3151 955 3210 homiuibus
969 3152 1087 3226 possint,
1110 3168 1205 3212 assu—

156 3244 254 3314 munt3
276 3237 312 3297 de
334 3237 492 3297 masculino
514 3255 583 3298 vero
605 3239 771 3312 masculina,
794 3244 823 3297 et
845 3237 881 3296 de
902 3238 1035 3296 feminino
1052 3236 1206 3300 feminina.

156 3325 262 3402 ¹sicque
285 3325 383 3384 dicunt
403 3327 531 3401 magistri
551 3328 581 3383 in
602 3325 655 3400 his,
677 3327 726 3401 qui
748 3325 783 3383 de
806 3326 847 3383 616
860 3331 1024 3398 nascuntur,
1045 3326 1205 3386 veritatem

157 3429 221 3472 6666
242 3411 386 3470 humanae
407 3419 545 3486 naturae,
569 3429 676 3487 eosque
696 3415 727 3470 in
747 3411 867 3486 iudicio,
889 3417 922 3469 ut
942 3403 1044 3490 vere⁶)
1065 3411 1206 3474 homines
1245 3409 1249 3415 ’

155 3516 314 3578 resurgere.
346 3496 428 3558 Haec
450 3498 486 3558 de
508 3498 553 3557 his
574 3493 753 3578 sufficiant⁷l
792 3497 1111 3558 Nuncrevertamurad
1125 3515 1205 3560 con·

176 3686 207 3754 1)
225 3685 246 3736 R
264 3684 558 3758 replicabo.-72)B
575 3685 758 3749 Gottorum,
782 3683 1203 3752 utapudcum.Lus.lll,100:

226 3755 356 3808 Gottica
383 3762 491 3822 gente.
511 3785 544 3793 -
569 3755 601 3823 3]
619 3755 638 3807 P
655 3757 808 3824 gigneret
828 3785 858 3797 -
884 3754 1093 3806 deformaret.
1114 3784 1146 3794 -
1168 3757 1203 3824 4)

225 3825 388 3876 Oseminc
415 3826 572 3890 parentis.
593 3854 623 3864 -
652 3826 684 3893 5)
702 3825 747 3877 Ab
764 3833 933 3892 resurget,
960 3825 1203 3892 Bresurgent,

225 3903 253 3944 ut
272 3892 336 3946 Psal.
357 3893 381 3957 l,
399 3895 423 3945 5.
444 3923 474 3932 -
494 3894 526 3962 6)
544 3893 564 3948 G
582 3910 687 3949 veros.
707 3924 738 3936 -
757 3896 789 3964 ’1)
807 3894 849 3949 ΒΟ
866 3894 956 3948 dicta
979 3894 1164 3960 sufiiciunt.
