2594 4302
7 2087 9 2124 l

7 2175 9 2212 i

395 262 450 321 Dte
473 259 657 322 CORPORE
680 261 848 322 CHRISTI.
1092 263 1152 322 199

112 382 160 445 vel
181 384 277 460 potius
297 382 443 444 ferebatur
462 386 492 442 in
513 382 601 442 iubilo
624 382 733 458 cordis,
753 385 783 442 in
804 382 906 444 ardore
927 385 1041 459 spiritus
1062 383 1154 446 vehe-

112 472 223 546 mentis,
246 476 275 530 et
295 472 324 528 in
346 477 456 530 tantam
477 472 592 546 spiritus
614 471 780 530 ebrietatem
795 470 957 546 devenerat,
979 478 1011 529 ut
1033 473 1155 546 quasia

111 574 198 618 sensu
212 556 351 617 alienatus
365 574 455 633 prope
469 555 587 616 modum
603 573 634 616 se
644 574 702 616 non
719 559 843 631 sentiret,
865 563 894 617 et
914 559 963 617 vix
984 556 1022 616 ad
1037 557 1154 617 stallum

111 662 197 704 suum
225 646 286 704 sine
316 646 487 705 titubatione
513 643 624 703 rediret.
667 643 761 720 Super
781 643 837 704 boc
859 645 896 704 ab
918 643 966 703 illo
988 643 1044 703 alio
1066 659 1154 720 saepe

110 731 290 806 multumque
306 739 487 806 conventus,
508 731 678 790 omnimodis
700 731 879 806 occultabat,
906 730 998 791 donee
1019 730 1067 790 tlle
1087 738 1154 790 tan-

111 819 177 880 dem
206 821 232 878 ei
261 819 310 893 qui
340 817 376 878 de
398 824 475 878 statu
498 820 558 877 eius
580 819 754 893 coniecerat,
784 820 895 894 aperire
916 817 1081 893 compulsus
1102 824 1154 878 est.

110 905 149 964 Iit
180 907 222 966 sie
244 904 360 964 demum
381 911 482 964 mutua
503 905 558 964 sibi
580 904 731 965 collatione
753 904 831 981 quod
844 902 860 985 ¹)
883 905 1014 964 viderant
1036 911 1065 963 et
1085 921 1153 965 seu-

109 998 207 1052 serant
234 994 427 1051 innotuerunt
469 990 672 1052 NOVIOIUS:
704 991 736 1052 Si
757 1009 789 1051 se
810 1010 829 1051 a
849 1009 934 1052 sacra
954 993 1153 1054 communione

108 1079 326 1152 subtrahentes,
355 1079 481 1140 abacta
503 1078 560 1137 Dei
582 1077 727 1164 Genitriee
748 1081 788 1138 sic
811 1081 1014 1154 corripiuntur;
1046 1081 1071 1137 si
1091 1080 1153 1154 ipse

109 1165 167 1226 Dei
186 1165 262 1225 filius
283 1165 337 1225 sub
354 1165 455 1226 eodem
469 1172 648 1224 sacramento
670 1158 730 1225 tam
744 1167 885 1226 veraciter
907 1171 936 1224 et
957 1172 1017 1224 tam
1030 1164 1153 1242 gloriose

108 1255 280 1328 percipitur,
313 1257 342 1312 et
369 1269 405 1312 ex
433 1254 497 1327 ipsa
517 1254 700 1329 perceptione
722 1256 826 1312 caritas
847 1251 1016 1326 intenditur,
1048 1251 1152 1312 amodo

107 1340 243 1400 libentius
273 1339 501 1399 communicabo.
543 1337 779 1400 MONAOHUS:
807 1339 842 1398 In
870 1357 954 1399 sacra
982 1339 1153 1400 eucharistia

102 1444 198 1503 ouem
210 1424 359 1500 multiplex
376 1428 414 1486 eit
433 1428 533 1502 grau‘a,
555 1443 644 1501 quam
665 1425 813 1504 multiplex
834 1427 924 1486 virtus
953 1432 983 1486 et
1002 1426 1154 1500 medicine,

108 1514 239 1574 subiecta
270 1511 457 1574 declarabunt
478 1513 618 1590 exempla

446 1717 680 1784 CAPITULUM
706 1723 820 1784 XLIII.
940 1722 944 1730 '
1058 1713 1061 1720 ¹

168 1865 218 1924 De
239 1863 385 1922 Maecilio
407 1863 552 1939 premo
573 1864 737 1924 Peraeam·
758 1867 810 1940 qul
830 1867 863 1922 ia
882 1863 941 1940 titre
961 1880 1017 1924 suo
1033 1827 1090 1940 per

308 1953 544 2009 commuttionem
564 1968 683 2010 sacram
703 1968 821 2009 semum
838 1954 953 2026 reecpit.

103 2165 109 2171 .,
175 2087 314 2166 Magr’ster
348 2087 500 2148 Mauritius
522 2088 699 2152 ,Parieieusis
732 2087 893 2166 EpIscopus
929 2100 996 2150 ante
1031 2095 1152 2148 mortem

108 2192 193 2236 suam
214 2183 274 2235 tam
294 2178 422 2254 graviter
442 2175 601 2236 infirmatus
624 2183 683 2251 est,
715 2182 748 2236 ut
775 2179 895 2235 materia
916 2183 999 2253 rapta
1019 2178 1048 2234 in
1071 2193 1153 2238 cere-

108 2263 209 2338 brum,
236 2280 353 2322 sensum
382 2265 407 2324 ei
436 2263 615 2322 subtraxerit
657 2263 693 2322 In
721 2263 772 2323 tali
794 2263 907 2323 delectu
929 2266 1055 2339 positus,
1086 2280 1153 2323 eum

108 2366 214 2426 eorpus
232 2349 350 2409 Domini
372 2367 438 2410 cum
459 2351 594 2410 instantia
611 2349 794 2426 postulasset,
816 2358 845 2409 et
866 2350 896 2408 hi
917 2353 967 2426 qui
983 2351 1064 2422 'eirea
1086 2367 1153 2410 eum

108 2443 192 2498 erant
222 2444 341 2513 propter
372 2455 474 2497 sensus
506 2440 632 2514 inopiam
660 2437 731 2496 illud
760 2439 786 2496 ei
815 2437 883 2496 dare
911 2454 970 2496 non
999 2436 1153 2511 auderent,

107 2531 336 2602 procuravemnt
373 2542 439 2584 cum
473 2524 623 2586 sacerdote
658 2532 692 2584 ut
726 2523 850 2584 boetiam
882 2542 939 2585 non
971 2523 1153 2584 benedictam

7 2675 12 2680 ,
108 2615 283 2687 apportaret
327 2609 471 2686 Quicum
491 2615 618 2672 venisset
639 2629 705 2671 cum
727 2612 818 2671 multa
838 2614 1011 2686 reverentia,
1033 2610 1154 2687 qualiter

109 2697 234 2758 decebat
259 2695 436 2774 Episcopum
465 2701 691 2774 communicare,
720 2716 788 2758 mox
817 2705 849 2757 nt
870 2699 956 2760 limen
979 2698 1081 2758 domus
1102 2715 1153 2757 sa·

110 2783 212 2844 cerdos
245 2785 352 2859 attigit,
385 2784 546 2861 Episcopus
576 2785 655 2845 clara
683 2803 755 2845 voce
779 2785 926 2845 clamavit:
959 2785 1041 2844 Tolle
1068 2784 1153 2858 tolle,

109 2887 169 2930 nou
191 2875 235 2930 est
249 2869 391 2930 Dominus
412 2870 493 2930 Deus
501 2869 531 2952 ²).
564 2873 758 2932 Reveluverat
772 2872 854 2932 Deus
873 2873 1031 2932 andeolum
1053 2868 1153 2951 elusi),

110 2962 144 3016 ut
171 2955 341 3030 intelligeret
370 2957 438 3032 quid
467 2960 543 3018 cirea
570 2975 602 3017 ee
632 2967 773 3036 ageretur.
821 2960 960 3035 Stupente
988 2958 1153 3034 sacerdote,

111 3059 166 3102 nec
187 3058 245 3102 non
269 3048 298 3101 et
318 3041 381 3104 eliis
395 3045 451 3118 qui
472 3044 599 3119 aderant,
620 3062 750 3104 reversus
773 3052 825 3120 eet,
845 3063 946 3106 vemnr
962 3045 1066 3104 Christi
1087 3061 1152 3105 cer-

110 3147 167 3208 pus
188 3128 329 3188 deierens.
373 3128 457 3205 Quod
479 3147 546 3192 eum
567 3132 663 3190 verbis
686 3131 833 3192 catholicis
854 3132 939 3191 valde
961 3139 1048 3209 atque
1070 3149 1152 3192 com-

109 3217 254 3293 punctivis
282 3216 422 3291 ederans,
451 3217 555 3278 devote
584 3221 725 3293 suscepit,
758 3236 825 3278 eum
847 3237 904 3296 quo
927 3226 956 3279 et
976 3237 1093 3279 sensum
1114 3220 1153 3280 ad

110 3304 168 3364 Dei
199 3301 319 3380 gloriam
351 3303 529 3364 subtractum
560 3305 685 3380 perfecte
716 3308 831 3381 recepit.
881 3305 986 3382 Sicque
1014 3309 1043 3366 in
1075 3307 1154 3367 bona

110 3390 290 3453 confessione
311 3389 413 3466 plenus
435 3390 492 3450 fide
515 3398 544 3450 et
565 3394 683 3451 cantate
703 3395 836 3469 migrarit
856 3395 894 3454 ad
915 3394 1082 3454 Dominum.

440 3567 820 3648 amamur-ano

106 3809 113 3824 ”
130 3841 161 3913 t)
179 3841 199 3896 e
217 3839 301 3912 quta
321 3870 354 3880 -
372 3839 405 3910 2)
423 3839 466 3897 ec
480 3856 578 3895 meus.
597 3870 629 3882 -
648 3839 680 3911 a)
698 3839 761 3912 neg.
779 3840 799 3906 1,
818 3839 843 3908 o,
863 3840 904 3894 re.
