2664 4308
372 247 378 256 '
450 273 505 336 nn
526 273 816 338 snffnrermun.
1085 270 1145 341 aar

20 461 21 478 ,
115 413 182 460 cum
208 413 299 458 uxore
324 397 466 458 monacho
492 397 605 459 cuidam
626 397 778 458 vilariensi
798 403 864 474 post
883 404 1004 459 mortem
1015 395 1032 480 ¹)
1054 419 1148 477 appa-

114 501 195 561 rens,
224 501 290 546 cum
314 482 449 544 de‘statu
470 501 522 544 suo
543 487 765 561 mtenogaretur
773 481 803 565 ²),
824 485 984 560 respondit:
1012 487 1148 548 Nondum

114 571 229 649 plenam
249 570 390 632 habemus
411 569 538 648 gloriam.
580 569 770 652 Novissime³)
799 574 952 648 requisitus
974 573 1011 633 dc
1031 577 1149 652 ungine,

20 731 21 736 γ
114 657 281 718 subiunxitr'
303 657 447 734 Quicquid
473 659 557 718 nobis
577 660 740 734 impensum
769 665 812 717 est
833 661 957 735 gratiae,
986 678 1022 719 ex
1042 665 1149 722 meritis

20 737 21 790 1
114 745 255 806 habemus
277 744 474 822 Margarctae‚
501 762 556 804 nec
577 745 716 804 audemus
737 747 877 820 respicere
898 745 936 804 ad
957 746 1091 823 gloriam,
1120 752 1149 808 in

116 849 175 908 qua
194 831 245 890 illa
266 837 318 890 est.
367 831 465 890 Cernis
492 849 568 891 nunc
596 837 735 906 quantum
763 838 897 907 operetur
918 832 955 891 ad
981 837 1149 911 martyrium

115 919 282 995 simplicitas
311 924 340 977 et
366 920 529 978 innocentia
556 917 654 977 vitae?
685 916 792 977 Omnes
814 918 929 993 quidem
961 923 1047 979 occisi
1069 930 1149 998 sunt,

115 1005 168 1066 sed
196 1022 255 1063 non
282 1022 381 1065 omues
409 1004 552 1064 miraculis
577 1003 743 1064 clarescunt
786 1003 870 1064 Unde
892 1012 972 1081 patet
994 1007 1150 1082 quoduon

115 1109 212 1170 poena
239 1091 326 1150 saciat
352 1098 521 1168 martyrem,
549 1091 601 1150 scd
630 1109 724 1150 causa.
767 1089 970 1152 NOVIGIUS:
1000 1093 1150 1169 Quaenam

116 1181 226 1239 exstitit
246 1195 334 1237 causa
354 1181 482 1254 martyrii
503 1181 533 1236 in
554 1177 650 1254 puella
671 1177 747 1236 ista?
775 1177 1010 1238 MONAOHUS:
1032 1179 1072 1240 Ut
1091 1184 1151 1242 iam

115 1266 192 1325 latus
205 1283 277 1340 sum,
298 1265 465 1340 simplicitas
486 1271 516 1324 et
535 1267 595 1324 vita
615 1267 748 1324 innocua.
790 1265 930 1325 Diversae
952 1272 1019 1325 suut
1041 1271 1151 1343 species

115 1354 254 1428 martyrii,
275 1343 437 1411 innocentia
456 1352 597 1427 videlicet,
618 1354 700 1409 utin
724 1350 815 1428 Abe13
837 1354 951 1428 iustitia,
973 1357 1054 1412 utin
1076 1356 1151 1414 Pro-

115 1439 212 1516 phetis
242 1443 270 1496 et
290 1438 425 1498 Johanne
446 1439 594 1514 Baptista3
627 1456 708 1497 amor
729 1437 816 1514 legis,
844 1445 876 1497 ut
897 1441 926 1498 in
947 1439 1150 1518 Machabaeis3

117 1525 260 1588 consessio
279 1525 353 1600 fidei,
374 1531 406 1582 ut
426 1527 455 1584 in
476 1524 634 1601 Apostolis.
678 1523 723 1584 Ob
747 1525 908 1584 huiusmodi
931 1544 1032 1587 causas
1055 1529 1151 1590 diver·

116 1631 168 1673 sas
187 1629 287 1688 agnus,
308 1611 337 1670 id
359 1619 410 1687 est,
433 1611 570 1686 Christus,
592 1613 703 1671 occisus
720 1609 820 1670 dicitm
841 1609 878 1671 ab
894 1615 1000 1690 origine
1014 1616 1112 1674 muudi
1120 1613 1151 1696 ⁴).

116 1698 322 1760 NOVICIUS:
356 1698 480 1774 Quidam
513 1701 599 1758 etiarn
627 1715 663 1757 ex
693 1695 785 1756 nimia
807 1699 986 1775 simplicitate
1015 1720 1047 1761 se
1075 1706 1152 1779 ipsos

106 1785 262 1847 occidunt.
304 1784 539 1845 MONAGHUS:
560 1785 679 1844 Talesa
700 1787 827 1860 martyrii
847 1784 939 1861 gloria
958 1805 1075 1862 prorsus
1096 1792 1152 1848 im·

102 1890 221 1934 vmunes
249 1874 403 1948 exsistunt,
434 1874 488 1934 uisi
515 1890 567 1948 per
599 1889 717 1931 causam
745 1870 939 1946 impellentem
975 1883 1153 1935 excusentur.

116 1961 196 2022 Ecce
219 1959 388 2036 exemplum.

445 2111 677 2174 sternuntur
698 2077 832 2172 xrrxv.

223 2236 271 2295 De
291 2238 414 2312 sinplict
434 2235 597 2311 concubino
618 2234 784 2307 sacerdotia
808 2253 885 2310 quac
905 2253 935 2295 ae
956 2239 1052 2312 ipsane

468 2325 500 2381 ln
519 2322 644 2398 fornace
666 2325 811 2381 exstinxit.

185 2425 326 2486 Sacerdos
347 2424 472 2501 quidam,
493 2428 567 2484 sieut
587 2425 656 2484 milri
668 2425 762 2484 retulit
775 2425 891 2500 quidam
912 2423 984 2506 vir⁵)
1000 2427 1156 2505 religiosus,

117 2532 188 2575 cum
217 2512 262 2572 die
291 2512 416 2588 quadam
444 2512 539 2571 multis
570 2513 768 2588 praesentibus
796 2531 957 2577 sermonem
978 2515 1097 2575 haberet
1119 2516 1155 2576 de

116 2601 246 2678 peccatis
277 2605 305 2658 et
333 2601 433 2676 poenis
444 2593 466 2679 ⁶)
494 2599 658 2676 gehennae,
687 2599 787 2659 mulier
816 2600 958 2676 quaedam
984 2603 1073 2662 verba
1095 2606 1156 2663 eius

116 2691 342 2762 interrumpens,
365 2703 398 2745 eo
422 2685 500 2760 quod
520 2688 617 2746 territa
640 2693 715 2746 esset
736 2692 765 2746 et
787 2695 973 2764 compuncta,
1006 2691 1046 2748 sie
1059 2687 1079 2770 ⁷)
1102 2693 1155 2750 ait:

118 2773 144 2836 Ο
172 2773 300 2847 domine,
330 2772 398 2848 quid
427 2773 477 2831 fiet
505 2772 540 2831 de
570 2773 736 2832 concubinis
757 2774 961 2842 sacerdotum?
989 2775 1042 2834 Ille
1062 2781 1155 2837 sciens

115 2862 256 2921 feminam
276 2859 361 2918 valde
384 2858 517 2934 simplicis
539 2877 601 2920 esse
615 2865 744 2935 naturae,
764 2863 794 2919 iu
806 2863 869 2920 ioco
890 2863 1050 2938 respondit:
1072 2865 1155 2923 Nun-

117 2965 211 3024 quam
236 2952 370 3048 poterunt
391 2946 510 3020 salvari,
541 2948 596 3005 nisi
624 2947 767 3006 clibanum
787 2948 936 3007 ardentem
956 2950 1156 3026 ingrediantur.

87 3079 89 3086 .
117 3035 192 3094 Erat
214 3035 272 3092 et'
264 3050 327 3109 rpsa
341 3032 496 3093 sacerdotis
519 3032 666 3092 cuiusdam
677 3029 698 3113 ⁸)
722 3036 889 3094 concubina.
932 3035 1014 3111 Quae
1036 3039 1157 3098 verbum

118 3120 279 3182 sacerdotis
307 3122 423 3179 nonin
393 3121 530 3195 micae,
558 3119 638 3178 sed
630 3139 660 3178 ru
680 3121 770 3180 multo
792 3123 949 3198 suscipiens
970 3125 1059 3199 serio,
1088 3125 1156 3184 dum

119 3208 166 3268 die
190 3205 316 3282 quadam
338 3203 471 3266 clibanus
481 3207 637 3283 coquendis
659 3209 783 3282 pambus
795 3208 1022 3286 succenderetur,
1044 3213 1100 3270 et
1092 3229 1156 3287 rpsa

119 3295 237 3356 adesset
260 3311 329 3352 casu
341 3289 377 3374 ⁹),
399 3295 530 3354 omuibus
552 3295 690 3370 egressis,
711 3297 815 3354 ostium
838 3295 946 3371 clausit,
970 3303 998 3356 et
1019 3303 1051 3356 ut
1071 3299 1156 3356 llam-

119 3400 185 3444 mas
208 3379 344 3442 evaderet
365 3385 505 3456 aeternas,
525 3398 557 3440 se
578 3383 671 3457 ipsam
691 3382 721 3440 in
743 3384 884 3442 caminum
902 3381 1049 3444 ardentem
1070 3403 1156 3461 prae-

140 3568 172 3637 1)
190 3574 410 3634 postmortem
428 3563 477 3616 add
495 3564 819 3633 rao-Mursense
838 3584 904 3619 eum
922 3569 1153 3640 interrogaret.

193 3666 243 3757 v‘l
251 3636 287 3758 ³3
305 3637 566 3788 titillat.
574 3634 624 3771 11
632 3704 652 3756 n
650 3637 922 3788 stillim
937 3639 1065 3776 altit
1081 3643 1157 3778 lte

191 3776 250 3828 uis
271 3776 353 3844 -Ὀ
370 3791 414 3826 arc
431 3790 472 3826 om
490 3774 581 3827 BG.
594 3774 626 3840 8)
644 3775 806 3830 cuiusdam
824 3777 873 3829 add
891 3777 983 3830 BC
994 3779 1158 3847 o)}30asu

193 3844 335 3896 adesset.
354 3844 396 3909 lv,
415 3844 441 3895 1.
462 3845 595 3912 „transiret
613 3847 697 3899 casn“
773 3865 778 3872 ‘
