2622 4322
467 317 522 378 DE
543 317 807 380 ΤΕΝΤΑΤΙΟΝΕ.
1090 321 1152 380 235

113 437 328 500 confluentiam
352 443 536 516 comparavit,
557 441 661 516 quibus
682 443 751 502 satis
779 440 952 500 sufficienter
972 456 1064 516 usque
1086 440 1124 500 ad
1137 437 1153 520 ¹)

112 543 233 587 messem
250 543 400 604 pauperes
414 529 593 587 sustentavit.

447 767 681 830 cAP1uULUM
700 769 826 830 LXVII.

132 923 209 985 Item
232 924 269 984 dc
291 925 424 984 clausae
451 925 631 1003 Wcsifolioc,
653 930 702 986 eui
722 927 806 986 Deru
828 943 968 1002 mpnteoe
984 930 1131 1002 pauperi-

395 1011 448 1072 bus
470 1013 611 1073 exhibitos
632 1014 724 1090 duplo
744 1017 880 1074 emutuit

176 1183 289 1244 Retulit
309 1184 380 1262 milri
396 1185 482 1245 frater
496 1185 693 1247 Godesoalcus
708 1185 745 1260 ele
761 1182 1028 1265 Volmrmtsteine2),
1050 1201 1152 1244 mona·

111 1269 185 1330 chus
195 1278 304 1346 noster,
314 1279 383 1347 post
397 1273 498 1332 eadem
512 1291 579 1332 cara
591 1279 721 1349 tempora
732 1273 908 1334 cellerarium
919 1265 1063 1348 quendam
1074 1270 1152 1332 ordi-
1273 1294 1275 1304 ’

109 1359 157 1416 nis
169 1361 261 1417 nostri
275 1358 312 1417 dc
326 1359 478 1420 westfalia
490 1362 645 1420 occurrisse
660 1362 723 1420 sibi.
752 1360 845 1437 Quem
860 1377 927 1420 oum
940 1361 1153 1436 interrogasset,

111 1461 171 1520 quo
192 1445 352 1521 festinaret,
372 1447 519 1524 respondit
535 1447 597 1507 ille:
618 1446 667 1507 Ad
680 1448 887 1507 concambium.
930 1445 1007 1508 Ante
1028 1462 1152 1508 messem

111 1531 151 1592 oh
172 1535 378 1592 necessitatem
390 1551 550 1610 pauperum
570 1551 676 1609 pecora
695 1541 795 1594 nostra
812 1534 976 1609 occidimus,
999 1533 1102 1594 calices
1123 1539 1152 1592 et

110 1617 202 1678 libros
215 1626 332 1679 nostros
353 1622 616 1702 impignoravimus.
644 1620 733 1681 Modo
748 1621 890 1680 Dominus
904 1623 980 1680 misit
990 1621 1074 1680 nobis
1095 1619 1152 1678 ho·

111 1707 236 1782 minem,
269 1709 319 1782 qui
341 1713 452 1766 tautum
480 1708 564 1767 nobis
592 1711 655 1767 auri
676 1708 768 1784 dedit,
800 1713 833 1767 ut
862 1710 922 1767 eius
951 1709 1096 1782 quantitas
1122 1708 1151 1766 in

112 1791 201 1869 duplo
224 1795 350 1870 erogatis
370 1795 552 1870 respondeat
593 1792 677 1855 Unde
690 1790 860 1854 rado-illud
882 1792 1007 1854 cambire
1028 1810 1079 1868 pro
1102 1811 1151 1852 ar·

110 1887 214 1956 gente,
243 1887 278 1939 ut
298 1899 335 1940 cx
358 1896 392 1939 eo
413 1884 521 1957 possim
542 1883 663 1958 pignora
682 1875 809 1961 nostra³l
831 1881 978 1956 redimere,
1000 1887 1029 1941 et
1049 1897 1151 1957 greges

110 1983 254 2043 reparare.
298 1967 367 2026 Tria
415 1969 488 2028 haec
521 1969 652 2044 exempla
680 1968 757 2028 dicta
784 1971 841 2028 sint
868 1975 967 2028 contre
993 1967 1072 2041 illos,
1102 1968 1152 2043 qui

110 2055 191 2114 viros
212 2053 387 2114 «claustrales
417 2055 546 2116 iudicant
573 2055 609 2114 de
640 2058 769 2116 avaritia
828 2047 1031 2115 novicius:
1066 2052 1158 2116 Nunc,

109 2143 236 2217 primum
256 2140 385 2218 intelligo
407 2143 476 2218 quid
496 2145 541 2217 sit,
561 2143 658 2215 Date,
687 2150 715 2202 ct
736 2141 857 2202 dautur
877 2140 967 2202 vobis.
1015 2138 1150 2200 MONA·

112 2227 232 2289 OHUS:
254 2229 321 2288 Non
332 2228 474 2307 intelliges
488 2229 614 2304 perfecte
635 2231 689 2302 nisi
708 2230 738 2287 in
758 2229 855 2288 futura
874 2231 944 2302 vita,
966 2227 1081 2304 quando
1095 2245 1147 2303 pro

110 2321 225 2376 terrena
238 2316 409 2390 substantia,
430 2333 517 2393 quam
538 2334 590 2392 pro
606 2316 718 2375 Christo
732 2316 870 2390 dimisisti,
891 2317 953 2374 sive
974 2315 1149 2391 pauperibus

108 2403 140 2460 in
160 2402 237 2462 illius
258 2405 375 2462 nomine
397 2402 512 2478 dedisti,
540 2405 659 2479 recipies
679 2420 821 2481 regnum,
841 2401 920 2478 quod
943 2408 1077 2478 paratum
1104 2408 1149 2462 est

109 2488 209 2550 electis
231 2487 494 2571 aconstitutionel)
516 2489 624 2549 muudi.
666 2490 701 2548 In
720 2490 770 2549 illa
792 2490 836 2549 die
858 2489 933 2548 filius
955 2489 1077 2549 hominis
1096 2490 1148 2548 tibi

110 2592 178 2635 cum
199 2579 302 2637 ceteris
324 2576 422 2636 electis
442 2584 524 2636 tuum
547 2577 724 2637 enumerabit
744 2576 856 2651 datum,
886 2583 915 2636 ct
935 2582 968 2636 tu
990 2579 1050 2636 eius
1071 2576 1147 2636 reci-

108 2665 170 2738 pies
183 2660 203 2744 ε)
232 2666 415 2740 promissum.
464 2663 541 2740 Quid
569 2667 645 2724 enim
673 2663 770 2724 dicet?
812 2665 947 2735 Esuriot',
976 2671 1004 2723 ct
1030 2664 1147 2722 dedetis

109 2751 181 2809 milti
201 2751 396 2824 manducone,
419 2756 448 2810 et
468 2758 563 2810 cetera
577 2768 652 2826 quae
668 2752 709 2810 ibi
730 2747 925 2830 sequuntrrr⁶).
968 2750 1029 2828 Viri
1049 2756 1147 2810 tamen
1160 2763 1167 2784 ’-

107 2838 226 2912 perlecti
248 2855 314 2898 eum
328 2837 454 2898 Domino
472 2838 650 2898 iudicabunt
691 2837 893 2898 NOVICIUS:
915 2837 947 2896 Si
967 2843 1049 2896 tanta
1069 2837 1147 2907 bons

106 2931 269 2999 sequuntur
291 2924 518 3001 eleemosynam,
547 2943 602 2984 vae
623 2925 694 3000 illis,
718 2927 767 3000 qui
788 2927 818 2982 in
839 2924 895 2984 hoe
916 2925 997 2983 brevi
1017 2929 1146 3001 tempore

105 3017 254 3070 sectantur
275 3013 434 3071 avaritiam.
477 3010 712 3072 MONACHUS:
741 3011 809 3070 Duo
833 3011 883 3070 illa
903 3012 993 3070 verba
1013 3011 1145 3084 Domini,

106 3098 216 3158 scilicet
236 3100 327 3172 Date,
351 3106 379 3158 ei
397 3097 518 3158 dubitent
537 3098 627 3172 vobis,
648 3105 787 3158 revocant
806 3100 960 3157 memoriae
981 3115 1064 3158 meae
1085 3115 1145 3157 rem

105 3191 232 3261 gestam,
260 3185 306 3245 his
338 3187 388 3262 qui
414 3185 638 3262 hospitelitatem
672 3191 806 3246 exercent
835 3202 888 3262 pro
912 3185 1047 3261 exemplo
1075 3187 1144 3244 satis
1174 3216 1176 3232 ι

104 3289 308 3332 necessarram.

122 3669 156 3738 1)
173 3667 212 3718 ad
229 3683 270 3718 om
289 3667 344 3722 Ap.
361 3695 395 3704 -
413 3666 444 3733 2)
463 3666 529 3719 conl.
546 3667 632 3719 Geleu.
651 3666 683 3718 de
700 3667 785 3733 Magn.
803 3665 890 3722 Coloe.
909 3684 934 3735 p.
954 3666 1011 3718 162.
1030 3696 1061 3707 ·-
1081 3665 1143 3734 3Jr’

175 3738 313 3806 pignora
338 3745 454 3788 'nostra
477 3740 609 3804 possim.
629 3767 661 3778 -
684 3739 716 3805 4)
742 3735 806 3787 ADP
831 3746 905 3788 ante
931 3737 1143 3788 constitutio·-

173 3805 906 3945 iililllle,Ellis¹2⁴‘r)⁵ilnli‘.¹⁰2if³i¹¹3.mh:
924 3807 971 3870 ²⁵'
997 3807 1039 3858 ³⁴·
1059 3834 1090 3846 ““
1110 3805 1142 3871 ⁵³
