2580 4316
150 181 190 238 to
477 177 705 240 DISTINCTIO
723 175 853 238 PRIMA

150 309 227 362 esset
246 300 293 360 vel
315 300 459 377 quomodo
481 301 609 386 haberet
630 296 881 382 respondithae
902 298 980 375 mihi,
1002 299 1071 376 quia
1091 306 1189 360 aeter·

150 389 251 448 naliter
273 387 424 448 damnatus
446 407 510 448 sum
531 396 646 466 proptor
668 396 759 448 artem
780 407 868 465 quam
889 388 975 447 didici
1001 387 1190 462 diabolicam,

151 479 219 551 quia
238 492 339 536 revera
365 493 441 535 mors
471 479 582 536 animae
612 483 668 552 est,
698 479 772 535 siout
800 475 898 535 titulus
931 478 991 534 eius
1011 472 1027 555 ¹)
1054 475 1190 536 ostendit.

151 563 276 622 Consulo
299 570 396 621 autem
417 565 469 622 tihi
490 567 564 623 sicut
576 561 597 644 ²)
609 567 693 650 socio,
709 573 774 622 meo
796 566 889 636 unice,
910 569 943 620 ut
965 564 1001 622 ab
1024 563 1080 622 hac
1102 579 1190 622 exse-

152 650 250 709 crabili
278 652 396 709 scientia
429 650 563 725 recedas,
596 659 625 711 et
651 654 740 710 vitam
767 650 929 728 religiosam
958 649 1094 709 sectando
1122 650 1190 708 Deo

151 739 349 812 propeccatis
382 739 438 796 tuis
466 738 631 798 satisfacias.
676 738 769 814 Quem
802 755 867 796 cum
894 741 978 795 vivus
1006 743 1135 813 rogasset
1151 733 1191 816 ⁸),

151 830 183 882 ut
205 826 340 882 tutiorem
359 825 414 884 sibi
435 827 512 884 viam
539 826 656 886 n‘vendi
684 823 860 899 ostenderet,
891 827 995 883 iterum
1023 824 1191 900 respondit:

152 911 216 970 Non
239 918 282 970 est
302 914 353 970 via
372 914 497 971 securior
508 910 544 992 ⁴),
568 931 655 987 quam
677 912 746 971 ordo
770 911 980 986 CisterciensiS‚
1002 929 1095 986 neque
1116 914 1196 970 inter

152 1015 236 1058 omne
258 1015 349 1074 genus
370 999 516 1062 hominum
538 1003 686 1074 pauciores
709 999 885 1059 descendunt
906 999 944 1057 ad
965 1000 1077 1072 interos,
1101 1015 1196 1074 quam·

151 1102 290 1162 personae
312 1085 455 1162 religionis
476 1086 550 1145 illius
561 1084 590 1166 ⁵).
633 1086 742 1146 Retulit
764 1088 790 1144 ei
812 1093 840 1145 et
862 1085 919 1144 alia
932 1079 1091 1165 plur-ima‘),
1113 1103 1199 1161 quae

153 1190 241 1234 causa
262 1173 410 1232 brevitatis
433 1176 540 1248 omitto,
563 1191 597 1232 eo
620 1172 697 1248 quod
717 1174 746 1231 in
767 1173 839 1233 libro
857 1174 1009 1233 Visionum
1023 1172 1200 1232 Classicum--

152 1261 186 1318 lis
208 1262 314 1335 scripta
335 1266 401 1318 sunt
414 1253 442 1339 7).
474 1260 595 1320 Juvcnis
617 1278 685 1319 vero
708 1273 776 1319 mox
796 1253 965 1319 renuncians
975 1262 1201 1336 nigromantiae?

153 1348 244 1406 sactus
267 1354 311 1408 est
330 1349 459 1406 novicius
483 1364 518 1406 ac
539 1345 641 1406 deinde
662 1347 820 1406 monachus
840 1350 871 1405 in
893 1347 990 1406 ordine
1003 1347 1201 1406 Cisterciensi..

153 1433 356 1494 NOVICIUS:
385 1435 491 1493 Fateor
520 1437 549 1492 in
577 1435 633 1494 hoc
654 1436 729 1494 facto
751 1435 888 1494 laetitiam
911 1434 1003 1493 cordis
1025 1430 1113 1512 mei⁸)
1136 1451 1197 1510 ge-

154 1521 299 1579 minatam.
353 1520 587 1581 MONACHUS:
633 1523 707 1598 Quia
738 1524 768 1581 in
800 1539 848 1581 ore
878 1521 1000 1580 duomm
1027 1519 1074 1580 vel
1105 1523 1195 1580 trium

155 1609 269 1666 testium
291 1607 378 1666 stabit
399 1624 483 1667 omne
512 1606 682 1687 verbum⁹);
710 1612 754 1667 vis
784 1609 881 1669 audire
911 1609 948 1668 de
975 1611 1058 1668 tertio
1087 1608 1194 1667 clerico

155 1711 228 1768 pene
240 1691 332 1752 ‘simili
354 1695 439 1754 modo
462 1695 623 1756 converso?
659 1695 864 1756 NOVIOIUS:
883 1695 959 1756 Volo
982 1713 1017 1756 ec
1038 1695 1195 1771 plurimum

156 1779 294 1840 desidero.

475 1971 706 2033 CAPITULUM
727 1973 876 2032 XXXIV.

178 2113 254 2171 Item
276 2113 311 2171 de
332 2115 444 2187 clerico,
467 2115 522 2188 qui
536 2119 662 2188 proptor
677 2130 792 2187 poenos
813 2112 963 2173 Lodewici
983 2113 1176 2190 Lampsaco,

423 2217 498 2275 quae
519 2200 602 2272 vidit,
625 2199 667 2257 ud
687 2200 820 2257 ordinem
841 2204 928 2260 venit.

221 2352 456 2415 MONACHUS:
479 2354 618 2414 Narrante
637 2355 706 2413 mihi
721 2357 835 2431 saepius
854 2371 921 2415 sene
940 2355 1083 2414 monacho
1096 2361 1197 2416 nostro
1245 2357 1248 2368 '

159 2441 289 2500 Conrado
298 2438 335 2520 ¹⁰),
357 2445 405 2516 qui
415 2459 489 2517 pene
501 2445 678 2501 centenarius
690 2449 741 2517 est,
762 2446 841 2501 cuius
853 2461 939 2518 supra
948 2442 1002 2502 feci
1012 2444 1200 2518 mentionem,

158 2529 243 2589 didici
258 2529 335 2603 quod
348 2529 446 2588 refero.
482 2529 549 2604 Ipse
565 2529 679 2605 quidem
695 2529 729 2588 de
742 2529 898 2606 Thuringia
909 2529 1044 2587 oriundus
1061 2527 1098 2608 ¹¹),
1121 2531 1196 2588 etin

159 2618 244 2674 armis
266 2621 332 2674 ante
354 2619 568 2675 conversionem
590 2620 775 2691 exercitatus,
804 2616 894 2674 multa
922 2619 1001 2675 novit
1024 2614 1059 2674 de
1081 2616 1197 2676 actibus

157 2702 302 2761 Lodewici
324 2703 497 2779 Lantgrevii,
523 2703 558 2762 de
581 2720 638 2778 quo
661 2721 747 2779 supra
769 2703 893 2778 capitulo
915 2705 1050 2762 vicesimo
1072 2705 1196 2778 septimo

158 2790 273 2866 longam
294 2791 372 2848 texui
398 2793 596 2849 narrationem.
640 2791 696 2849 Hic
728 2808 793 2849 cum
821 2799 992 2865 moreretur,
1021 2789 1092 2848 duos
1120 2789 1197 2850 filios

159 2876 272 2952 reliquit
293 2876 421 2951 heredes,
443 2877 629 2936 Lodewicum
651 2877 766 2952 scilicet,
789 2880 837 2953 qui
857 2881 887 2936 in
907 2879 1000 2953 prima
1015 2877 1210 2952 expeditione.

158 2963 408 3040 Jerosolymitana,
431 2982 505 3040 quae
527 2966 603 3024 sacta
625 2971 668 3024 est
690 2965 865 3040 temporibus
883 2961 912 3043 ¹²)
934 2964 1078 3023 Frederici
1094 2964 1199 3041 lmpe=

158 3053 267 3125 tatoris,
290 3050 438 3110 defunctus
460 3058 511 3126 est,
534 3059 563 3111 et
579 3051 784 3138 Hermannum7
806 3054 854 3127 qui
876 3051 969 3110 eidem
989 3052 1196 3127 inPrincipetu

159 3141 309 3212 suecessit,
343 3142 390 3212 qui
418 3156 509 3214 nuper
539 3139 616 3198 obiit.
659 3139 828 3198 Lodewicus
850 3155 934 3215 vero,
964 3141 1013 3216 qui
1042 3142 1110 3198 setis
1133 3147 1196 3199 erat
1282 3193 1283 3198 ,

159 3225 314 3284 tractabilis
336 3233 365 3284 et
385 3226 542 3301 humanus,
571 3232 600 3284 et
627 3233 660 3284 ut
688 3229 782 3285 verius
805 3225 915 3301 dicam,
944 3228 1045 3312 ceteris
1066 3229 1196 3304 tyrannis
1282 3229 1283 3232 ’

179 3409 360 3479 ocultus.
381 3441 412 3450 -
440 3411 509 3479 2)P
531 3421 690 3478 tanquam.
710 3441 741 3450 —
770 3411 840 3479 3)ὓ
863 3412 956 3463 nimis
983 3421 1148 3480 romscot,
1174 3412 1195 3464 P

228 3481 326 3532 vivus
344 3480 718 3549 interrogasset-M
736 3482 888 3533 securior
906 3484 1009 3535 via.—
1022 3482 1087 3550 5)c
1104 3482 1193 3534 illius

228 3549 414 3617 religionis.
433 3580 463 3588 —
484 3550 515 3618 6)
533 3550 553 3603 G
570 3550 717 3604 multa-
735 3551 768 3617 7)
785 3551 805 3602 (i
823 3552 937 3603 sint-
957 3552 989 3619 8)
1008 3551 1120 3613 cordia·
1134 3553 1193 3603 mei

228 3635 269 3671 orn
287 3619 315 3670 0.
327 3649 356 3657 -
377 3619 409 3686 9)
425 3619 498 3672 Dent.
511 3620 551 3684 19,
571 3621 616 3683 15;
635 3621 701 3672 conl.
719 3620 855 3685 intravit,
872 3622 956 3674 31-
977 3623 1026 3689 10)
1044 3621 1193 3675 Conrado

228 3687 307 3739 habet
324 3687 343 3740 Ο
361 3697 419 3738 ante
437 3705 522 3740 sene.
542 3719 574 3728 —
595 3690 642 3757 11)
660 3690 681 3742 D
699 3690 763 3742 tuit
788 3699 891 3743 natus.
911 3721 942 3732 -
963 3692 1011 3760 12)
1029 3691 1049 3746 0
1072 3701 1193 3762 tempo-

229 3772 276 3822 re·,
293 3757 372 3810 verba
390 3774 470 3825 quac
490 3788 520 3798 -
540 3759 751 3827 Imperatoris
769 3775 810 3812 om
828 3759 859 3814 l).
