2664 4308
462 324 517 386 DE
538 323 696 386 SANOTA
716 323 858 386 Meam.
1137 328 1179 387 23

143 445 253 508 nullum
275 443 388 506 cibivel
409 447 625 522 potushaberet
645 448 813 523 appetitum.
836 479 877 490 -
899 441 966 506 Alio
985 445 1084 506 itidem
1104 452 1181 507 tem·

142 550 213 611 pore
245 550 312 594 cum
343 539 505 610 aegrotaret
535 533 699 593 infirmitate
731 535 936 610 peremptoria,
976 540 1006 592 et
1036 533 1095 594 filio
1126 549 1180 594 suo

142 617 434 697 praedictoJchanni
457 619 597 695 quasdam
618 622 745 680 visiones
766 622 905 695 recitaret,
927 637 1103 696 cognoscens
1124 621 1181 681 hoc

145 706 276 766 dominus
306 705 473 781 Gerardus,
503 713 572 766 tunc
600 705 771 766 infirmarius
800 707 919 781 ibidem,
950 713 1052 782 postca
1078 707 1182 768 Abbaa

86 859 89 864 ,
143 799 256 868 noster,
284 811 303 852 a
325 809 383 869 quo
404 791 477 852 haec
499 792 676 867 audivimus,
699 793 736 852 ad
757 793 886 871 Priorem
908 797 1040 868 cucurrit,
1062 798 1091 853 et
1112 796 1181 869 quia

144 880 276 940 dominus
287 879 464 939 Christianus
480 879 622 955 quaedam
635 879 754 940 mirifica
766 878 825 938 filio
838 896 891 938 suc
905 882 1045 954 recitaret,
1059 884 1181 941 nuncia-

143 969 195 1027 vit
237 965 309 1025 Mox
329 965 412 1026 Prior
433 965 471 1024 ad
491 966 571 1024 illum
591 967 725 1041 veniens,
758 972 786 1024 et
808 983 905 1025 coram
925 969 987 1042 ipso
1009 967 1128 1043 sedens,
1157 969 1182 1026 si

48 1051 52 1061 ’
144 1052 253 1128 aliquid
274 1051 353 1127 loqui
384 1052 471 1112 vellet
494 1053 529 1111 dc
550 1052 741 1126 confessione,
775 1069 810 1111 ex
830 1053 969 1112 industria
989 1055 1182 1130 interrogavit

77 1144 80 1148 '
146 1136 321 1219 Cuicum1)
350 1138 546 1214 responderet,
579 1139 786 1199 cenfessionem
806 1139 876 1216 ieci3
910 1140 1069 1199 subiunxit:
1098 1141 1181 1217 Rogo

145 1233 178 1285 ut
199 1224 307 1300 aliquid
328 1227 398 1285 mibi
418 1227 519 1285 dicatis
541 1226 579 1285 ad
600 1224 835 1305 aedificationem.
878 1226 960 1286 Tunc
981 1227 1045 1285 ille:
1075 1226 1151 1303 Quid
1162 1225 1182 1306 ²)

145 1313 240 1372 dicam
262 1311 367 1373 vobis?
409 1313 479 1372 Jam
508 1315 582 1382 enirn
603 1313 730 1372 Domina
760 1320 859 1372 nostra
888 1313 1026 1372 scitante
1048 1331 1095 1374 me
1117 1331 1183 1373 cum

145 1399 205 1459 filio
227 1415 289 1473 suo,
311 1407 339 1459 et
361 1400 523 1474 quiahoras
545 1417 625 1458 meas
647 1400 685 1459 ob
698 1402 822 1474 corporis
843 1401 1067 1460 imbecillitatem
1089 1400 1183 1460 dicere

106 1501 113 1514 ¹
145 1499 213 1546 nun
226 1487 315 1561 potui,
336 1488 389 1562 ipsi
411 1503 457 1544 me
478 1488 619 1545 iuverunt
663 1485 810 1562 Quasdam
831 1485 918 1545 boras
929 1486 1067 1563 speciales
1090 1487 1184 1547 dicere

147 1579 344 1632 consueverat⁴
387 1571 527 1631 Universa
548 1572 622 1634 haec
642 1573 753 1634 audivit
772 1573 934 1648 praedictus
946 1573 1097 1634 Gerardus
1117 1581 1186 1650 post

146 1667 260 1736 tergum
291 1659 397 1718 Prioris
425 1659 537 1720 sedens.
568 1660 774 1735 ,Interrogatus
796 1663 897 1734 etiam,
930 1661 1025 1735 qualia
1045 1662 1185 1721 baberent

147 1748 331 1820 vestimenta,
364 1746 523 1821 respondit:
544 1745 691 1805 vCucullae
726 1748 800 1804 sicut
829 1753 857 1805 ct
878 1764 939 1806 nos.
982 1746 1017 1805 In
1038 1747 1088 1806 tali
1110 1750 1185 1808 cuim

147 1833 250 1892 babitu
271 1849 302 1891 sc
318 1835 344 1891 ei
360 1832 510 1891 ostendere
525 1831 633 1908 dignati
648 1838 722 1906 sunt,
745 1832 859 1907 quatern
879 1833 926 1892 ille
947 1850 998 1908 pro
1022 1835 1062 1892 eis
1084 1851 1184 1893 susce·

149 1925 240 1994 perat.
282 1919 389 1994 Sicquc
409 1918 466 1978 fine
488 1920 575 1979 beato
599 1918 754 1993 decedens,
786 1920 823 1978 ab
845 1921 913 1994 ipsis
935 1926 1066 1995 receptus
1088 1927 1187 1995 est,a

152 2006 255 2081 quibus
287 2008 410 2065 moriens
431 2006 523 2065 suerat
543 2007 689 2081 visitatus,
722 2012 751 2064 et
778 2009 808 2064 in
830 2008 950 2065 aeternis
982 2005 1099 2066 sedibus
1120 2024 1186 2066 cum

149 2091 385 2169 gloria-locutus.
428 2091 532 2152 Amen.

412 2264 418 2272 ’
495 2282 728 2345 carmenum
749 2285 849 2344 xvir.

176 2405 226 2463 De
246 2409 370 2464 socrbta
392 2405 427 2464 de
448 2405 561 2492 Lustra,
584 2410 636 2482 qui
656 2413 741 2465 nocie
761 2413 897 2466 sauciam
918 2405 1050 2464 Mariam
1072 2423 1160 2482 super

461 2493 557 2552 altare
578 2494 703 2552 recidere
725 2497 881 2570 conspexit.

215 2612 314 2688 Nuper
335 2613 494 2672 monachus
522 2614 639 2689 quidam
668 2615 774 2674 ordinis
803 2617 905 2688 nostri,
934 2613 1030 2673 Adam
1057 2615 1187 2688 nomine,

149 2715 201 2775 per
222 2715 276 2758 nos
296 2701 450 2775 transiens,
471 2703 544 2760 inter
565 2708 675 2776 cetera,
702 2701 820 2760 mirifica
842 2701 992 2776 quaedam
1006 2699 1041 2760 de
1062 2700 1188 2760 Domina

149 2791 248 2845 nostra
283 2787 365 2845 nobis
404 2790 549 2862 recitavit,
589 2805 663 2863 quae
698 2791 727 2847 in
763 2806 815 2848 suo
845 2790 1016 2847 monasterio
1047 2789 1189 2848 veraciter
1299 2855 1300 2860 η

151 2874 303 2948 contigisse
325 2873 492 2950 testabatur,
515 2892 549 2933 ex
572 2876 676 2950 quibus
698 2875 755 2934 duo
777 2878 873 2934 statim
893 2875 1049 2950 proferam,
1078 2873 1188 2948 reliqua

149 2958 219 3018 locis
253 2961 480 3035 competentibus
512 2963 674 3022 reservabo.
717 2963 848 3022 Vocatur
876 2970 973 3021 antem
1001 2962 1103 3020 domus
1126 2963 1187 3020 cius

149 3043 299 3125 Lucka³),
328 3052 358 3105 ct
380 3053 423 3106 est
451 3051 507 3108 sita
527 3051 556 3106 in
578 3048 712 3108 Saxonis.
754 3049 808 3108 Est
827 3049 868 3107 ibi
890 3055 1001 3123 custos,
1029 3048 1187 3107 virbonus

151 3139 180 3192 ct
200 3133 360 3209 religiosus.
404 3133 459 3209 Qui
480 3153 546 3194 cum
561 3142 645 3195 nocte
662 3135 785 3211 quadam
801 3137 954 3194 oratorium
975 3137 1099 3208 intraret,
1120 3140 1187 3194 ante

149 3221 305 3278 matutinas
327 3219 483 3280 Dominam
510 3229 638 3282 nostram
664 3230 802 3298 tanquam
824 3225 936 3280 oratorii
963 3227 1114 3297 patronam
1136 3238 1187 3279 su-

149 3323 201 3382 per
222 3305 312 3365 altare
327 3309 356 3364 in
370 3307 460 3367 multa
473 3308 563 3385 gloria
584 3309 707 3369 residere
730 3312 885 3384 conspexit.
921 3308 974 3367 De
998 3325 1056 3382 qua
1075 3309 1187 3367 visione

149 3392 235 3451 valde
256 3392 427 3452 laetificatus
449 3404 507 3470 est,
538 3414 656 3472 sperans
684 3399 870 3456 ministerium
898 3413 984 3454 suum
1003 3395 1044 3454 illi
1064 3394 1187 3470 placere.

149 3479 217 3538 Alio
239 3497 308 3538 vero
330 3487 458 3556 tempore
488 3500 553 3541 cum
583 3485 655 3542 ostia
684 3487 799 3543 oratorii
826 3489 976 3557 reseraret,
1004 3483 1187 3557 venissetque

149 3566 187 3625 ad
211 3567 367 3642 cancellos,
389 3569 438 3626 ubi
459 3569 619 3644 hospitibus
642 3577 716 3629 stare
739 3572 825 3630 moris
848 3575 905 3644 est,
933 3567 1080 3629 diabolum
1101 3585 1187 3645 super
1276 3591 1277 3594 ¹

148 3652 299 3728 feretrum,
320 3656 350 3711 in
372 3654 464 3731 effigie
485 3657 608 3716 hominis
630 3660 779 3734 teterrimi,
806 3660 899 3716 iacere
920 3655 999 3732 vidit.
1043 3654 1099 3730 Qui
1121 3673 1187 3714 cum

168 3822 199 3890 1)
218 3821 238 3874 Β
257 3837 324 3873 curn
344 3821 412 3874 ilic.
425 3855 456 3862 —
469 3825 500 3893 2]
519 3826 540 3877 D
558 3827 692 3895 etquid.
712 3859 744 3866 -
763 3828 795 3896 3)
813 3801 992 3878 monasterium
1010 3822 1101 3886 Luclra,
1119 3820 1187 3874 Lok-

219 3891 422 3958 lrcn,=Lochcirn,
440 3895 519 3947 tribus
536 3897 589 3948 fere
608 3896 715 3956 millibus
733 3896 820 3966 procul
838 3896 870 3948 ab
888 3895 950 3948 urbe
968 3893 1068 3947 Mindon
1086 3893 1141 3944 fuit.
