2628 4310
194 253 257 311 aro
480 225 708 310 nrsrnronro
731 246 942 310 uunncnrn

168 371 266 445 mia,
298 368 502 431 aedificationis
523 371 618 447 plana,
640 369 676 431 de
697 369 789 448 gloria
811 369 978 432 coelestium
1000 373 1030 428 et
1049 365 1228 428 inenarrabili

194 457 302 518 laetitia
329 463 501 516 sanctorum.
543 457 672 534 Dignum
701 474 768 535 ergo
790 457 949 517 iudicantes
976 461 1080 516 testem
1100 454 1147 514 bis
1167 453 1228 514 ido-

194 561 281 604 neum
302 543 440 619 adhiberi,
460 545 667 604 nunciaverunt
687 543 759 604 haec
781 543 904 618 Abbati,
933 546 982 618 qui
1010 548 1040 602 et
1066 543 1131 618 ipse
1151 543 1229 618 gravi

194 630 345 690 laborabat
364 630 536 690 infirmitate.
578 631 708 690 Vocatus
729 629 833 690 Abbas
861 631 949 688 affuit.
991 629 1110 688 Interim
1132 628 1230 688 cecidit
1253 701 1255 706 ι

195 716 374 794 horologium
385 713 411 794 ¹),
434 723 463 776 ct
484 718 634 777 occasione
656 722 780 792 sumpte,
801 719 842 777 sic
863 717 915 775 lari
931 718 1038 792 coepit:
1060 714 1128 775 Ach
1146 732 1230 790 quam

195 821 313 863 suavem
335 809 449 862 noctem
471 805 565 880 eregi3
588 821 675 880 quam
697 801 857 863 delectabili
878 802 1025 879 horologio
1043 801 1230 878 temperando

196 907 312 966 operam
334 888 414 966 dedi3
437 907 524 964 quam
546 888 644 949 dulces
666 896 695 949 et
716 907 802 965 quam
823 903 929 949 suaves
950 895 1107 948 concentus
1128 888 1232 963 audiri,

196 976 289 1036 choris
316 977 345 1034 in
375 975 454 1036 coelo
475 975 658 1052 psallentium
677 977 799 1036 interfui.
842 975 909 1035 Ach
930 991 1017 1052 quam
1039 974 1231 1051 concorditer,

195 1075 283 1142 quam
310 1061 515 1122 delectabiliter
542 1062 712 1139 psallebant.
761 1062 795 1120 ln
823 1069 921 1122 nostro
951 1068 1037 1122 cantu
1066 1061 1141 1122 solet
1171 1079 1231 1122 esse

194 1149 378 1224 dissonantia,
398 1147 707 1225 taedium,”lassitudo;
730 1148 769 1208 ibi
790 1150 876 1226 longe
897 1149 979 1210 aliter
999 1154 1052 1213 est.
1093 1148 1131 1206 In
1144 1165 1232 1208 unam
1280 1223 1281 1228 ἵ

194 1253 294 1295 omnes
316 1238 489 1296 conveniunt
509 1235 677 1310 melodiam,
706 1253 792 1311 super
813 1252 897 1294 omne
919 1236 997 1311 quod
1018 1234 1145 1295 delectat
1167 1235 1232 1295 dnl-

194 1325 308 1383 ciorem.
357 1321 553 1399 Insatigabiles
580 1321 698 1381 laudare
726 1339 784 1381 non
813 1329 942 1397 cessant,
971 1329 1000 1382 et
1028 1327 1137 1396 quanto
1167 1322 1232 1397 plus

193 1408 326 1484 laudant,
347 1415 427 1468 tanto
449 1407 514 1484 plus
537 1410 639 1468 crescit
666 1425 747 1468 amor
767 1408 920 1484 laudandi,
949 1415 978 1468 et
992 1407 1123 1480 ¹mirabili
1144 1415 1231 1484 atque
1280 1479 1281 1486 χ

192 1495 329 1555 ineffabili
356 1494 442 1554 modo
475 1494 531 1554 hoc
559 1497 691 1570 provenit
716 1497 746 1554 in
775 1512 859 1554 usum
880 1497 1059 1572 gratissimae
1067 1491 1088 1574 ²)
1112 1497 1231 1570 quletis,

193 1582 271 1658 quod
293 1599 440 1656 nunquam
461 1587 567 1640 vacant
587 1599 605 1640 a
625 1580 711 1664 laude
742 1581 894 1641 creatoris.
936 1582 983 1640 Ibi
1011 1581 1070 1642 vidi
1098 1580 1231 1642 homines

192 1671 282 1728 nostri
304 1668 417 1744 ordinis,
439 1685 525 1744 super
545 1664 644 1747 alios³)
666 1671 789 1727 eminere
811 1668 958 1745 dignitate,
979 1674 1008 1729 et
1028 1668 1123 1744 gratia
1144 1685 1232 1744 prae·

193 1754 304 1815 cellere.
347 1753 405 1830 Qui
426 1756 501 1814 enirn
522 1755 614 1832 magis
635 1753 683 1815 hic
703 1753 844 1814 humiliati
864 1761 945 1829 sunt,
967 1754 1162 1814 mediocribus
1180 1773 1231 1831 pro
1280 1767 1281 1816 l

194 1839 306 1900 Christo
336 1841 476 1916 contenti,
505 1858 539 1900 eo
569 1841 720 1917 gloriosius
747 1843 787 1901 ibi
815 1841 957 1916 exultant,
989 1840 1231 1902 abundantiorem
1280 1821 1281 1876 l

192 1930 364 2004 accipientes
393 1927 631 2003 consulationem,
656 1928 729 1988 facie
750 1926 984 2004 splendidissimi,
1012 1935 1123 1988 statne
1146 1928 1231 2004 celsi,

117 2080 120 2085 ,
191 2020 272 2074 veste
300 2013 424 2091 gloriosi.
474 2013 547 2073 Cum
577 2013 623 2072 his
653 2013 827 2075 familiariter
862 2021 1047 2076 conversatus
1075 2031 1163 2090 sum,
1203 2021 1232 2075 et

191 2103 283 2160 amico
315 2100 437 2160 reiectus
469 2100 620 2175 colloquio.
679 2099 883 2176 Apparuerunt
914 2104 1001 2161 etiam
1029 2100 1099 2160 mihi
1125 2101 1231 2162 fratres
1280 2105 1281 2162 1

189 2190 287 2262 nostri,
309 2178 439 2247 dominus
461 2187 619 2248 Wamerus
639 2185 729 2262 Prior,
752 2193 781 2246 et
802 2187 933 2248 dominus
954 2187 1099 2264 Myohael,
1120 2193 1151 2248 et
1174 2189 1230 2249 do-
1280 2171 1281 2226 l

188 2276 283 2333 minus
311 2273 471 2348 Amoldus,
503 2280 532 2332 et
553 2272 684 2332 dominns
704 2273 806 2349 Kono,
840 2280 869 2334 et
898 2274 1028 2334 domiuus
1050 2273 1151 2333 David
1172 2276 1229 2335 ho-

189 2377 259 2420 nore
281 2360 389 2436 celsior,
411 2359 617 2420 candidissimis
634 2357 729 2418 ¹induti
751 2359 877 2436 cucullis,
899 2377 1020 2436 quarum
1040 2353 1115 2420 nitor
1138 2362 1230 2422 oculis

188 2449 260 2506 meis
280 2453 340 2506 tam
362 2453 423 2506 erat
443 2445 673 2522 impenetrabilis,
695 2462 782 2521 quarn
803 2449 899 2506 radius
915 2446 1034 2524 fulguris
1048 2447 1229 2508 choruscan-

188 2535 233 2592 tis.
268 2530 391 2614 Tanta‘)
413 2534 504 2610 gloria
524 2534 647 2593 vestium
670 2532 836 2609 delectatus,
857 2533 976 2594 sollicite
997 2535 1183 2610 quaerebam,
1205 2537 1230 2595 si
1280 2535 1281 2552 ³

188 2619 275 2680 talem
304 2635 358 2696 ego
386 2619 536 2678 habiturus
558 2635 659 2678 essem·
701 2619 739 2678 Et
761 2619 903 2679 dixerunt:
933 2619 990 2696 Qui
1010 2623 1083 2680 vivit
1102 2622 1229 2698 irrepre-
1280 2639 1281 2688 1

187 2705 377 2782 hensibilitcr,
411 2705 499 2765 talem
526 2711 637 2764 vestem
666 2721 780 2780 sperare
808 2712 912 2782 potest.
961 2707 992 2766 Si
1024 2724 1095 2767 vero
1123 2710 1229 2768 vitium
1280 2699 1281 2760 ἕ

187 2792 302 2852 latuerit
328 2794 357 2850 in
380 2794 607 2865 conversatione,
636 2791 750 2851 macula
777 2794 927 2870 apparebit
947 2795 977 2852 in
998 2800 1088 2854 veste.
1133 2793 1229 2872 Culpa
1280 2787 1281 2802 ¹

188 2882 262 2939 enim
286 2881 369 2954 vitae,
390 2878 532 2938 maculam
553 2879 622 2938 iacit
641 2879 671 2936 in
691 2885 781 2938 veste.
802 2879 1019 2940 Immaculatam
1042 2897 1111 2958 ergo
1129 2899 1229 2942 mere·
1280 2923 1281 2956 r

186 2966 263 3025 bitur
284 2965 390 3026 habere
410 2972 536 3040 vestem,
558 2966 607 3040 qui
628 2981 659 3024 se
681 2982 699 3024 a
720 2965 840 3026 maculis
862 2972 958 3026 servat
977 2969 1146 3027 immunem.
1189 2967 1229 3026 Et

87 3107 90 3112 ,
187 3052 259 3112 dixi:
288 3051 370 3128 Quae
392 3059 459 3110 sunt
479 3047 581 3130 istae⁵)
603 3051 754 3112 maculae?
797 3052 837 3111 Et
856 3052 910 3111 illi:
936 3052 1144 3129 Murmuratio,
1173 3053 1228 3114 de·
1280 3051 1281 3092 ἶ

186 3141 303 3214 tractio,
330 3137 445 3212 invidia,
466 3137 654 3214 negligentia,
676 3144 705 3197 et
726 3140 861 3215 quicquid
883 3141 1073 3200 sinceritatem
1096 3137 1227 3220 cordis⁶)

185 3226 311 3285 maculat
333 3231 361 3284 et
383 3223 538 3284 confundit.
580 3223 636 3299 Qui
649 3224 717 3284 talia
738 3232 835 3302 agunt,
855 3228 885 3284 in
906 3226 997 3303 gloria
1018 3227 1106 3286 vestis
1119 3245 1228 3288 macu-
1280 3227 1281 3308 ᾗ

185 3311 242 3370 lam
264 3317 381 3388 ponunt.
424 3311 469 3368 Tu
499 3325 567 3369 vero
589 3326 641 3386 pro
655 3311 760 3375 ¹multis
780 3310 943 3386 laboribus,
973 3318 1001 3371 et
1022 3315 1099 3374 vitae
1128 3313 1227 3374 hone-
1280 3313 1281 3362 Ὗ

184 3405 259 3458 state
280 3396 400 3457 similem
422 3399 546 3456 sortieris
574 3403 694 3456 vestem.
742 3399 796 3457 His
819 3397 902 3459 dictis
922 3399 1054 3458 saucibus
1075 3401 1226 3475 aromotis,

203 3533 233 3600 1)
252 3529 458 3598 horologium
482 3538 682 3597 temperare,
704 3530 815 3598 pondera
839 3531 881 3584 vel
904 3539 1030 3582 rnorncnta
1048 3531 1158 3598 librare,
1181 3534 1226 3586 vel

253 3616 351 3652 sursum
369 3599 495 3663 evehere3
513 3614 578 3667 quac
596 3616 652 3651 curn
670 3601 695 3651 in
714 3602 788 3652 imum
807 3599 910 3668 delapsa
928 3611 996 3663 sunt,
1013 3609 1067 3652 tum
1086 3602 1226 3656 horolo-
1280 3631 1281 3662 r

275 3670 336 3720 ium
360 3669 523 3721 cecidisse
546 3668 643 3720 dicitur.
669 3699 699 3708 -
720 3670 751 3738 2)
774 3669 796 3722 Β
819 3671 1117 3725 mansuetissimas.
1136 3703 1171 3730 ,-
1190 3673 1225 3739 3)
1280 3671 1281 3688 ³

252 3686 293 3790 {F
312 3753 435 3800 omncs,
451 3739 468 3790 P
486 3738 632 3790 homines
650 3738 740 3791 alios.
755 3769 784 3778 -
799 3738 866 3808 4)ss
884 3741 916 3791 in
933 3741 1224 3812 tsntn.-5)istae
1280 3707 1281 3782 l

251 3806 300 3859 add
318 3807 347 3860 B.
367 3837 397 3849 -
416 3807 448 3876 6)
466 3807 488 3862 B
506 3805 638 3866 ordinis.
