2642 4330
460 285 514 348 Du
538 285 810 351 DAEMONIBUS.
1093 291 1156 352 325

466 478 700 543 CAPITULUM
734 481 802 542 XL.

166 597 242 659 Item
263 599 299 659 de
321 600 472 675 doanorre,
495 607 547 680 qui
568 607 601 662 in
622 608 714 679 specie
734 603 892 663 anamais
909 601 1030 662 mdiicm
1047 621 1104 679 per

332 692 448 764 mincio
470 689 578 749 duceres
599 694 731 750 inimicos
753 693 818 750 iilos
840 690 940 767 effodi.

178 823 260 885 Sicut
279 825 350 885 milri
371 828 467 890 retulit
488 826 604 905 quidam
625 828 763 889 honestus
784 827 934 903 sacerdos,
955 845 1031 890 nunc
1052 845 1156 889 mona·

110 911 185 972 chus
205 915 236 972 in
258 913 357 973 ordine
378 922 489 990 nostro,
510 916 651 992 plebanus
674 915 823 976 cuiusdam
843 915 943 989 villae,
974 915 1157 991 parochianis

4 1074 5 1082 ἵ
108 1001 170 1059 suis
192 999 307 1075 placere
329 1000 438 1076 volens,
459 1002 542 1062 ludos
560 1002 722 1063 saeculares
744 1021 810 1064 cum
829 1002 885 1062 illis
900 1004 1034 1076 exercuit,
1055 1003 1155 1062 taber-

4 1129 5 1170 .
108 1104 163 1146 nas
183 1087 391 1162 frequentavit,
414 1096 442 1148 ct
462 1092 491 1147 in
514 1097 654 1166 quantum
670 1092 782 1165 potuit,
804 1089 931 1148 moribus
952 1089 1065 1148 illorum
1086 1105 1156 1148 suos

108 1173 307 1234 conformavit.
350 1175 561 1252 impletumque
581 1183 624 1236 est
645 1179 675 1235 in
696 1193 730 1238 eo
752 1176 822 1234 illud
836 1176 1013 1252 Prophetae:
1036 1176 1078 1234 Et
1099 1180 1155 1236 ortt

107 1264 186 1320 sicta
211 1262 342 1337 populos
370 1266 411 1321 sic
444 1271 472 1324 et
502 1263 638 1322 sacerdos
655 1260 682 1340 ).
733 1263 872 1323 Habebat
902 1269 1000 1322 autem
1029 1265 1059 1321 in
1085 1261 1155 1322 villa

107 1347 230 1406 militem
253 1354 428 1424 compatrem
440 1346 470 1430 ²),
492 1352 568 1410 vitiis
590 1351 649 1410 suis
670 1363 722 1425 per
735 1353 831 1411 omnia
846 1349 1075 1410 concordantem.
1117 1348 1157 1408 Et

110 1441 173 1495 erat
194 1437 249 1510 eia,
271 1451 329 1494 non
351 1437 380 1493 in
403 1436 524 1513 Christo,
552 1435 654 1496 sedin
676 1436 799 1512 mundo,
829 1454 878 1497 cor
898 1442 1040 1497 unum'et
1060 1437 1157 1496 anima

4 1517 5 1600 J
109 1517 212 1601 una2).
244 1521 339 1598 Saepe
360 1522 432 1582 alter
452 1524 490 1583 ab
513 1523 602 1583 altero
625 1522 663 1582 ad
680 1523 764 1583 ludos
786 1519 873 1584 etad
895 1523 994 1599 epulas
1008 1523 1154 1582 invitaba-

109 1615 171 1683 tur,
200 1625 289 1683 saepe
304 1607 357 1667 -ad
385 1611 520 1670 tabernas
547 1610 722 1670 trahebatur.
775 1610 886 1670 Videas
913 1611 986 1670 haec
1009 1609 1156 1684 diabolus,

109 1697 198 1755 totius
221 1694 280 1754 doli
308 1696 423 1771 artifex,
451 1704 484 1756 ut
514 1714 641 1756 amorem
662 1693 808 1777 illorumi)
836 1700 971 1758 vitiosum
998 1700 1028 1756 in
1057 1696 1155 1756 odium

109 1787 236 1842 verteret
257 1783 465 1859 periculosum,
496 1791 580 1844 nocte
602 1785 728 1860 quadam
750 1802 816 1844 cum
837 1783 929 1844 isdem
937 1781 958 1864 ⁵)
980 1783 1062 1843 miles
1084 1785 1155 1846 isset

110 1869 254 1945 cubitum,
285 1871 315 1928 in
336 1869 428 1930 forma
449 1871 605 1930 sacerdotis
627 1870 664 1929 ad
685 1871 792 1931 lectum
815 1874 875 1936 eius
896 1873 988 1944 venit,
1018 1876 1048 1930 et
1067 1867 1103 1928 ut
1122 1886 1155 1929 se

110 1963 295 2032 sequeretur,
328 1962 387 2016 tam
414 1959 504 2020 verbo
533 1976 620 2035 quam
648 1961 729 2035 siguo
757 1961 918 2034 importune
946 1959 1016 2016 satis
1044 1958 1155 2015 institit.

109 2042 197 2103 Miles
220 2060 289 2104 cum
309 2047 423 2103 tenitas
443 2061 517 2120 pene
534 2044 629 2104 nudus
644 2052 780 2122 surgeret,
802 2052 831 2104 et
850 2044 972 2120 nudipes
989 2049 1155 2119 sequeretur

108 2129 342 2207 praecedentem,
363 2147 415 2206 per
435 2149 576 2208 campum.
590 2134 678 2208 spinis
701 2139 729 2191 et
749 2133 885 2207 vepribus
912 2131 1030 2207 plenum
1050 2131 1154 2190 ductus

109 2223 165 2276 cst.
206 2216 237 2276 A
256 2217 360 2293 quibus
383 2214 481 2297 duma)
502 2218 619 2294 plantae
641 2221 701 2278 eius
713 2219 929 2278 vulnerarentur
943 2223 973 2278 ct
985 2219 1154 2294 sanguinem

108 2303 260 2380 stillarent,
281 2307 369 2382 iratus
390 2312 457 2380 post
478 2309 545 2364 eum
567 2306 715 2364 clamavit:
736 2305 815 2365 Male
837 2304 980 2380 sacerdos,
1004 2304 1081 2364 malo
1102 2311 1153 2364 tuo

109 2391 169 2450 huc
189 2408 238 2451 ma
267 2389 419 2450 adduxisti.
460 2391 588 2451 Diabolo
615 2409 729 2467 semper
757 2393 914 2468 clamante,
942 2408 1076 2468 sequere,
1104 2408 1153 2451 se-

110 2495 208 2553 quere,
230 2477 313 2537 miles
335 2479 475 2553 turbatus,
496 2479 592 2556 ligone
615 2476 730 2559 quem⁷)
753 2497 824 2538 casu
845 2482 956 2556 reperit,
978 2485 1012 2537 ut
1031 2479 1085 2538 sibi
1106 2481 1153 2537 vi-

110 2563 234 2626 debatur
256 2570 343 2640 caput
363 2566 519 2625 sacerdotis
541 2565 644 2625 divisit.
686 2567 734 2626 Sic
754 2567 802 2627 illo
824 2574 992 2643 prostratro,
1022 2571 1052 2625 ct
1070 2565 1154 2626 vultu

111 2653 173 2711 eius
194 2653 335 2728 sanguine
355 2653 486 2727 perfuso,
518 2653 600 2712 miles
622 2670 688 2712 cum
709 2654 799 2714 multo
821 2654 918 2713 labore
939 2671 974 2713 ac
996 2652 1093 2713 dolore
1114 2651 1154 2712 ad
1196 2697 1197 2701 ,
1315 2727 1316 2734 ἵ

111 2738 230 2798 domum
252 2755 335 2796 suam
352 2742 514 2815 revertitur,
537 2738 689 2818 qualitera)
713 2743 738 2800 ai
759 2740 893 2800 sacerdos
914 2740 1042 2815 illuserit,
1062 2741 1152 2814 uxori,

110 2825 235 2886 familiae
257 2827 413 2900 amicisque
435 2829 625 2904 conqueritur.
667 2827 728 2886 Illis
749 2829 843 2886 minus
865 2827 1055 2902 credentibus,
1079 2819 1154 2886 sub-'

111 2911 224 2994 iecit⁹):
257 2911 321 2988 Ego
351 2918 438 2988 caput
463 2917 525 2972 eius
547 2921 577 2972 ct
598 2931 733 2973 coronam
754 2931 812 2973 non
833 2912 977 2973 modicum
993 2913 1151 2974 vulneravi.

111 2999 223 3060 Eadem
243 3005 329 3058 nocte
351 2999 494 3074 sacerdos,
514 3000 616 3059 horum
637 3018 753 3076 prorsus
773 3003 886 3076 inscius,
909 3018 974 3060 cum
996 3018 1032 3060 ex
1049 3017 1152 3060 neces·

112 3088 195 3148 citata
216 3093 338 3146 naturae
358 3089 448 3146 iturus
471 3093 547 3146 esset
558 3088 595 3146 ad
610 3083 761 3162 cameram,
782 3105 849 3146 cum
868 3093 949 3148 tarrto
970 3089 1078 3164 impetu
1100 3105 1151 3148 ca-

113 3180 164 3248 put
183 3174 274 3233 limini
288 3176 425 3250 superiori
437 3173 522 3250 illisit,
544 3181 576 3232 ut
598 3191 704 3234 corona
716 3177 841 3251 graviter
854 3174 1012 3250 vulnerata,
1034 3177 1151 3253 sangine
1222 3182 1224 3186 ’

115 3275 265 3344 erumpens
292 3267 383 3319 totam
412 3263 472 3320 sius
493 3261 595 3320 facicm
618 3267 788 3320 cruentaret.
831 3260 895 3338 Quo
918 3261 955 3320 ad
975 3260 1082 3320 lectum
1102 3279 1152 3322 ra-

114 3353 250 3425 vertente,
272 3365 338 3408 cum
358 3364 444 3407 mane
463 3348 587 3425 populus
607 3348 721 3424 pulsata
742 3351 831 3408 missa
851 3351 881 3407 in
902 3348 1023 3409 ecclesia
1046 3365 1150 3426 exspe-

133 3515 766 3583 1)1ni.tt‚2.-2)Bccomparem.-
792 3515 825 3584 3)
842 3513 899 3567 Act.
917 3515 943 3579 t,
961 3515 1009 3567 32.
1027 3543 1060 3554 -
1078 3515 1150 3583 4)Ι)

182 3585 279 3639 illurn.
301 3615 332 3624 -
353 3585 385 3652 5)
401 3585 462 3638 BCR
485 3586 573 3638 idem.
603 3584 654 3637 Sed
671 3586 824 3652 pronominis
841 3586 934 3648 forma,
950 3583 1064 3651 isdem,
1081 3583 1149 3638 haud
1239 3627 1243 3634 .

181 3671 239 3709 raro
258 3655 366 3708 occurrit
384 3655 451 3721 apud
468 3658 602 3723 scriptores
620 3653 696 3706 medii
714 3657 779 3706 aevi.
798 3656 903 3722 Gregor.
921 3653 1007 3706 lloral
1025 3670 1050 3722 p.
1070 3653 1149 3706 tali:

185 3726 258 3792 ,hinc
276 3733 316 3775 est
334 3723 402 3791 quod
425 3725 524 3776 isdem
543 3727 633 3777 beatus
649 3723 697 3776 Job
716 3724 815 3777 sibimet
833 3727 989 3778 attestatur.“
1010 3753 1041 3764 —
1061 3721 1150 3790 6)Βο

183 3810 259 3846 cnm.
274 3794 350 3860 -73
364 3793 490 3846 ARGDPK
506 3794 624 3866 lignum
644 3793 743 3861 quod,
767 3794 895 3861 liliguo
919 3792 1009 3863 quod.
1028 3821 1058 3832 -
1079 3789 1149 3858 8)C

184 3872 214 3915 ei
232 3861 386 3933 qualiter.
405 3893 435 3904 ·-
454 3865 486 3933 9)
502 3865 523 3920 B
547 3864 727 3924 subiunxit.
