2654 4308
439 281 493 342 Dll
514 279 672 343 SANO‘I'A
688 280 830 343 MARIA.
1113 285 1151 344 75

110 405 142 462 in
163 403 295 464 vestibus
316 403 444 464 curiosus
457 401 483 485 ¹).
525 405 570 464 Ne
584 411 681 465 autern
706 406 817 464 causari
836 405 944 480 possis,
977 401 1055 480 quod
1086 406 1152 464 unl-

111 493 203 552 versis
212 487 232 570 ²)
255 491 381 550 Domina
402 499 513 551 tanturn
536 492 735 552 claustralibus
756 490 914 568 virginibus
934 490 982 550 vel
1003 493 1153 551 continen-

110 578 190 638 tibus
212 575 417 638 decedentibus
430 596 512 637 snam
529 581 720 654 praesentiam
741 577 889 638 visibiliter
908 578 1064 654 impendat,
1086 594 1152 639 eos-

111 682 170 740 que
192 664 232 724 ad
253 666 343 723 vitam
359 672 507 725 aeternam
528 664 675 741 perducat,
696 682 850 742 personam
870 664 973 724 laicam
996 672 1026 726 et
1046 681 1153 726 uxora-

111 759 173 813 tam
194 752 248 811 tibi
270 768 438 828 proponam.

465 941 699 1004 CAPITULUM
722 942 801 1004 LVI.

126 1065 176 1128 De
197 1063 330 1126 Korone
351 1082 436 1126 cruce
457 1066 583 1142 aquato,
606 1083 693 1209 gem
714 1071 819 1126 sancta
841 1064 944 1124 Mucia
965 1067 1137 1126 morientem

519 1169 607 1212 conso
641 1158 673 1211 tu
695 1158 745 1212 est

179 1271 260 1330 Civis
280 1269 397 1347 quidam
420 1269 456 1329 de
478 1270 618 1348 Tulpeto,
640 1272 686 1331 vir
706 1271 853 1346 honestus,
873 1270 960 1330 Kono
981 1243 1155 1345 nominein
1190 1331 1197 1344 ,

111 1359 170 1420 hac
199 1363 328 1418 extrema
356 1357 536 1434 expeditione
573 1362 718 1434 sigrrutns,
748 1375 814 1419 oum
842 1357 905 1417 aliis
933 1359 1089 1434 peregrinis
1117 1358 1156 1418 ed

112 1462 194 1506 mare
220 1461 313 1521 usque
334 1447 474 1521 pervenit.
516 1444 562 1503 Ibi
582 1448 706 1522 graviter
727 1445 893 1520 infirmatus,
915 1463 980 1504 cum
1002 1446 1155 1504 moriturus

113 1538 207 1606 esset,
233 1533 327 1606 coepit
346 1531 514 1590 mirabiliter
534 1532 690 1591 iocundari.
732 1532 955 1608 Requirentibus
978 1528 1091 1611 sociis³)
1119 1531 1155 1592 de
1242 1594 1246 1606 ,

114 1635 205 1680 causa
218 1618 351 1693 laetitiae,
372 1617 533 1698 respondit:
556 1618 651 1695 Quare
666 1636 724 1678 non
747 1618 911 1696 gaudeam?
932 1619 1008 1679 Ecce
1029 1618 1156 1679 Domina

113 1711 214 1766 nostra
242 1711 343 1765 sancta
363 1704 458 1764 Maria
486 1705 533 1764 lric
561 1721 697 1781 praesens
726 1713 784 1780 est,
813 1712 842 1764 et
870 1706 942 1765 haec
972 1706 1042 1764 milri
1070 1706 1154 1766 dixit:

114 1793 213 1868 Kono,
233 1793 302 1867 quie
323 1791 460 1868 reliquisti
481 1808 608 1867 uxorem,
629 1791 703 1851 filios
724 1799 753 1851 et
774 1795 871 1852 omnia
890 1799 942 1852 tua
962 1800 1078 1868 propter
1099 1793 1155 1852 lro-

114 1895 215 1940 norem
235 1878 286 1938 filli
305 1881 376 1952 mei,
397 1877 529 1954 periculis
551 1884 579 1938 te
601 1895 755 1954 exponens,
778 1895 832 1954 ego
853 1879 928 1938 bene
950 1886 979 1938 et
998 1879 1083 1955 plene
1104 1881 1155 1938 tibi

113 1966 279 2027 retribuam.
323 1965 379 2042 Qui
392 1967 488 2024 statim
502 1965 688 2026 exclamavit:
710 1966 755 2025 En
775 1965 873 2025 video
882 1965 994 2025 coelum
1016 1973 1155 2042 apertum,

114 2060 145 2116 ot
162 2055 192 2112 in
222 2068 257 2112 eo
287 2051 385 2112 sedem
413 2051 482 2110 milri
513 2059 728 2129 praeparatam,
758 2051 796 2113 ad
826 2069 914 2128 quam
942 2051 1074 2114 celerius·
1091 2070 1156 2112 sum

114 2155 296 2202 ascensurus.
339 2139 467 2214 Moxque
481 2157 563 2199 sacro
575 2140 639 2201 oleo
653 2139 802 2216 postulans
821 2157 852 2200 so
870 2142 978 2216 inungi,
1000 2146 1029 2200 et
1050 2141 1154 2200 viatico

114 2227 261 2287 Dominici
281 2228 406 2302 corporis
426 2228 539 2302 muniri,
561 2227 708 2288 hominem
729 2243 847 2304 peregre
870 2226 1009 2303 deposuit,
1032 2235 1060 2287 et
1082 2229 1154 2287 aiom

114 2331 202 2374 verus
218 2315 392 2390 peregrinus,
414 2316 443 2371 in
464 2313 580 2374 coelesti
599 2315 693 2389 patria
713 2314 821 2374 laboris
843 2317 887 2373 sui
909 2316 1067 2389 praemium
1088 2331 1155 2374 sus-

114 2401 201 2478 cepit.
242 2399 447 2460 novicius:
468 2400 533 2460 Nou
555 2403 642 2461 miror
664 2403 689 2460 si
708 2401 796 2462 homo
827 2404 882 2460 istc
908 2403 1002 2464 iustus
1030 2400 1078 2460 vel
1098 2418 1155 2478 po-

113 2491 173 2549 tius
194 2503 245 2563 per
266 2489 358 2547 crucis
379 2489 568 2564 signationem
588 2487 766 2563 iustificatus,
787 2494 847 2548 torn
867 2487 986 2548 mirifica
1015 2489 1100 2564 vidit,
1117 2495 1156 2548 et

133 2604 166 2674 1)
183 2603 275 2655 llonril.
294 2604 312 2655 l.
331 2619 355 2671 p.
375 2604 437 2656 tlt:
461 2603 538 2673 ,Cum
555 2613 623 2656 esset
640 2603 707 2673 apud
725 2620 772 2658 nos
789 2606 904 2658 novicius
921 2604 1021 2674 quidum
1039 2605 1158 2661 Albertus

185 2675 286 2725 nornine
304 2673 336 2724 de
355 2672 438 2737 lireio,
456 2674 582 2743 quondam
600 2677 735 2728 canonicus
752 2677 853 2728 maioris
871 2674 992 2728 ecclesias
1008 2675 1158 2740 inGolonia,

146 2754 151 2760 ·
184 2752 212 2796 at
230 2752 428 2811 conquereretur
450 2746 570 2813 magistro
589 2760 650 2809 suo,
673 2745 741 2812 quod
764 2745 791 2798 iu
814 2745 973 2798 confessione
996 2761 1047 2798 non
1068 2754 1157 2812 posset

185 2812 308 2866 reducere
325 2812 357 2864 ad
375 2815 519 2865 memorium
538 2815 621 2866 omnia
638 2824 741 2883 peccata
760 2830 820 2878 sua3
838 2814 970 2882 respoudit
986 2813 1039 2867 ilie:
1064 2815 1157 2868 Notata

185 2883 212 2938 in
230 2881 318 2936 cedula
337 2892 440 2950 peccata
458 2893 551 2936 vestra.
578 2883 619 2938 'Et
636 2885 763 2938 novicius:
790 2884 864 2936 Liber
886 2893 944 2937 octo
967 2886 1156 2952 quaterniorum
1249 2917 1253 2925 ·
1316 2857 1318 2896 ὲ

186 2959 289 3020 peccatu
312 2968 368 3004 mea
393 2968 485 3020 capere
509 2969 560 3004 non
585 2963 679 3020 posset.
720 2953 782 3006 Erat
805 2957 870 3006 enirn
893 2954 924 3006 ub
946 2956 1048 3005 incunte
1072 2963 1156 3006 aetate

185 3030 254 3076 totus
271 3021 372 3074 deditus
389 3021 515 3085 luxuriae,
532 3023 610 3074 verbu
628 3025 725 3086 otiosa,
743 3023 882 3090 impudica,
906 3022 1018 3076 scurrilia
1035 3032 1062 3075 et
1078 3026 1155 3076 risum

186 3094 312 3143 moventia
330 3092 433 3144 multum
449 3097 543 3144 amans.
579 3093 641 3146 Cum
652 3093 734 3144 adhuc
746 3102 814 3145 esset
831 3095 938 3159 iuvenis,
955 3093 1043 3145 habuit
1052 3104 1156 3146 matrem

186 3159 281 3229 Bingae
298 3162 324 3212 in
348 3166 501 3214 monasterio
525 3164 606 3214 sancti
628 3163 730 3214 lloberti
752 3179 908 3216 conversam.
941 3163 1019 3228 ¹Quae
1043 3179 1089 3230 pro
1112 3164 1156 3216 lilii

187 3230 267 3282 salute
291 3230 412 3294 sollicita,
435 3248 491 3282 curu
515 3229 604 3283 beatae
627 3231 784 3300 llildingartli
807 3232 918 3284 eiusdem
943 3232 1058 3291 coenobii
1083 3236 1156 3285 matri

185 3309 299 3367 tempore
317 3300 425 3368 quodam
444 3318 499 3354 error
517 3301 604 3354 dolore
622 3301 739 3354 dixisset:
757 3301 777 3356 0
796 3300 906 3364 dominu,
922 3302 982 3370 quid
1000 3302 1044 3356 liet
1056 3302 1088 3356 de
1105 3302 1156 3356 lilio

187 3385 243 3422 meo
261 3369 381 3433 Alberto,
403 3373 446 3439 qui
469 3380 519 3422 tarn
543 3371 662 3422 mirabilis
686 3380 724 3422 est
748 3379 775 3423 et
797 3381 847 3423 turn
864 3371 1008 3424 instabilis?
1026 3373 1156 3439 respoudit
1205 3365 1208 3377 ’
1316 3367 1317 3376 ’

186 3447 288 3491 sancta:
306 3438 414 3492 'landem
431 3440 579 3494 salvabitur.
620 3441 694 3504 Quod
719 3441 822 3494 verbum
840 3436 939 3494 ocos'sio
957 3444 981 3494 oi
999 3441 1046 3494 fnit
1063 3442 1157 3495 multo-

186 3525 241 3562 rum
259 3518 429 3575 peecatorum,
446 3525 497 3562 uon
514 3508 650 3562 recordans
669 3512 807 3578 scripturae
820 3510 941 3564 dicentis:
959 3511 1156 3566 Maledictus

187 3579 240 3646 qui
258 3589 376 3644 peccat
394 3581 423 3630 in
440 3595 504 3645 spe.
540 3580 567 3631 ln
580 3589 709 3631 senectute
723 3589 803 3632 tactus
821 3581 962 3649 apoplexia,
980 3583 1069 3634 timore
1088 3598 1156 3633 mor-

186 3649 219 3698 tis
236 3649 307 3700 venit
324 3647 355 3698 ad
374 3647 499 3712 ordinem,
526 3658 552 3700 et
570 3665 620 3700 non
638 3650 716 3701 multo
734 3659 792 3717 post
809 3649 896 3702 eedem
915 3660 1069 3718 praeventus
1085 3651 1157 3702 irrllr-

187 3719 275 3768 rnitate
293 3715 425 3768 defunctus
442 3727 490 3769 est.
531 3719 558 3770 ln
582 3734 633 3787 quo
657 3722 758 3788 saepius
782 3718 889 3772 vidimus
907 3719 1021 3772 lacrimas
1040 3729 1066 3772 et
1084 3722 1156 3788 signe

186 3787 358 3850 contritionis,
382 3789 416 3839 ito
439 3796 468 3838 ut
491 3787 557 3839 bona
575 3803 644 3856 spes
658 3791 690 3840 sit
714 3787 746 3839 de
768 3791 823 3840 cius
848 3790 1014 3842 salvatione.“
1030 3819 1059 3830 -
1086 3790 1156 3855 2)c

187 3858 351 3907 universe.
373 3887 401 3896 -
422 3857 453 3925 3)
471 3857 491 3908 B
510 3861 694 3925 requisitus
712 3873 726 3908 u
745 3861 853 3910 sociis.
