2642 4330
458 295 513 356 DE
535 293 825 356 SIMPLIOITATE.
1096 297 1157 354 371

110 438 222 483 sonam
247 424 328 479 extra
348 417 465 478 domurn
485 423 622 491 nostram,
643 434 721 504 quae
739 417 825 478 valde
845 417 968 478 honesta
989 425 1047 494 est,
1070 418 1161 496 eliga-

110 527 196 584 mus,
229 523 267 566 ne
289 508 440 582 nosipsos
462 505 636 565 contundere
658 505 815 565 videamur.
858 505 924 565 Tibi
946 507 1022 565 enim
1045 513 1161 568 constu-

111 573 275 671 bat',¹quia
296 595 319 652 si
341 592 442 652 electio
464 592 545 651 lieret
564 594 594 650 iu
616 591 711 666 domo,
732 609 790 652 non
812 592 897 652 aliern
918 595 972 652 nisi
993 599 1073 676 tuam
1094 611 1161 669 per-

112 700 224 743 sonam
253 680 389 757 eligerent
400 676 425 760 ¹).
478 678 555 739 Eece
587 680 629 738 sio
660 679 753 738 faetus
781 696 812 738 es
840 677 953 738 Abbas.
1003 678 1088 755 Quod
1103 681 1161 740 'ille

113 769 258 843 audiens,
287 767 434 827 consessus
461 772 517 840 est,
547 771 576 825 ot
602 782 661 825 non
689 767 815 841 negavit.
865 765 1025 840 Statimque
1051 774 1162 841 patrem

114 857 283 916 Abbatem·
307 853 422 928 adiens,
455 852 546 912 donee
579 853 775 912 absolveretur
814 857 910 928 petere
943 869 1000 911 non
1029 857 1162 913 cessavit.

114 940 327 1010 NOVICIUS:
357 940 388 1000 Si
409 939 513 999 Abbas
534 941 588 998 iste
610 939 648 998 od
670 940 816 998 abbatiam
839 938 991 1014 aspirando
1013 945 1072 999 tarn
1093 959 1162 1016 gra-

115 1033 195 1090 viter
211 1030 353 1104 peccavit,
376 1026 445 1102 quid
467 1033 510 1085 est
532 1024 609 1100 quod
630 1025 789 1102 Apostolus
810 1026 890 1084 dicit:
917 1027 977 1103 Qui
997 1026 1161 1104 bpbcopo-

117 1125 187 1177 turn
224 1115 385 1186 desiderat,
419 1112 530 1172 bonnm
570 1130 644 1187 opus
687 1109 883 1186 desiderot²)P
926 1109 1161 1174 MONACHUS:

115 1201 279 1279 Apostolus
300 1218 358 1260 non
379 1198 562 1276 reprehendit
581 1199 796 1274 Episcopatum,
818 1199 870 1259 sed
892 1198 1070 1275 desiderium,
1095 1203 1163 1276 qnia

115 1293 148 1350 in
170 1289 219 1348 illo
242 1288 362 1348 attendit
377 1287 514 1361 laborem,
535 1289 565 1344 in
585 1290 640 1345 isto
659 1287 852 1346 ambitionem.
896 1285 980 1346 Unde
1000 1304 1068 1346 mox
1090 1288 1162 1347 sub-

115 1379 226 1436 iunxit:
250 1375 374 1450 Oportet
401 1375 581 1450 Episcopum
608 1373 887 1448 irreprehensibilem
910 1391 982 1446 esse,
1008 1373 1162 1446 ‘sobnam

110 1463 270 1540 pudicam,
282 1463 466 1538 prudentem,
482 1467 631 1542 ornatum,
647 1461 991 1535 sentententiam,
1006 1461 1162 1533 doctorem,

118 1557 150 1610 et
191 1554 295 1608 cetera.
347 1548 430 1607 Idem
440 1545 460 1627 ³)
493 1553 610 1607 sanctus
641 1547 816 1606 Benedictus
849 1546 950 1606 diffinit
981 1547 1018 1607 de
1045 1547 1163 1610 Abbate

117 1641 150 1695 in
171 1634 285 1712 regula:
318 1633 401 1694 Licet
420 1651 505 1694 nemo
528 1634 583 1693 sibi
604 1651 749 1693 assumere
772 1633 877 1706 debeat
898 1633 1053 1708 bonorem,
1089 1637 1163 1694 sicut

8 1783 9 1790 ,
118 1723 209 1782 bodie
229 1723 289 1781 heu
315 1721 540 1794 multifaciant,
576 1720 628 1780 sed
650 1723 698 1795 qui
726 1721 833 1780 electus
855 1721 938 1780 luerit
959 1739 978 1779 a
1002 1721 1068 1780 Deo
1090 1725 1164 1780 sieut
1237 1774 1243 1782 ,

120 1805 269 1896 Aaron⁴):
291 1807 404 1868 videtur
432 1813 529 1867 tamen
558 1807 636 1882 quod
665 1808 766 1883 aliquis
795 1809 886 1883 possit
914 1807 1075 1867 desiderare
1102 1810 1162 1868 sine

121 1896 252 1973 periculo
273 1895 436 1954 huiusmodi
459 1895 625 1970 dignitates,
654 1894 769 1953 adhoc
791 1899 912 1968 tantum,
933 1897 1083 1992 sqprosit,
1105 1911 1162 1954 non

120 1984 292 2060 utpraesit.
334 1982 422 2041 Teste
443 1981 602 2056 salvatore,
625 1986 650 2040 ei
672 1983 775 2040 oculus
803 1988 872 2040 tude
899 1979 993 2056 fuerit
1024 1982 1162 2056 sinplen,

121 2078 222 2130 totum
254 2086 360 2144 corpus
394 2075 490 2132 tnnrrr.
508 2069 639 2128 lucidum
669 2064 767 2146 erit⁵).
810 2065 1016 2127 NOVICIUS:
1038 2067 1085 2126 De
1106 2068 1161 2126 hoo

119 2157 223 2218 audire
246 2155 370 2215 delectat
391 2155 562 2231 exemplum.

471 2346 704 2407 CAPITULUM
728 2347 816 2406 XIX.
902 2345 904 2350 ’

235 2471 283 2530 De
312 2471 458 2530 Mauricio
479 2469 623 2545 Episcopo
645 2471 816 2543 Porisienoi,
839 2473 891 2546 qni
912 2489 942 2530 se
962 2475 1059 2546 ipsum

506 2559 673 2633 simpliciter
694 2559 786 2633 clepit.

189 2676 425 2738 MONAOHUS:
453 2675 561 2758 Dumrl
583 2680 688 2738 nostris
711 2680 886 2755 temporibus
908 2679 1025 2738 Parisiis
1047 2668 1164 2760 vacarp‘t
1241 2748 1244 2752 ,

122 2767 326 2844 Episcopatus,
349 2771 378 2825 et
391 2765 528 2825 electores
549 2768 622 2825 inter
643 2783 675 2824 se
692 2767 864 2843 concordare
884 2783 943 2824 non
963 2772 1090 2843 possent,
1111 2768 1163 2828 ni-

122 2854 181 2934 bus
203 2870 256 2912 sua
277 2859 347 2912 rota
368 2855 578 2912 commiserunt.
621 2851 678 2928 Qui
706 2859 764 2912 tres
795 2871 860 2913 curn
887 2855 918 2911 in
945 2871 1032 2912 unam
1054 2870 1163 2913 conve-

122 2941 185 2999 nire
207 2941 359 3014 nequirent
378 2956 547 3014 personam,
575 2942 712 3016 magistro
733 2939 883 3015 Mauritio,
915 2943 963 3015 qui
983 2957 1058 2998 unus
1079 2943 1163 2998 trium

123 3032 201 3100 erat,
230 3027 286 3086 duo
316 3044 400 3086 suam
421 3025 561 3086 dederunt
582 3029 795 3100 auctoritatem,
828 3033 861 3086 ut
882 3043 1081 3103 quemcunque
1101 3029 1164 3102 ipse

122 3115 292 3188 nominaret,
313 3113 473 3189 Episcopus
495 3120 579 3173 esset.
621 3113 661 3172 Et
681 3116 749 3188 quia
772 3115 849 3173 idem
869 3113 1035 3189 Mauritim,
1063 3119 1095 3172 nt
1123 3117 1164 3174 rei

123 3201 223 3261 exitus'
239 3201 388 3276 probavit,
409 3202 501 3277 magis
523 3201 658 3276 cupiebat
678 3200 831 3276 prodesse,
854 3218 941 3275 quam
961 3218 1110 3276 praeesse,
1132 3219 1164 3260 se

122 3292 219 3363 ipsum
239 3289 406 3361 nominavit,
429 3286 541 3346 dicens:
573 3287 704 3347 Aliorum
726 3289 914 3350 conscientias
936 3295 965 3347 et
986 3290 1164 3364 propositum

121 3378 240 3452 ignoro,
260 3373 468 3450 Episcopatum
488 3375 578 3450 huuc,
599 3377 691 3452 gratia
711 3374 768 3434 Dei
789 3392 836 3434 me
858 3373 1021 3450 adiuvante,
1041 3377 1163 3450 irrepre-

122 3461 300 3524 hensibiliter
327 3478 427 3538 regere
452 3478 591 3538 propono.
642 3461 728 3538 Quod
755 3468 783 3520 et
810 3462 885 3521 lecit.
935 3461 1059 3521 Sanctae
1088 3465 1164 3523 enirn

122 3551 202 3610 vitae
223 3547 291 3624 iuit,
319 3555 381 3608 tam
402 3550 492 3608 verbo
523 3565 609 3624 quam
639 3548 769 3625 exemplo
796 3549 924 3626 plurimis
955 3549 1074 3626 proluit,
1103 3549 1164 3610 dies

143 3666 175 3734 1)
192 3663 250 3716 libri
267 3679 341 3716 esse
359 3664 551 3733 eligendam.
579 3664 696 3717 Humilia:
717 3666 794 3731 „sotis
813 3669 836 3716 ei
854 3663 1000 3730 constabat,
1022 3664 1092 3734 quod
1112 3677 1181 3716 non*

194 3733 268 3786 aliern
287 3742 387 3801 praeter
405 3749 475 3786 suam
494 3734 618 3802 eligerent
635 3740 794 3802 personam.“
815 3765 846 3775 -
865 3735 897 3802 2)
915 3735 976 3788 Tim.
994 3735 1021 3796 1,
1039 3736 1069 3799 3,
1088 3736 1111 3786 l.
1131 3765 1162 3774 —

193 3803 381 3929 {zplicgltne'm
408 3835 437 3844 -
463 3805 495 3875 4)
519 3803 595 3916 llebr.
618 3807 648 3868 5,
671 3807 697 3859 t.
724 3835 755 3846 -
783 3805 815 3873 5)
839 3803 926 3857 llsttlr.
949 3807 980 3868 6,
1002 3805 1044 3856 22.
1069 3833 1102 3860 ,-
1132 3805 1165 3871 6)
