2580 4316
166 207 205 264 32
491 199 718 262 DISTINOTIO
739 201 869 262 PRIMA

166 326 241 384 enim
261 325 343 382 novit
364 339 480 382 sensum
500 323 626 398 Domini,
648 330 699 383 aut
721 325 785 399 quis
807 323 983 399 consiliarius
1006 325 1068 382 eius
1093 322 1147 382 fuit
1161 318 1201 402 1)1

165 410 302 470 Attamen
324 427 399 486 quae
420 413 552 485 superius
565 413 660 486 posita
674 407 695 490 2)
718 416 793 484 sunt,
815 413 1019 485 scripturarum
1031 411 1201 470 auctoritate

165 499 336 558 roborantur
348 494 379 576 ³).
421 497 544 556 Sanetus
566 497 626 558 Job
648 497 684 556 de
705 497 826 557 hominis
847 497 1037 556 mutabilitate
1063 497 1200 572 loquens,

166 585 232 646 dicit
242 586 322 645 Dee:
349 583 532 644 Constituisti
554 588 692 644 termissus
715 589 784 657 eius,
807 588 859 660 qut
877 588 1035 659 praeteriri
1055 602 1117 642 noa
1129 590 1200 659 poi-

167 680 254 731 eruai.
264 667 298 745 ¹).
341 670 417 730 Ecce
438 673 467 730 in
495 672 551 731 hoc
579 671 643 730 loco
666 667 781 744 liebus,
810 671 917 730 homini
932 667 951 749 Β)
973 673 1125 729 terminum
1152 672 1201 728 vi-

164 759 249 818 vendi
270 758 363 818 aDeo
386 761 581 832 constitutum,
603 765 632 816 et
653 758 731 832 quod
752 757 829 816 idem
850 760 986 816 terminus
1007 759 1200 832 mtransgres-

165 845 252 905 sibilis
274 847 319 904 sit.
362 843 447 920 Quod
475 863 544 906 vero
573 845 694 904 eundem
723 847 876 903 terminum
904 843 1077 919 quandoque
1091 839 1111 922 ε)
1135 845 1200 918 quis

163 931 239 992 mele
260 931 384 992 vivendo
405 935 510 1007 poterit
529 933 771 1006 praeanticipare,
793 933 874 990 testis
896 930 1129 1006 estPsalmista,
1151 931 1201 1005 qui

107 1089 109 1093 ,
164 1019 245 1078 dicit:
274 1021 338 1078 Viri
358 1022 540 1094 tanquillam
562 1025 590 1076 et
611 1018 704 1076 dolosi
725 1036 787 1077 aon
808 1016 1006 1076 dimidiabunt
1017 1018 1075 1076 dies
1086 1034 1155 1076 euos
1167 1013 1199 1092 ⁷).

164 1105 194 1166 Si
215 1123 274 1166 nou
295 1105 459 1165 conceditur
481 1108 522 1165 eie
548 1106 624 1178 dies,
656 1105 759 1180 quibus
788 1106 885 1163 vivere
914 1110 1062 1178 poterant,
1090 1106 1115 1162 si
1140 1121 1199 1162 non

163 1199 316 1268 peccarent
329 1189 360 1270 ὅ),
382 1192 537 1266 dimidiare,
559 1197 734 1265 cerumar,
755 1190 819 1249 illos
832 1191 917 1266 longe
932 1191 1005 1250 infra
1017 1193 1169 1249 terminum
1175 1186 1197 1270 ⁹)

163 1281 349 1339 constitutum
370 1278 499 1337 deficere.
543 1277 677 1337 Similiter
697 1279 766 1336 honi
786 1279 860 1337 bene
881 1277 1006 1336 vivendo
1027 1277 1198 1352 quandoque

163 1372 307 1424 merentur
327 1367 479 1424 terminum
501 1382 585 1424 suum
605 1367 787 1439 praevenire,
820 1367 893 1424 sicut
921 1364 957 1422 de
986 1382 1044 1424 uno
1070 1366 1198 1424 bonorin

163 1454 289 1511 omnium
310 1453 452 1510 bonorum
472 1468 598 1526 persona
619 1451 736 1510 dicitru:
779 1451 897 1526 Ruptres
927 1455 984 1524 est,
1016 1470 1054 1509 ne
1082 1453 1199 1510 malitia

162 1545 294 1597 mutaret
327 1540 505 1598 intellectum
539 1539 634 1611 illiue,
668 1545 696 1597 et
723 1557 761 1597 ae
787 1539 864 1614 fictio
895 1538 1037 1612 deciperet
1065 1541 1198 1596 animam

162 1625 240 1683 illius
258 1622 300 1703 ¹⁰).
327 1624 468 1684 Desinant
489 1641 557 1700 ergo
580 1624 709 1683 homines
732 1625 811 1684 stulti
831 1624 919 1684 stulta
941 1625 1044 1700 dicere,
1065 1624 1153 1683 stulte
1170 1621 1198 1703 ¹¹)

162 1711 285 1786 eredere,
307 1711 374 1786 quia
395 1711 481 1770 hodie
501 1714 588 1786 pauci
608 1718 675 1770 sunt
689 1712 845 1786 Principes
865 1713 951 1787 pauci
969 1708 1128 1790 ¹²)nobiles,
1150 1713 1198 1786 qui

161 1798 222 1857 dies
240 1795 269 1878 13)
289 1798 427 1873 impleant
455 1805 483 1856 et
511 1798 550 1868 ad
570 1805 695 1857 aetatem
722 1797 839 1858 senilem
871 1801 1047 1873 perveniant.
1102 1797 1199 1873 Quare

160 1883 237 1944 hoc?
268 1885 409 1944 Nimirum
432 1888 500 1960 quie
518 1902 661 1960 pauperes
683 1885 901 1961 depraedantur,
923 1892 952 1944 et
971 1902 1132 1960 pauperum
1152 1883 1198 1943 la-

162 1973 255 2031 crimis
277 1978 343 2030 ante
376 1979 489 2048 tempus
518 1973 702 2032 suffocantur.
745 1972 835 2031 Visne
858 1971 956 2031 audire
977 1971 1140 2046 exemplum
1162 1971 1198 2031 de

161 2059 286 2134 quodam
307 2065 438 2135 tyranno,
461 2060 509 2134 qui
532 2060 599 2134 quia
621 2059 681 2118 dies
700 2075 768 2118 suos
786 2055 813 2137 14)
837 2066 960 2120 cautere
970 2058 1118 2133 peccando
1139 2075 1198 2117 non

161 2145 287 2220 credidit,
308 2145 425 2206 liberius
446 2144 598 2220 peccavit?
641 2143 850 2205 NOVIGIUS:
872 2145 949 2206 Volo
971 2152 1001 2204 et
1021 2145 1162 2204 desidero.

481 2335 715 2396 GAPITULUM
736 2336 869 2396 XXVII.

202 2439 251 2498 De
272 2456 372 2498 errore
393 2439 541 2498 Lodewici
562 2439 751 2516 Laetor-avii,
775 2447 802 2499 et
824 2441 860 2498 de
876 2441 1155 2516 praedestinatione.

223 2558 458 2622 MONACHUS:
479 2562 525 2620 Ex
545 2561 683 2622 relatione
705 2561 854 2622 cuiusdam
875 2564 928 2622 viri
948 2562 1072 2638 religiosi
1086 2580 1198 2639 cogno-

161 2650 196 2721 vi,
217 2646 402 2707 Lodewicum
415 2648 631 2725 Lantgravium‚
652 2656 764 2724 patrem
778 2648 1125 2725 HermanniLantgravii‚
1148 2653 1198 2724 qui

158 2740 225 2794 ante
246 2734 299 2794 hos
322 2735 395 2794 duos
417 2753 508 2796 annos
531 2735 681 2795 desuncurs
704 2742 759 2810 est,
792 2737 821 2794 in
851 2753 975 2796 errorem
1003 2735 1198 2811 periculosum

157 2838 215 2881 uon
237 2820 330 2880 solum
351 2825 484 2897 propriae
516 2825 642 2897 animae,
675 2823 728 2882 sed
755 2828 783 2882 et
810 2823 990 2882 subditorum
1017 2824 1197 2884 substantiae

158 2907 305 2967 decidisse.
338 2909 404 2985 ‘Qui
426 2907 492 2968 eum
514 2913 600 2968 esset·
610 2909 718 2985 praedo
737 2927 771 2968 ae
785 2916 924 2985 tyrannus
935 2912 1086 2983 maximus,
1108 2910 1197 2969 duras

158 3001 187 3052 et
207 2993 345 3070 plurimas
366 2998 395 3054 in
417 2998 471 3056 sibi
499 2998 683 3056 commissum
714 2995 855 3071 populum
882 2996 988 3055 iaciens
1018 2999 1197 3071 exactiones,

156 3081 294 3156 plurimes
311 3078 339 3161 ¹⁵)
351 3082 534 3142 ecelesiarum
545 3084 600 3142 sibi
610 3099 752 3158 rrsuupans
762 3085 968 3158 possessiones,
983 3082 1056 3142 'cum
1073 3078 1101 3162 ¹¹)
1123 3101 1196 3159 pro-

157 3173 221 3242 pter
242 3167 315 3227 haec
337 3175 366 3227 et
387 3165 478 3228 nurlta
498 3169 555 3228 alia
575 3169 653 3228 mala
669 3165 697 3247 Π)
720 3187 737 3230 a
758 3172 827 3228 viris
845 3169 984 3246 religiosis
998 3171 1198 3245 eornperetur,

174 3284 204 3351 1)
222 3283 292 3335 llam.
314 3283 359 3347 11,
377 3286 418 3336 31.
441 3314 470 3324 -
498 3285 530 3351 2)
549 3283 567 3335 P
585 3283 678 3335 dicta.
698 3313 728 3323 -
757 3285 789 3352 3)
807 3284 1082 3336 BDPreserantur.
1102 3315 1133 3325 —
1162 3287 1196 3352 1)

224 3352 272 3404 lob
292 3353 342 3414 ll,
369 3356 393 3404 5.
414 3384 444 3394 -
473 3355 504 3420 5)
523 3353 645 3404 homini
671 3370 712 3405 om
730 3354 757 3406 C.
778 3384 808 3393 -
838 3356 870 3422 6)
887 3354 1083 3423 quandoque
1105 3365 1148 3406 om
1166 3356 1194 3407 C.

225 3453 257 3460 -
276 3423 307 3489 7)
326 3423 390 3475 Psal.
409 3425 452 3485 51,
469 3424 511 3475 21.
532 3452 562 3461 -
582 3424 613 3489 8)
632 3424 657 3474 si
683 3439 747 3474 non
775 3433 951 3491 peccarent
974 3424 1023 3475 edd
1042 3425 1090 3478 BG.
1110 3455 1140 3464 -
1161 3425 1196 3494 9)

224 3491 361 3561 Dlonge
387 3501 463 3543 ante
491 3493 677 3554 terminum,
695 3492 714 3544 G
731 3492 828 3562 longe
846 3503 920 3545 ante
939 3504 1072 3562 tempus.
1093 3524 1123 3533 -
1144 3494 1196 3562 10)

223 3560 318 3627 scol,
338 3561 421 3612 ll-
442 3562 490 3629 11)
508 3561 526 3612 Ρ
544 3561 644 3617 stultu
662 3561 770 3613 dicere
789 3565 903 3628 stulte,
921 3563 940 3615 B
960 3565 1062 3616 stulte
1081 3564 1195 3616 dicere
1277 3563 1278 3570 ’

222 3629 331 3681 stulte.
352 3659 383 3670 -
414 3631 461 3698 12)
480 3630 707 3698 DPpaucique.
728 3661 758 3672 -
788 3634 835 3701 13)
855 3633 1063 3686 DP'addsuos.
1084 3663 1114 3672 -
1144 3634 1195 3701 11)

222 3715 297 3751 suos
315 3715 355 3750 om
376 3698 401 3750 P.
422 3730 452 3738 -
474 3700 521 3767 15)
541 3699 726 3752 DPmultas.
747 3731 778 3740 —
800 3703 848 3770 16)
864 3702 985 3756 eures.
1006 3733 1036 3744 -
1057 3703 1195 3771 inest

218 3767 282 3822 alin
299 3768 378 3822 mala
397 3768 511 3834 multa,
527 3769 569 3824 DP
586 3769 718 3840 aliaque
736 3771 875 3840 plurima
891 3772 982 3824 mala.
