2580 4316
441 275 504 336 DE
522 273 802 338 CONVERSIONE.
1100 281 1137 338 17

101 396 207 456 smnus
233 395 290 458 Dei
319 398 502 458 affirmabat
528 395 721 477 omnimod01)
743 398 804 460 lieri
833 397 953 472 debere,
982 413 1040 456 non
1062 399 1139 476 qnod

101 485 154 560 ipse
174 484 206 542 de
226 503 258 544 se
286 489 497 562 cogitaverat,
524 485 573 546 sed
594 485 673 562 quod
689 485 771 546 Deus
794 485 829 544 de
850 484 899 544 illo
922 484 1101 559 disposuerat
1109 483 1138 566 ²).

102 571 148 647 Qui
172 574 199 630 in
220 572 325 632 eodem
350 590 517 632 conversus
538 569 679 652 itinere³),
699 573 863 650 valedicens
884 571 1014 646 saeculo,
1046 573 1138 634 lactus
1222 603 1228 626 ι

101 660 300 720 cetmonachus
314 663 347 718 in
364 655 571 739 Glaravolle⁴).
613 651 703 736 Ecce,
721 661 772 719 ubi
792 663 821 718 in
842 662 897 718 isto
912 657 1045 718 voluntas
1067 677 1138 720 con-

99 746 226 821 vertendi,
255 749 286 806 in
318 765 382 822 quo
415 747 481 806 sola
511 753 628 822 operata
657 753 701 807 est
727 747 861 807 voluntas
883 745 1004 822 Spiritus
1026 745 1137 806 sancti?
1199 769 1203 784 ·

99 831 299 894 Novimus.-
313 834 425 894 Placet
447 833 526 910 quod
548 833 626 910 dicia
648 833 701 894 sed
724 833 769 894 dic
791 851 899 910 quaeso
922 833 1085 908 exemplum
1103 833 1138 892 dc

96 917 151 994 hoc,
171 920 247 996 quod
278 922 405 996 quidam
436 938 592 980 econverso
615 928 817 982 convertantur
838 919 900 978 solo
921 922 1055 978 instinctu
1077 922 1138 996 spi-

96 1009 155 1069 ritus
173 1009 292 1086 maligni
337 1007 582 1068 MONACHUS:
604 1007 777 1084 Exemplum
798 1013 913 1084 praesto
936 1003 1016 1086 θεῖ’).

462 1197 694 1260 CAPITULUM
718 1197 775 1258 IX.

216 1336 268 1396 De
290 1339 489 1396 conversione
509 1339 646 1412 mopntri
666 1337 809 1414 Stephani
831 1337 867 1394 de
894 1337 1013 1396 Vltrcio.

150 1492 268 1570 Legitur
282 1497 315 1552 in
329 1489 434 1573 Vitas)
457 1495 515 1552 iam
530 1491 597 1552 dicti
610 1495 710 1568 patris,
731 1499 860 1568 tempore
878 1492 1003 1568 quodam
1025 1494 1137 1552 venisse

95 1579 137 1649 ad,
153 1580 383 1640 claramvallem
412 1583 582 1656 magistrum
610 1578 789 1656 Stephanum
822 1579 857 1638 de
885 1579 1010 1654 vitreio,
1044 1581 1137 1638 virum

95 1683 206 1743 magnae
220 1671 373 1742 scientiae,
395 1673 430 1725 ut
450 1667 607 1742 putabatur
627 1670 721 1742 gratia
743 1668 945 1726 conversionis.
987 1665 1034 1724 De
1057 1667 1137 1724 cuius

95 1753 214 1814 adventu
234 1773 305 1815 cum
328 1761 393 1813 tota
407 1753 492 1812 vallis
515 1753 677 1828 exsultaret,
698 1771 850 1829 personam
873 1755 945 1811 tanti
966 1755 1019 1810 viri
1042 1754 1137 1812 consi-

95 1839 203 1917 derans,
232 1843 343 1901 beatus
374 1839 541 1900 Bernardus
570 1843 599 1898 in
620 1839 693 1900 haec
714 1841 804 1899 verba
825 1842 967 1916 prorupit:
996 1839 1137 1920 Diabolus

97 1943 154 1988 cum
181 1929 320 2004 adduxit,
350 1927 432 1986 solus
462 1929 555 2001 venit,
584 1927 662 1986 solus
691 1933 857 1985 revertetur.
900 1925 949 1984 Ad
977 1926 1033 1984 hoc
1063 1928 1137 1984 enim

96 2023 211 2090 venerat,
234 2023 269 2076 ut
283 2014 431 2091 quosdam
446 2016 583 2088 novicios,
605 2031 677 2090 quos
699 2017 728 2072 in
749 2014 895 2073 literatura
916 2016 977 2088 ipse
998 2013 1137 2070 informa-

96 2109 175 2178 verat,
194 2104 235 2162 ad
250 2103 406 2162 saeculum
425 2100 582 2160 reduceret.
624 2101 669 2160 Ne
691 2108 807 2160 sanctus
829 2106 911 2176 peter
933 2099 1137 2158 scandalizaret

96 2190 296 2264 pusillanimes,
318 2190 467 2260 hominem
485 2190 598 2264 rec‘epit,
622 2205 708 2264 quern
729 2205 787 2248 non
801 2193 1051 2264 perseveraturum
1062 2187 1137 2246 scie-

96 2274 152 2352 bat3
180 2284 213 2336 ut
240 2279 376 2336 novicius
406 2275 502 2349 lieret,
533 2278 676 2334 consensit
684 2271 713 2355 ²).
756 2274 798 2334 At
826 2277 941 2350 spiritus
979 2273 1136 2350 malignus,

97 2377 156 2422 cum
176 2371 238 2424 toto
264 2365 313 2423 illo
337 2359 447 2441 ann0⁸)
468 2379 520 2438 per
541 2380 574 2420 os
596 2363 641 2421 sui
662 2364 796 2438 mancipii
816 2364 846 2419 in
868 2378 937 2420 aure
958 2363 1137 2420 noviciorum

97 2450 230 2527 sibilaret,
259 2469 313 2511 nec
336 2449 505 2527 proficeret,
528 2466 614 2526 quem
635 2448 673 2507 ad
694 2449 806 2508 illorum
827 2452 937 2507 ruinam
959 2447 1136 2521 adduxerat,

98 2536 190 2614 solum,
217 2538 382 2598 secundum
402 2535 585 2613 prophetiam
605 2538 658 2595 viri
679 2535 751 2610 Dei,
773 2553 838 2595 cum
860 2535 951 2594 multa
973 2533 1136 2594 confusione

99 2623 211 2684 nonus.
254 2625 334 2686 Audi
356 2631 388 2684 et
409 2623 488 2682 aliud
510 2622 673 2699 exemplum
694 2623 730 2682 de
754 2625 855 2682 vicino.

476 2811 710 2874 CAPITULUM
729 2813 771 2872 X.

151 2953 199 3013 De
219 2957 412 3016 concernens
436 2950 568 3013 Gonoini
588 2954 755 3027 scandetis,
777 2956 830 3030 qni
851 2953 886 3012 dc
902 2951 1083 3028 probatione

291 3043 295 3056 '
474 3057 543 3099 cnm
561 3040 648 3116 farto
668 3040 757 3116 sopit.

160 3162 309 3224 Venerunt
342 3163 381 3222 ad
414 3179 467 3220 nos
500 3161 558 3220 duo
591 3162 755 3222 sacerdotes
786 3163 942 3239 gyrovagi,
977 3161 1137 3236 ingressum

103 3253 233 3322 petentes.
281 3251 330 3310 De
367 3265 491 3326 quorum
521 3251 734 3325 perseverantia
763 3265 829 3308 cum
855 3265 929 3325 pene
949 3247 1035 3306 nulla
1062 3254 1138 3307 esset

122 3431 151 3502 l)
166 3431 206 3486 ΒΡ
223 3437 363 3487 omnino.
379 3463 411 3474 -
430 3434 462 3501 2)
480 3433 542 3486 BDP
560 3434 765 3502 cogitaverit
784 3463 815 3474 -
834 3433 1047 3501 disposuerit.
1061 3464 1090 3472 —
1105 3433 1136 3499 3)

168 3502 188 3554 B
205 3505 241 3556 Et
258 3506 290 3556 in
309 3503 425 3556 eodem
451 3519 630 3558 conversus
654 3505 790 3566 itincre,
808 3502 828 3554 G
843 3504 884 3556 Et
905 3507 934 3556 in
953 3502 1065 3554 eodem
1082 3503 1137 3553 iti·

169 3587 242 3625 nere
259 3589 458 3626 conversus.
478 3603 508 3614 -
528 3574 560 3641 l)
579 3574 646 3626 cont.
665 3575 715 3625 vn.
734 3575 759 3626 S.
778 3573 898 3626 Bernsrd.
924 3573 971 3636 lV,
990 3573 1014 3624 3.
1034 3589 1057 3639 p.
1077 3571 1136 3623 901.

169 3671 202 3681 -
218 3645 249 3712 5)
267 3641 450 3710 exemplum
468 3651 602 3709 praesto
619 3652 670 3695 est
687 3659 727 3694 cnr
747 3642 795 3696 BG.
808 3673 839 3682 -
859 3645 890 3710 6)
908 3643 959 3694 llil.
977 3643 1002 3694 S.
1016 3639 1136 3692 Bernard.

169 3710 188 3762 l.
207 3713 246 3765 13.
264 3730 288 3781 ρ,
307 3713 368 3766 795.
390 3741 421 3750 -
439 3713 473 3780 7)
490 3713 531 3769 BC
548 3722 580 3764 et
598 3722 631 3766 ut
649 3714 801 3766 novicius
825 3712 938 3776 lieret,
963 3726 1051 3778 quern
1073 3723 1137 3760 non

171 3790 460 3846 perseveraturum
480 3783 515 3850 [C
537 3783 772 3850 perseverare]
794 3783 939 3846 sciebas,
955 3779 1137 3834 consensit-

172 3879 204 3890 -
220 3853 253 3921 8)
268 3853 287 3908 G
304 3867 364 3921 per
381 3857 486 3906 totum
503 3868 615 3908 eanum
633 3853 733 3906 illum.
