2664 4308
450 313 505 374 DE
526 311 684 374 SANCTA
705 312 846 375 MARIA.
1128 320 1166 377 17

132 435 168 496 de
190 451 330 498 converso
359 451 447 509 quem
469 433 599 496 diabolus
627 435 770 511 impudice
792 435 994 512 dormientem,
1021 439 1051 496 ln
1077 438 1170 499 lenna

130 522 261 582 monialis
290 521 525 597 deosculabatur,
557 525 606 598 qui
637 539 705 582 mox
736 523 909 597 infirmatus,
939 525 1013 583 infra
1042 524 1168 586 triduum

129 616 259 670 mortuus
298 615 350 669 est
403 609 584 669 Dormieu‘tes
622 611 697 668 onim
729 616 759 668 et
795 627 917 685 peccare
948 628 1102 686 possumus
1140 618 1169 671 et

128 697 239 756 mereri.
283 695 365 771 Quae
393 699 469 755 enim
490 696 635 772 vigilando
657 699 831 772 cogitamus,
863 698 925 756 sive
946 697 985 756 ad
1006 714 1081 774 quae
1102 714 1168 757 mo-

128 801 243 858 vemur,
271 785 333 842 sive
362 783 440 842 bona
466 785 523 842 sint
551 785 613 842 sive
640 783 731 858 mala,
760 782 861 842 eadem
888 784 972 843 uobis
1001 801 1088 860 saepe
1116 801 1168 861 per

128 872 240 930 somnia
261 876 421 929 occurrunt.
462 869 544 930 Siout
564 871 594 930 iu
616 869 826 930 sathanacum
847 869 968 930 trahitur
989 878 1018 930 et
1038 873 1168 947 iactatur,

128 956 228 1032 pulsus
260 955 376 1032 pulsum
405 957 537 1032 impellit,
568 958 610 1016 ita
630 959 660 1014 in
681 956 838 1018 dormiente
860 957 1034 1032 praecedens
1056 960 1168 1034 cogita-

127 1047 183 1117 tio,
211 1049 308 1102 motus
336 1045 396 1102 sive
425 1059 580 1103 consensus
609 1060 682 1119 opus
711 1044 819 1103 bonurn
846 1043 894 1104 vel
921 1044 1030 1104 malum
1049 1044 1168 1105 inducit

127 1128 328 1190 NOVICIUS:
349 1129 451 1190 Placet
470 1130 549 1206 quod
571 1129 650 1190 dieis.
691 1130 822 1192 Procede
842 1149 919 1191 nunc
940 1132 977 1192 de
993 1131 1191 1192 consolatio·⁴

127 1218 213 1278 rubus
235 1219 384 1276 iustorum.
607 1241 609 1246 ·

484 1371 717 1434 CAPITULUM
739 1372 811 1434 XV.

147 1493 196 1553 Do
217 1500 251 1553 eo
273 1493 355 1569 qaod
376 1493 463 1554 beuta
493 1495 582 1570 Virpo
604 1493 707 1554 Murio
727 1513 796 1554 cam
818 1501 923 1554 sancto
939 1493 1095 1554 Iulizubetb
1117 1503 1145 1556 et

237 1579 341 1639 Marta
362 1579 547 1657 Mupdulanu
565 1581 718 1656 praedicto
743 1598 883 1640 connato
906 1585 1057 1658 apparuit.

190 1718 426 1782 MONAOHUS:
455 1719 658 1796 Supradictum
687 1737 857 1780 conversum
876 1720 1037 1781 Heuricum
1055 1718 1071 1801 ¹)
1100 1737 1166 1781 mo-

125 1806 236 1867 nachus
265 1807 382 1882 quidam
410 1808 487 1867 vitae
514 1807 682 1881 laudabilia,
714 1809 795 1866 cuius
822 1825 929 1868 nomen
960 1808 1081 1886 prodere
1108 1825 1167 1868 non

125 1892 204 1969 licet,
227 1894 359 1954 obnixius
380 1895 508 1970 rogavit,
529 1899 562 1952 ut
582 1894 699 1955 beatam
720 1893 777 1954 Dei
799 1893 973 1953 Genitricem
993 1912 1046 1970 pro
1067 1911 1099 1954 se
1119 1896 1167 1952 in-

125 1979 296 2058 terpellaret,
311 1998 376 2040 cnm
391 1981 428 2040 ab
441 1980 490 2040 illa
504 1982 674 2040 visitaretur.
701 1980 786 2056 Quod
801 1997 866 2040 oum
880 1983 1064 2056 promisisset,
1078 1988 1107 2041 et
1121 1980 1166 2042 dio

126 2067 252 2144 quadam
267 2067 341 2127 dicto
361 2067 546 2143 completorio
567 2065 596 2128 iu
618 2069 740 2126 oratorio
761 2069 907 2144 grangiae,
928 2070 1009 2127 cuius
1030 2069 1168 2144 magister

126 2159 195 2230 erat,
215 2171 267 2230 pro
288 2155 351 2230 ipso
372 2171 472 2229 preces
492 2153 631 2229 funderet,
651 2159 845 2230 apparuerunt
859 2157 951 2214 oranti
972 2162 1030 2214 tres
1052 2161 1163 2215 matro-

125 2257 180 2300 nae
202 2243 291 2300 mirae
312 2240 538 2316 pulchritudinis.
580 2240 630 2300 Ad
651 2258 772 2316 quarum
789 2241 923 2300 decorem
945 2240 1014 2300 dum
1031 2247 1166 2318 stuperet,

126 2333 155 2388 et
175 2344 320 2404 quaenam
341 2333 436 2386 essent
457 2327 505 2387 vel
525 2327 603 2387 unde
624 2330 857 2403 renitentium
877 2344 909 2387 se
930 2331 1088 2403 nuberetur,
1107 2345 1167 2388 una

126 2429 161 2472 ex
182 2415 223 2473 eis
239 2415 458 2490 cogitationibus
473 2417 533 2474 eius
546 2412 566 2494 ²)
588 2414 750 2490 respondit:
772 2415 835 2491 Ego
850 2432 915 2474 sum
930 2414 1024 2474 Maria
1039 2414 1166 2492 Magda-

124 2499 205 2578 lena3
227 2500 300 2560 baec
322 2508 365 2560 est
390 2501 557 2560 universalis
577 2501 703 2561 Domina
724 2501 781 2560 Dei
803 2501 933 2562 Gemnix
952 2503 1042 2578 Virgo
1064 2500 1166 2577 Maria,

124 2585 213 2666 digito
235 2604 300 2648 eam
315 2588 527 2664 demonstrans;
551 2591 633 2647 tertia
655 2585 754 2668 vero³)
768 2588 928 2648 Elisabeth.
969 2589 1008 2648 Et
1022 2587 1165 2648 adiunxit:

123 2672 169 2732 'ln
184 2690 249 2734 oras
263 2691 316 2749 pro
330 2675 472 2735 monacho
487 2674 546 2747 illo,
567 2692 672 2734 nomen
687 2678 747 2734 eius
763 2677 934 2751 exprimens,
952 2677 1044 2752 magis
1060 2671 1165 2754 enim⁴)

122 2759 233 2838 indiges
255 2762 363 2836 utipse
381 2768 442 2821 oret
455 2779 507 2837 pro
529 2767 566 2820 te.
601 2761 707 2837 Sioque
729 2761 937 2837 disparuerunt.
972 2761 1065 2839 Super
1087 2764 1165 2822 eius·

123 2845 189 2908 dem
210 2847 344 2906 monachi
366 2855 468 2924 caput,
501 2865 567 2908 cum
588 2848 683 2928 adbuc
713 2855 789 2908 esset
809 2848 957 2912 Diaconus
979 2854 1008 2908 et
1027 2848 1165 2924 Evange-

122 2931 193 2994 lium
224 2933 334 3011 legeret
364 2933 402 2994 ad
434 2937 567 3010 missam,
604 2934 682 2994 idem
714 2952 869 2996 conversus
900 2934 1063 2996 columbam
1094 2934 1166 2995 vidit

122 3019 364 3097 descendentem,
387 3028 416 3083 et
436 3039 528 3100 usque
549 3019 587 3082 ad
608 3021 696 3082 finem
715 3022 844 3092 lectionis
864 3021 973 3086 ibidem
992 3027 1164 3084 manentem.

461 3211 695 3274 CAPITULUM
719 3213 805 3274 XVI.
815 3209 846 3295 l)

221 3335 291 3393 Vita
312 3332 427 3394 domiui
450 3333 610 3394 Christiani
631 3335 768 3395 monachi
789 3335 824 3394 de
845 3336 1070 3398 Hammenrode.

183 3473 221 3534 In
242 3472 345 3534 eodem
367 3473 499 3534 Olaustro
519 3473 678 3534 monachus
701 3473 817 3550 quidam
839 3477 946 3536 exstitit
958 3471 995 3554 ε),
1015 3475 1162 3553 praedicto
1206 3546 1210 3560 ¹

119 3559 247 3624 chdco
271 3577 409 3622 converso
432 3567 704 3636 contemporaneus,
727 3564 843 3622 nomine
865 3563 894 3623 et
915 3579 1001 3638 opere
1024 3562 1162 3624 Christis-

118 3665 182 3708 nus.
224 3647 317 3706 Istum
338 3647 434 3707 multis
455 3646 548 3706 modis
567 3646 693 3707 Domina
714 3654 812 3708 nostra
845 3649 985 3710 consolari
1006 3652 1161 3725 consuevit,

136 3813 229 3885 1)Αο
252 3814 421 3868 llcnrieum
443 3827 644 3868 conversum.
662 3841 694 3854 -
719 3814 751 3883 2)
776 3814 798 3868 Ι)
825 3815 903 3868 suis.
920 3839 954 3858 ·-
982 3815 1014 3882 3)
1036 3815 1058 3868 b
1080 3830 1160 3869 vero

189 3893 245 3966 est.
264 3913 297 3923 -
315 3883 516 3952 lJRautem.
536 3911 567 3928 -
587 3883 727 3953 *Jllomib
745 3885 764 3938 l.
782 3901 807 3953 p.
826 3885 869 3940 66.
886 3913 920 3926 «-
938 3885 971 3953 5)
988 3885 1028 3940 GP
1045 3885 1115 3940 luit.
