2594 4302
194 257 257 315 244
508 253 737 316 DISTINGTIO
761 255 917 318 DECIMA

511 444 745 506 CAPITULUM
765 446 915 507 XXXVI.

246 569 294 630 De
315 570 430 628 viatore
450 569 633 628 incendiario
655 586 743 645 quem
762 568 911 645 fripidum
929 569 1048 646 ferrum
1069 572 1181 630 martit

256 687 391 748 Rusticus
414 689 529 764 quidam
552 695 652 748 eontra
673 687 761 748 alium
783 687 893 750 habens
914 691 1092 766 inimicitias,
1118 687 1225 750 cuidam

192 773 317 852 maligno
340 774 447 835 homini
469 775 504 835 de
526 775 624 836 ordine
646 778 797 850 viatorum,
820 776 920 852 quales
942 777 1023 836 multi
1045 784 1120 852 sunt,
1141 794 1225 853 pecu-

192 864 269 922 niam
297 862 390 937 dedit,
419 869 452 922 ut
480 861 597 921 domum
624 862 699 922 illius
725 864 898 922 incenderet.
941 863 1037 940 Quam
1059 865 1113 924 sub
1137 864 1224 939 specie

191 948 333 1026 religionis
361 951 492 1023 intravit,
522 955 550 1008 et
571 956 699 1024 tempore
721 952 902 1010 convenienti
924 949 1080 1011 succendit
1123 951 1225 1010 Imme-

190 1053 252 1095 mor
273 1038 446 1095 miserrimus
467 1035 681 1110 hospitalitatis,
703 1043 858 1112 postquam
879 1036 979 1096 fnisset
991 1033 1016 1115 ι)
1030 1036 1226 1109 reaedificata,

190 1128 308 1197 accepto
330 1125 421 1199 pretio
435 1125 585 1182 renovavit
598 1123 769 1182 incendium.
800 1124 946 1182 Turbatus
964 1122 1052 1183 homo
1075 1123 1112 1184 de
1128 1124 1225 1184 damno

191 1211 326 1285 repetito,
348 1226 447 1269 omnes
470 1208 505 1269 de
528 1209 632 1284 quibus
653 1212 845 1284 suspicionem
866 1209 969 1270 habuit
990 1213 1155 1286 accusavit,
1183 1210 1224 1285 qui

188 1294 358 1370 perserrum
372 1293 526 1374 candens2)
542 1313 573 1354 ss
595 1303 833 1372 expurgaverunt.
861 1297 965 1356 Denuo
989 1297 1093 1357 domus
1115 1300 1226 1359 incensa

188 1381 370 1442 reaedificata
391 1389 442 1456 est,
464 1389 492 1442 et
512 1383 618 1442 serrum
639 1375 715 1442 idem
737 1386 766 1441 in
793 1384 931 1460 angulum
951 1385 1012 1443 eius
1033 1386 1192 1459 proiectum
1200 1380 1226 1462 ³).

189 1467 266 1545 Quid
286 1468 389 1544 plura?
424 1469 512 1529 Venit
534 1486 644 1528 rursmn
666 1470 775 1545 pseudo
798 1472 891 1529 viator
911 1470 966 1544 ille,
988 1473 1109 1545 antiqua
1132 1487 1225 1531 corru-

188 1561 254 1630 ptus
280 1559 409 1616 avaritia
451 1555 585 1615 Humane
607 1559 676 1615 satis
697 1564 863 1631 susceptus,
893 1574 959 1616 cum
980 1557 1085 1618 ferrum
1106 1561 1165 1618 iam
1186 1557 1225 1616 di·

188 1648 267 1701 ctum
288 1642 421 1716 vidisset,
451 1649 479 1702 et
501 1645 565 1718 quis
587 1645 648 1702 eius
670 1661 739 1702 usus
767 1649 844 1702 esset
864 1641 1153 1724 adinterrogasset⁴);
1182 1660 1223 1704 re·

187 1728 303 1804 spondit
322 1729 383 1789 ille:
406 1729 510 1790 Nescio
533 1731 597 1804 quis
619 1728 735 1788 domum
757 1729 832 1789 bano
854 1747 891 1790 en
912 1730 1002 1790 altera
1024 1733 1088 1791 vice
1107 1748 1224 1792 succen-

188 1814 244 1891 dit3
266 1821 296 1876 et
317 1834 383 1876 cum
412 1816 447 1875 de
477 1816 650 1891 quibusdam
676 1816 844 1876 habuissem
865 1819 1071 1892 suspicionem,
1104 1817 1225 1878 candens

186 1901 257 1962 illud
277 1910 471 1979 portaverunt,
492 1902 545 1962 sed
565 1921 623 1963 non
641 1909 708 1961 sunt
724 1905 825 1962 exusti.
864 1903 946 1962 Tunc
967 1902 1030 1962 ille:
1052 1901 1102 1963 Ad
1118 1906 1223 1981 aliquos

186 2007 256 2050 usus
283 1997 382 2067 posset
409 1992 545 2050 converti.
588 1989 675 2066 Quod
703 1996 869 2050 cumnutu
890 1990 946 2049 Dei
967 1989 1110 2066 levasset,
1140 1993 1223 2052 sicin

185 2092 274 2135 manu
303 2076 422 2136 adustus
431 2072 451 2155 ⁵)
481 2084 539 2150 est,
571 2082 604 2135 ut
632 2093 698 2135 eum
728 2076 852 2136 clamore
879 2076 951 2136 illud
971 2080 1098 2138 iactaret.
1146 2075 1224 2156 Quod

185 2162 235 2221 ubi
256 2163 458 2244 paterfamilias
480 2163 561 2238 vidit,
580 2162 784 2222 incendiarium
793 2161 814 2242 ⁶)
836 2180 888 2239 per
908 2170 1021 2223 vestem
1045 2170 1157 2240 tenens,
1178 2182 1209 2225 ex

186 2248 335 2310 clamavit:
356 2250 434 2309 Vere
452 2255 483 2308 tn
506 2267 537 2310 es
558 2267 633 2308 reus.
675 2249 747 2308 Mox
768 2249 807 2308 ad
828 2249 952 2311 iudicem
975 2249 1087 2324 duetus,
1113 2252 1223 2328 culpam

185 2335 274 2395 nollet
294 2337 380 2397 vellet
401 2342 446 2398 est
467 2332 659 2414 confessns⁷),
693 2338 791 2411 sicque
812 2353 907 2412 poena
927 2337 1010 2396 rotali
1032 2337 1187 2398 damnatus
1197 2335 1222 2417 ⁸).

184 2422 279 2482 Multa
307 2426 382 2484 enim
407 2421 571 2482 huiusmodi
598 2421 733 2482 miracula
753 2425 882 2482 invenies
903 2425 933 2482 in
954 2423 1136 2486 distinctione
1159 2442 1222 2486 con·

183 2509 323 2572 fessionis.
365 2508 449 2570 Unde
470 2508 516 2567 his
538 2512 650 2570 omissis
671 2509 821 2569 videamus
843 2510 913 2586 quid
927 2509 1008 2570 Deus
1025 2511 1223 2572 miraculorum

184 2599 288 2656 nostris
309 2598 485 2671 temporibus
507 2603 641 2673 operatus
662 2598 699 2655 sit
720 2599 748 2654 in
770 2613 846 2656 aare.
889 2594 975 2673 Quod
996 2614 1065 2658 vero
1086 2599 1152 2674 ipse
1166 2597 1222 2656 bn·

183 2681 258 2742 filius
272 2682 360 2766 Jcsns
383 2685 463 2743 visus
484 2685 571 2743 sitin
592 2684 717 2742 nubibus
732 2683 813 2757 coeli,
834 2699 892 2742 non
906 2689 1003 2743 tamen
1024 2685 1054 2742 in
1066 2687 1221 2758 maiestate,

136 2784 148 2800 ⁸
184 2768 287 2830 sedin
308 2768 477 2846 humilitate,
498 2769 636 2847 exemplis
655 2771 731 2830 veris
752 2770 804 2830 tibi
824 2776 924 2847 potero
947 2769 1153 2832 demonstrare.

405 3030 412 3039 ’
444 3052 959 3118 ‹roceum-eecce·-

202 3549 232 3615 l)
249 3544 272 3600 B
290 3545 362 3598 init.
383 3575 411 3587 -
432 3546 464 3613 2)
482 3543 545 3598 GFP
562 3545 706 3598 candens
724 3546 938 3611 lectuna-3)
956 3545 978 3598 li
996 3544 1045 3598 add
1069 3554 1170 3618 est-
1188 3545 1218 3611 4)

250 3613 363 3670 noue?
380 3617 633 3684 interrogasset.
654 3643 683 3655 -
704 3617 735 3685 5)
753 3615 775 3668 Β
793 3623 979 3666 exustus·
999 3617 1031 3681 6)
1049 3614 1093 3668 EF
1110 3617 1218 3667 inccn-

250 3683 386 3747 darinm3
410 3688 447 3736 sic
464 3683 485 3736 E
503 3693 529 3736 et
547 3687 573 3736 in
590 3683 673 3740 titulo.
692 3715 722 3724 —
736 3685 768 3752 7)
785 3683 827 3737 Fl’
846 3684 948 3736 vellet
970 3684 1074 3738 nollet
1095 3685 1217 3737 conier-

250 3769 306 3874 :lm
324 3752 501 3821 εει-8η
519 3763 571 3806 est
587 3753 777 3820 damnatus,
794 3753 1015 3808 Clidamnatus
1031 3760 1097 3819 est,
1114 3753 1217 3807 Beon-

273 3831 430 3875 emnatus.
1168 3823 1176 3844 ‘
