2594 4302
182 245 242 304 rra
438 219 459 274 ι’
524 243 752 309 ursnmuno
773 245 884 310 noua

531 434 764 500 CAPITULUM
792 437 862 500 VII.
941 457 949 472 ·

232 557 281 617 De
301 573 423 633 eon-pone
444 557 568 616 Domini
587 535 621 617 in
642 559 760 618 adaia
779 559 895 636 furato,
916 560 1000 637 quod
1020 579 1040 620 a
1062 559 1152 623 bobus

507 648 540 703 in
561 662 638 720 apro
653 645 812 722 puditum
833 653 883 707 eat
998 652 1003 663 ‘

239 763 274 823 In
294 762 364 824 villa
385 779 460 839 quae
480 763 603 826 Komele
615 762 632 845 ¹)
656 765 767 842 dicitur,
790 773 875 828 nocte
896 767 974 828 iures
996 767 1146 830 ecclesiam
1165 769 1209 828 in·

173 848 340 928 fringentes,
368 852 441 910 inter
471 858 566 912 cetera
594 855 679 913 etiam
708 855 844 914 scrinium
870 872 936 915 cum
958 872 1076 932 corpore
1096 855 1210 917 Domini

173 935 240 997 iude
266 937 400 996 tulenmt.
422 937 501 1014 :Qui
528 955 593 998 cum
619 939 689 998 nihil
717 939 796 999 aliud
823 943 853 999 in
883 958 917 1001 eo
946 948 1060 1018 praeter
1078 942 1212 1020 reliquias

174 1029 203 1084 ot
229 1023 355 1101 pixidem
384 1041 449 1083 cum
476 1032 656 1086 sacramenta
678 1029 864 1103 reperissent,
895 1027 936 1088 nil
962 1046 1079 1107 prorsus
1108 1029 1144 1090 de
1173 1031 1212 1090 eis

173 1117 320 1188 curantes,
349 1111 469 1170 candem
490 1113 616 1188 pixidem
637 1131 724 1191 super
752 1113 864 1173 sulcum
892 1117 953 1192 agri
981 1116 1066 1177 villae
1090 1117 1211 1194 proximi

171 1205 311 1274 ponentes
340 1199 450 1258 confusi
477 1206 663 1259 recesserunt.
705 1199 793 1260 Mane
822 1219 888 1260 cum
914 1204 1036 1263 rusticus
1064 1199 1211 1284 qmdam2)

172 1301 239 1344 eum
260 1291 353 1345 aratro
376 1293 406 1345 et
425 1285 520 1345 bobus
541 1288 571 1345 in
593 1287 695 1346 eodem
716 1303 785 1364 agro
801 1294 902 1363 ararat,
923 1291 1126 1366 venissentque
1149 1293 1212 1350 ani-

171 1371 259 1432 malia
287 1374 367 1432 iuxta
388 1370 521 1448 pixidem,
542 1379 690 1448 stupentes
698 1368 719 1453 ⁸)
734 1380 880 1434 steterunt.
924 1373 1007 1451 Quos
1029 1394 1095 1436 aum
1115 1383 1212 1438 arator

170 1458 340 1534 stimularet,
361 1476 415 1519 uec
436 1458 636 1534 procederent,
658 1478 734 1519 nunc
756 1461 977 1537 recalcitrando,
997 1480 1074 1524 nunu
1095 1465 1211 1524 exorbi-

170 1545 274 1622 tando,
301 1549 389 1605 iratus
418 1547 472 1605 ait:
507 1546 578 1623 Quis
607 1545 738 1606 diabolus
768 1553 811 1606 est
838 1549 868 1632 ip
895 1548 991 1607 bobus
1019 1546 1102 1608 istis?
1147 1551 1211 1610 Non

67 1629 74 1640 '
104 1623 115 1640 “
170 1635 246 1692 enim
268 1632 343 1694 clare
364 1632 461 1692 videre
481 1638 603 1709 poterat,
625 1635 693 1709 qnia
713 1635 743 1692 in
765 1639 829 1693 ortu
851 1633 907 1693 diei
928 1635 1037 1694 arabat.
1075 1635 1211 1714 Diligen-

169 1722 226 1779 tius
246 1726 344 1780 tamen
365 1721 603 1795 circumspiciens,
626 1719 813 1796 deprehendit
834 1727 900 1779 ante
921 1721 1010 1796 pedes
1030 1723 1121 1782 boum
1136 1725 1211 1801 pixi-

170 1805 250 1882 dem,
279 1813 307 1867 et
335 1809 468 1867 scrinium
498 1806 636 1867 ecelesiae
665 1823 735 1866 suae
756 1809 836 1866 iuxta
857 1807 944 1866 illam.
987 1807 1069 1869 'lune
1092 1825 1210 1870 causam

168 1893 329 1954 rebellionis
350 1909 408 1953 non
429 1895 577 1970 ignorans,
603 1895 735 1953 omnibus
757 1896 786 1952 in
808 1910 877 1971 agro
900 1894 1037 1971 dimissis,
1058 1895 1089 1954 in
1110 1897 1209 1956 villam

168 1977 365 2060 recucurritl),
395 1987 455 2039 tam
483 1980 627 2040 sacerdoti
654 1997 741 2056 quam
763 1981 865 2064 ceteris
887 1998 962 2056 quae
984 1987 1050 2041 acta
1071 1989 1142 2044 sunt
1163 2001 1209 2044 re·

165 2067 269 2129 tereus.
323 2067 404 2126 Tunc
440 2084 539 2126 omnes
578 2067 663 2126 simul
697 2069 726 2126 iu
762 2085 863 2144 agrum
900 2066 1104 2128 descendentes
1144 2087 1208 2131 cum

168 2172 260 2230 eruce,
273 2153 418 2215 thuribulo
433 2161 461 2213 et
476 2155 573 2228 cereis,
587 2170 690 2230 corpus
700 2154 885 2228 quinicum
898 2155 929 2213 in
943 2154 1095 2215 ecclesiam
1107 2173 1208 2234 repor-

166 2247 308 2303 taverunt.
350 2241 427 2301 Huic
448 2243 623 2316 processioni
643 2240 769 2300 interluit
791 2239 963 2300 Godeiridus
984 2241 1066 2301 Prior
1088 2241 1125 2304 de
1143 2243 1208 2304 Ho-

166 2345 259 2388 venne
268 2325 306 2408 ⁵),
337 2330 386 2404 qui
414 2328 483 2386 mihi
511 2330 566 2386 ista
593 2329 731 2387 recitavit.
775 2327 903 2388 Similem
924 2328 1063 2389 honorem
1086 2331 1113 2389 ei
1136 2333 1207 2390 anirri

166 2415 355 2475 exhibuerrmt
377 2415 412 2473 de
425 2415 523 2491 platea
543 2416 572 2473 in
593 2414 686 2473 lutum
707 2413 916 2489 descendendo,
937 2417 1011 2474 sicut
1032 2431 1079 2476 me
1101 2417 1208 2478 dixisse

164 2502 261 2562 recolo
289 2501 467 2562 distinctione
491 2507 593 2578 quarta
616 2501 740 2577 capitulo
761 2504 948 2578 nonagesimo
970 2508 1084 2563 octavo.
1129 2503 1206 2564 Audi

165 2606 242 2651 nune
264 2587 300 2648 de
321 2589 483 2649 vermiculis
504 2591 629 2648 visiones
651 2590 719 2648 satis
742 2585 882 2668 dignas‘).

518 2774 751 2840 CAPITULUM
776 2777 861 2840 vm.

164 2902 212 2962 De
232 2899 338 3000 mltos
367 2919 445 2978 quae
473 2900 624 2961 nauteam
651 2903 770 2976 conponi
791 2901 950 2961 Dominioo
970 2899 1205 2978 fabricaverunt.

227 3013 333 3102 Mulier
361 3041 503 3119 quaedam
523 3039 599 3100 'eum
627 3056 697 3116 apes
719 3037 824 3099 multas
845 3043 979 3116 nutriret,
1009 3047 1038 3103 et
1058 3039 1125 3101 illae
1147 3057 1204 3101 uon

162 3129 340 3207 proficerent,
360 3131 417 3188 imo
439 3129 546 3205 passim
562 3133 747 3203 morerentur,
769 3144 835 3186 cum
856 3133 956 3188 contra
976 3127 1033 3188 hoc
1046 3127 1203 3190 remedium
1269 3205 1270 3208 Ἴ

163 3218 384 3294 circumquaque
407 3221 563 3291 quaereret,
585 3213 693 3274 dictum
715 3220 760 3274 est
781 3216 807 3273 ei
829 3217 897 3291 quia
918 3217 941 3274 si
964 3231 1067 3293 eorpus
1085 3213 1203 3276 Domini

162 3306 235 3364 inter
255 3303 318 3362 illas
339 3302 463 3377 locaret,
490 3319 558 3361 mox
586 3301 649 3360 lues
677 3302 741 3377 ipsa
769 3308 902 3361 cessaret.
946 3300 1029 3378 Quae
1051 3300 1202 3364 ecelesiam

162 3385 277 3466 adiens,
310 3395 339 3450 et
366 3406 398 3448 se
426 3391 636 3449 communicare
665 3387 739 3448 velle
768 3387 920 3464 simulans,
953 3405 1057 3465 eorpus
1085 3387 1201 3448 Domini

161 3479 297 3554 sumpsit,
319 3475 398 3552 quod
417 3477 514 3536 statim
535 3474 716 3536 asacerdote
737 3475 874 3537 recedens
890 3477 1021 3552 extraxit,
1042 3481 1071 3536 et
1091 3477 1121 3536 in
1141 3491 1200 3536 uno

181 3680 212 3750 1)
229 3678 273 3733 BG
290 3677 436 3732 comeda.
457 3707 487 3718 -
507 3678 539 3746 2)
557 3675 683 3748 qnidam
701 3675 750 3729 add
768 3677 819 3731 BD.
839 3707 869 3719 -
889 3678 921 3743 3)
939 3677 958 3730 Ρ
976 3678 1161 3745 stupentia,
1178 3676 1198 3730 B

230 3747 399 3818 stupendo.
419 3777 451 3788 -
470 3749 502 3816 4)
519 3746 562 3800 ΒΟ
583 3749 732 3800 recurrit.
751 3777 782 3788 —
801 3747 834 3817 5)
851 3745 938 3802 AGDP
955 3747 1096 3802 llovene.
1115 3776 1146 3788 -
1165 3745 1198 3816 6)

231 3820 379 3873 visiones
397 3819 476 3870 satis
494 3816 608 3884 dignas
625 3816 675 3870 add
692 3816 721 3870 B.
1023 3831 1030 3844 ·
