2654 4308
404 239 460 344 nn
480 283 665 346 nrvnusrs
686 281 922 353 vrs1omeus.
1125 282 1185 342 rar

147 423 292 500 miraculi,
320 425 373 483 ait:
406 423 528 484 Sanctus
556 423 686 484 Jacobus
714 422 871 500 Apostolus
900 422 938 482 ab
968 439 1003 482 ea
1029 419 1103 481 hora
1131 440 1190 499 qua

138 512 215 572 huic
224 511 354 588 patibulo
365 528 509 586 appensus
522 527 597 584 sum,
606 527 698 586 usque
710 523 786 570 nunc
800 501 932 569 manibus
947 511 1005 568 suis
1019 509 1190 570 sustentavit

147 615 203 658 me.
245 599 311 658 Non
333 601 451 672 esurivi,
473 615 531 656 non
552 599 641 672 sitivi,
662 598 732 656 nihil
754 596 858 656 doloris
880 598 1039 671 senciaco
1061 613 1189 672 unquam

146 685 249 745 melius
281 685 349 743 milri
365 681 383 763 ι)
412 685 465 742 luit
493 686 624 744 omnibus
653 683 754 744 (liebus
782 687 859 742 vitae
887 698 978 742 meae.
1028 682 1189 760 Statimque

146 775 253 848 pariter
280 771 318 830 ad
346 773 463 831 beatum
490 776 676 848 properantes
704 768 893 846 Apostolum,
925 769 1000 827 filius
1029 775 1062 828 ut
1088 776 1190 831 votum

148 876 233 918 suum
255 858 391 932 solveret,
412 864 494 933 pater
515 865 547 916 ut
567 860 674 934 gratias
695 856 877 932 rependeret,
904 855 1062 916 incolumes
1083 859 1190 917 reversi

148 951 216 1004 suut
243 947 284 1003 in·
301 947 447 1005 civitatem
469 944 689 1004 Traieetensem.
732 945 777 1002 Et
799 949 843 1002 est
868 942 944 1003 idem
971 943 1140 1002 miraculum
1159 944 1190 1003 in

149 1031 251 1092 eadem
273 1034 397 1106 civitate,
419 1033 493 1091 sieut
513 1032 596 1090 nobis
617 1030 896 1091 retulitWilhelmus
917 1028 1075 1089 monachus
1085 1036 1190 1106 noster,

148 1119 255 1196 ibidem
284 1120 452 1192 eanonicus,
483 1117 567 1177 valde
597 1117 709 1177 celebre
735 1124 822 1194 atque
843 1118 1031 1176 notissimum.
1074 1113 1191 1176 NOVI·

149 1205 252 1266 OIUS:
285 1205 435 1280 stupenda
463 1214 530 1287 sunt
558 1221 632 1280 quae
661 1205 739 1264 dicis.
789 1201 1022 1264 MONAGHUS:
1057 1201 1190 1264 Referam

149 1292 201 1351 tibi
222 1291 300 1352 aliud
321 1289 490 1352 miraculum
512 1291 548 1350 de
570 1299 670 1352 sancto
692 1291 805 1352 Thomu
826 1289 977 1367 Apostolo,
998 1306 1063 1351 meo
1084 1289 1189 1350 iudicio

148 1381 241 1439 maius
263 1381 344 1438 isto.¹
776 1413 778 1423 ,
1152 1405 1153 1412 κ

506 1567 738 1631 carmenum
755 1561 837 1628 Lm.
902 1639 904 1644 ,

149 1692 198 1750 Da
212 1689 348 1752 Gerordo
368 1692 460 1749 milita
482 1709 569 1766 quern
590 1690 726 1750 diabolus
748 1691 784 1750 dc
806 1665 922 1750 ecclesio
943 1695 1038 1750 scotti
1061 1691 1191 1750 lbomoc

207 1807 210 1817 ·
246 1782 279 1837 in
298 1779 389 1837 ludio
411 1781 443 1836 io
464 1784 618 1836 momento·
635 1777 788 1838 transtulit
808 1781 841 1836 itt
863 1785 975 1836 mrtem
995 1795 1091 1839 suain.

214 1900 249 1958 In
277 1900 347 1961 vilia
375 1916 449 1975 quae
471 1898 574 1959 dieitur
594 1899 779 1973 Holenbach,
810 1898 892 1958 miles
914 1899 1029 1975 quidam
1051 1901 1192 1964 habitavit

150 1988 265 2046 nomine
280 1986 436 2047 Gerardus.
467 1986 561 2045 Huius
583 1992 702 2061 nepotes
724 1985 819 2045 adhuc
840 1988 948 2060 vivunt,
971 1994 999 2046 et
1020 1989 1068 2046 vix
1089 1988 1192 2064 aliquis

150 2075 180 2131 in
207 2073 308 2133 eadem
330 2077 469 2150 reperitur
489 2073 558 2133 villa
580 2089 666 2148 quem
687 2072 775 2132 lateat
795 2073 963 2132 miraculum
986 2073 1064 2149 quod
1086 2074 1121 2134 de
1141 2073 1191 2136 illo

151 2159 276 2220 dicturus
312 2179 385 2220 sum.
428 2161 485 2220 Hic
513 2166 644 2219 sanctum
665 2159 808 2218 Thomam
829 2156 1003 2235 Apostolum
1011 2158 1031 2240 ²)
1061 2167 1121 2220 tam
1142 2180 1191 2222 ar·
1260 2220 1261 2224 ,

152 2245 252 2306 denter
263 2247 408 2324 diligebat,
429 2253 489 2306 tam
507 2246 668 2323 specialiter
687 2263 761 2322 prae·
779 2248 879 2305 ceteris
900 2249 1007 2306 sancus
1021 2247 1191 2325 honorabat,

151 2340 183 2392 ut
204 2334 274 2394 nulli
294 2337 413 2410 pauperi
433 2335 463 2392 in
483 2333 558 2392 illius
578 2334 694 2400 nomine
715 2335 823 2409 petenti
839 2333 1050 2410 eleemosynam
1064 2343 1191 2412 negaret.

152 2419 247 2480 Multa
267 2427 416 2497 praetcrea
437 2423 550 2497 privata
558 2417 579 2500 ³)
590 2423 714 2494 servitia,
731 2427 764 2480 ut
776 2426 843 2480 sunt
865 2423 1015 2496 orationes,
1035 2423 1141 2482 ieiunia
1162 2432 1191 2484 et
1265 2482 1268 2487 .

150 2509 301 2567 missarum
320 2507 534 2583 celebrationes,
554 2507 594 2566 illi
606 2506 771 2583 impendere
788 2509 945 2567 consuevit.
987 2508 1043 2567 Die
1066 2505 1190 2585 quadam

114 2591 120 2601 “
150 2592 216 2653 Deo
251 2597 431 2671 permittente
467 2597 594 2654 omnium
625 2595 766 2654 bonorum
796 2596 926 2654 inimicus
959 2594 1104 2654 diabolus·
1124 2603 1191 2658 ante

151 2683 255 2742 ostium
277 2680 374 2740 militis
395 2680 527 2756 pulsans,
549 2681 603 2740 sub
625 2682 716 2741 forma
738 2683 768 2741 ct
787 2679 889 2742 habitu
910 2685 1064 2759 peregrini,
1084 2685 1114 2741 in
1135 2701 1191 2744 no-

150 2770 227 2827 mine
257 2770 349 2827 sancti
369 2767 499 2827 Thomas
519 2768 675 2843 hospitium
695 2770 804 2844 petivit.
848 2768 916 2844 Quo
936 2769 989 2828 sub
1013 2772 1090 2828 omni
1109 2769 1191 2830 festi-

150 2856 266 2913 natione
287 2857 457 2928 intromisso,
480 2871 545 2914 cum
568 2862 643 2914 esset
663 2855 762 2931 frigus,
782 2862 811 2914 et
830 2855 878 2914 ille
900 2872 932 2914 sa
953 2855 1049 2932 algere
1071 2857 1191 2918 simula-

151 2946 209 3013 ret,
239 2939 384 2999 Gerendus
406 2957 528 3016 oappam
550 2958 632 3000 suam
653 2940 818 3022 furrata'mt)
840 2942 947 3002 bonam
968 2945 1051 3018 satis,
1080 2953 1191 3018 quase

151 3031 261 3103 tegeret
273 3029 335 3086 iens
357 3028 493 3102 cubitum,
514 3031 676 3086 transmisit.
719 3027 807 3089 Mane
828 3031 897 3088 v'ero
920 3045 986 3088 cum
1007 3031 1031 3088 is
1054 3032 1103 3106 qui
1123 3048 1191 3106 per-

151 3115 266 3191 egrinus
298 3112 465 3187 videbatur,
503 3130 562 3173 nou
594 3121 762 3190 appareret,
797 3121 826 3174 et
855 3133 947 3192 cappa
975 3120 1107 3192 quaesita
1132 3134 1191 3178 non

120 3253 121 3256 ,
150 3201 252 3260 suisset
279 3202 411 3274 inventa,
451 3217 523 3259 uxor
562 3203 664 3261 marito
697 3203 771 3262 irata
799 3204 855 3261 ait:
891 3202 986 3278 Saepe
1015 3203 1053 3263 ab
1082 3203 1185 3264 huius-

141 3287 229 3349 ·morli
249 3289 370 3346 trutanis
390 3286 489 3345 illusus
511 3289 593 3362 estis,
615 3293 644 3346 et
665 3287 763 3346 adhue
782 3305 801 3346 a
822 3291 1067 3365 superstitionibus
1089 3294 1192 3351 vestris

149 3393 209 3435 non
223 3377 350 3434 cessatis.
393 3372 447 3433 Cui
460 3374 506 3434 illc
520 3373 672 3450 tranquillo
695 3375 790 3433 animo
812 3375 967 3452 respondit
986 3375 1052 3435 Noli
1074 3379 1191 3454 turbari,

150 3463 224 3522 bene
241 3463 371 3522 restituet
391 3461 551 3520 nobishoc
573 3461 709 3520 damnum
731 3467 846 3532 sanctus
864 3461 1001 3522 Thomas.
1029 3463 1111 3525 Haec
1134 3468 1194 3542 egit

111 3599 120 3613 „
150 3549 283 3610 diabolus
296 3555 329 3607 ut
343 3548 462 3607 militem
482 3564 534 3623 per
554 3548 691 3608 damnum
712 3557 821 3624 cappae
843 3549 880 3610 ad
894 3552 1100 3625 impatientiam
1120 3559 1192 3628 pro·-

150 3641 284 3711 vocaret,
316 3642 345 3696 et
372 3634 505 3712 Apostoli
537 3635 717 3696 wachonem
744 3637 775 3694 in
804 3637 864 3696 eius
893 3635 978 3698 corde
1007 3639 1192 3715 extingueret.

170 3801 364 3872 nitemini
392 3804 516 3856 melius.
541 3833 573 3844 -
598 3803 630 3872 2)
653 3760 847 3870 Apostolum
869 3820 910 3859 orn
933 3803 962 3860 C.
988 3834 1018 3844 -
1042 3805 1074 3873 3)
1098 3803 1119 3857 C
1142 3804 1192 3856 adri

220 3872 312 3980 b⁰¹¹,⁸‘
331 3903 364 3914 -
381 3875 414 3944 4)
431 3874 457 3926 id
475 3882 523 3941 est,
541 3871 694 3944 pellitam.C
714 3871 860 3928 loretum.
