2538 4314
388 273 443 334 DE
462 262 742 336 'conuusslottu
846 281 917 315 '¹
1025 276 1084 336 149

89 411 153 469 quem
169 394 232 455 inire
250 395 304 456 hoc
327 397 554 473 quinquennium
575 396 706 458 dominus
727 397 911 458 Innocentius
933 396 1016 473 Papa
1036 396 1086 458 tali

88 481 151 542 nodo
167 481 362 544 determinavit

375 775 608 838 CAPITULUM
628 773 765 838 XXXH.

112 915 149 973 ilc
166 917 313 990 monacho,
336 920 390 992 qui
410 921 473 976 eine
494 917 645 976 ordinibus
667 917 832 990 celebravit,
854 924 883 976 et
904 917 986 992 qood
1006 885 1042 978 ea·

145 1007 278 1062 scatentia
297 1003 465 1062 Innocentic'
485 1005 593 1078 Papae
614 1006 700 1063 diceet
728 1003 889 1081 consessori
910 1005 999 1062 toton

262 1090 406 1165 prodere,
428 1093 454 1149 at
473 1091 603 1150 nolucrit
622 1093 705 1150 ultro
726 1091 864 1167 cotrfitcrd

125 1258 154 1316 In
172 1259 252 1320 domo
275 1262 403 1337 quadam
436 1263 541 1322 ordinis
564 1261 756 1323 Cisterciensis
782 1262 941 1322 monachus
969 1261 1085 1338 quidam

77 1345 122 1403 sinc
138 1346 273 1407 ordinibus
295 1349 462 1408 celebravit.
504 1348 571 1412 Hoc
593 1367 658 1409 cum
680 1349 725 1408 dic
748 1349 874 1425 quadam
895 1349 1005 1416 Abbati
1031 1366 1083 1408 suo

76 1431 191 1492 emisset
216 1437 244 1493 in
273 1436 466 1511 confessione,
496 1453 550 1496 nec
578 1442 675 1495 mmeu
704 1453 816 1496 cessare
845 1435 933 1496 vellet
959 1454 977 1495 a
1004 1443 1085 1496 tunm

74 1523 266 1598 praesumtione,
286 1521 392 1582 Abbas
414 1521 514 1581 dolens
537 1539 575 1582 ec
602 1523 770 1599 lacrimans,
797 1529 831 1581 ut
859 1540 878 1582 a
905 1521 1085 1598 blasphemia

73 1610 119 1663 um
136 1623 233 1683 magua
254 1603 414 1685 desisteret,
435 1612 570 1668 miserum
591 1612 710 1687 rogavit,
731 1611 841 1669 monuit
853 1606 869 1689 ¹)
893 1615 921 1670 et
930 1612 1085 1686 praecepit,

72 1691 180 1752 sednon
199 1696 327 1770 proiecit.
371 1695 425 1754 Ille
448 1713 515 1754 vero
536 1699 638 1756 timeus
660 1700 767 1772 notari,
799 1698 824 1755 si
846 1701 985 1771 cessaret,
1007 1696 1084 1756 cele-

73 1777 148 1836 brarit
165 1786 196 1839 ut
215 1785 302 1858 prius.
346 1781 535 1858 Insequenti
564 1783 695 1858 uspiano
723 1782 850 1860 generali
869 1782 981 1854 ¹Abbas
1007 1782 1085 1843 idem

71 1870 195 1940 proposuit
215 1886 316 1928 casum
340 1865 511 1948 eundem2),
542 1871 718 1946 interrogans
740 1869 809 1946 quid
830 1869 992 1930 iaciendum
1013 1870 1086 1928 foret

71 1952 209 2030 consessori,
229 1959 255 2015 si
275 1956 349 2015 torte
372 1955 429 2014 tale
450 1955 520 2031 ,quid
541 1959 571 2014 in
592 1957 689 2031 aliqua
702 1956 786 2016 domo
802 1963 966 2034 emergeret.
995 1955 1085 2014 Cum·

70 2055 113 2112 que
133 2039 256 2102 dominus
278 2042 475 2102 Cistereisnsis
496 2045 556 2116 sive
579 2045 664 2102 ceteri
675 2041 808 2104 Abbates
830 2060 915 2118 super
937 2043 993 2102 boc
1016 2041 1086 2101 nihil

70 2123 336 2202 auderentdiffinire,
360 2146 458 2188 casum
480 2133 652 2206 scripserunt
660 2127 681 2209 ³)
704 2130 870 2190 Irmoccntio
885 2131 993 2206 Papae.
1030 2128 1086 2204 Qui

69 2227 210 2274 convocans
233 2215 402 2275 cardinales
423 2218 556 2292 virosque
577 2217 719 2292 literatos,
741 2234 841 2276 casum
863 2221 903 2276 eis
924 2218 1085 2293 proposuit,

69 2301 169 2375 etquid
189 2302 224 2362 de
246 2303 304 2362 hoc
326 2303 472 2378 sentirent,
494 2321 512 2362 e
533 2304 651 2381 singulis
673 2307 827 2380 requisivit.
861 2303 1002 2364 Omnibus
1011 2318 1085 2379 pene

67 2386 156 2446 inboc
176 2389 433 2464 consentientibus,
463 2390 541 2465 quod
569 2392 707 2450 consessio
740 2408 798 2450 non
827 2398 903 2450 esset
922 2391 1085 2467 prodenda,

68 2475 207 2549 respoudit:
232 2477 297 2553 Ego
328 2476 393 2535 dieo
424 2478 631 2537 consessionem
659 2480 689 2536 in
717 2478 768 2537 tali
790 2478 909 2537 artioqu
932 2495 995 2537 esse
1016 2493 1085 2552 pro-

68 2557 190 2638 dendam,
212 2567 280 2640 quia
301 2563 368 2626 tatis
391 2563 529 2623 confessio
550 2581 609 2623 nou
630 2571 675 2623 cst
696 2565 852 2639 consessio,
874 2565 925 2623 sed
946 2564 1085 2639 blasphe-

67 2647 125 2725 mia3
151 2667 203 2710 nec
231 2650 321 2711 debet
354 2651 499 2709 confessor
530 2651 739 2727 blasphemiam
760 2658 869 2711 antam
890 2669 926 2711 ac
946 2653 1086 2710 irmanmm

68 2733 157 2810 celare,
183 2755 234 2813 per
256 2753 348 2812 quam
369 2736 527 2812 periculum
547 2739 711 2798 incumbere
732 2741 837 2814 poterit
858 2741 910 2797 toti
930 2737 1085 2798 Ecclesiae.

67 2816 95 2876 Et
111 2822 212 2896 placuit
232 2820 411 2904 sententiat)
434 2826 572 2883 omnibus.
615 2824 791 2901 Scripsitque
813 2828 943 2900 sequenti
954 2822 974 2905 ⁵)
998 2825 1086 2900 Cepi-

68 2905 247 2986 tuloqueris
269 2928 302 2970 sc
324 2909 418 2969 tuerat
439 2911 656 2970 determinatum
679 2918 708 2970 et
728 2912 956 2971 eCerdinalibus
978 2909 1086 2986 appro-

67 2989 154 3056 batum.
195 2999 259 3058 Nee
285 2997 376 3056 debes
398 2996 543 3073 dubitare,
573 3001 641 3073 quin
670 2998 846 3058 confessores
874 2999 996 3058 maritum
1024 3004 1086 3057 tor-

68 3091 198 3163 queantur,
228 3103 298 3146 cum
328 3083 386 3143 talc
415 3073 482 3159 quid
511 3085 665 3159 audierint,
698 3084 776 3160 quod
803 3086 857 3145 soli
885 3093 999 3161 portare
1028 3101 1086 3143 uon

68 3179 170 3238 possunt
966 3203 969 3208 ·

84 3561 335 3628 bannimus
362 3565 508 3618 miserum
534 3567 677 3636 rogavit,
703 3574 735 3617 ut
762 3580 776 3616 a
803 3563 864 3616 tuli
887 3562 1086 3633 blasphemia

122 3633 368 3698 desistereteet
385 3639 512 3690 monuit.
531 3635 602 3690 coni.
620 3635 662 3700 tv,
681 3635 722 3686 11.
741 3665 774 3674 -
792 3634 825 3701 2)
843 3634 863 3686 O
880 3649 986 3686 cesum
1010 3649 1087 3684 eun·

124 3703 184 3758 dem
206 3705 445 3775 proposuit*-
469 3707 500 3775 3)
519 3705 539 3759 (i
555 3704 605 3757 add
622 3705 759 3758 domino.
779 3733 810 3744 -·
829 3705 862 3770 4]
880 3705 899 3756 B
919 3705 1086 3756 sententia

124 3776 201 3848 cius,
227 3775 434 3828 Osententia
459 3792 524 3829 suu.
548 3805 580 3816 —
608 3777 639 3844 5]
662 3775 681 3826 P
709 3775 862 3842 sequenti
886 3787 983 3834 anno,
1009 3771 1029 3822 C
1055 3772 1085 3821 in

125 3847 269 3916 sequenti
293 3859 386 3896 anuo.
996 3867 998 3870 ·
