2642 4330
439 295 494 356 DE
521 293 792 357 DAEMONIBUS.
1073 299 1133 355 31¹1

298 461 302 486 ¹
352 540 356 552 ⁵
417 469 649 534 casnmuu
670 469 817 531 mrum.

127 590 179 652 De
200 588 346 652 Atbevonc
367 608 516 666 convoco,
542 597 594 670 qui
616 592 767 652 diabolum
789 591 914 651 vidntdo
936 590 1104 667 infirmatae

283 685 331 752 cot,
354 685 382 738 et
403 697 480 755 quoe
501 683 539 740 ott
560 684 639 739 ratio
662 680 790 739 eiusdem
812 678 949 754 defectus.

161 816 272 876 Albero
287 834 442 879 conversus
463 825 560 878 noster
582 836 648 877 oum
662 821 792 879 novicius
810 823 892 890 esset,
916 824 944 876 et
964 823 1049 877 nocte
1063 835 1137 892 qua·

92 905 164 964 dam
186 922 254 964 cum
282 904 337 966 alio
368 923 506 965 converso
528 914 645 982 propter
666 909 781 966 timores
803 911 956 965 nocturnos
970 901 986 984 ¹)
1008 907 1037 961 in
1059 905 1138 964 curia

92 991 246 1069 vigilaret,
279 999 345 1051 ante
367 994 449 1068 signa
473 993 652 1052 matutinalia
680 994 818 1053 ambitum
848 991 963 1051 claustri
992 993 1139 1066 circuiens,

92 1081 179 1155 quasi
207 1080 340 1137 umbram
369 1079 524 1138 humanam
554 1077 663 1138 emimls
684 1082 764 1138 iuxta
785 1079 958 1138 lavatorium
980 1079 1136 1152 conspexit.

91 1165 264 1224 Aestimans
286 1169 355 1240 quia
366 1165 451 1225 irater
464 1166 634 1226 Fredericus
650 1174 725 1226 esset
737 1165 895 1232 monachus
910 1171 1015 1240 noster,
1036 1180 1139 1224 acces·

92 1255 133 1312 sit
152 1255 283 1328 propius,
303 1253 404 1312 volens
426 1255 452 1312 ei
465 1256 590 1327 inruere,
612 1260 645 1312 ut
664 1256 718 1312 iret
730 1253 891 1313 dormitum.
933 1251 972 1311 Et
994 1254 1061 1328 quia
1082 1267 1138 1310 no-

92 1346 179 1400 verat
208 1357 275 1398 eum
303 1357 362 1400 non
390 1357 453 1400 csse
482 1358 570 1402 sanae
591 1343 710 1415 mentis,
738 1340 842 1417 pedem
864 1341 996 1414 retraxit,
1028 1335 1138 1397 abillo

91 1426 171 1486 laedi
193 1429 307 1485 timens.
349 1425 428 1486 Dum
449 1429 490 1486 sic
504 1434 602 1501 staret,
623 1428 727 1489 umbra
747 1429 777 1486 in
799 1427 888 1487 oculis
911 1429 1079 1501 elususque
1101 1422 1140 1484 ad

91 1513 261 1572 tabulatum
283 1513 385 1574 domus
408 1517 503 1574 crevit
547 1514 618 1572 Mox
634 1517 721 1590 signis
736 1515 904 1574 sonantibus
925 1517 954 1572 in
968 1512 1140 1586 dormitorio,

90 1603 249 1676 pistrinum
262 1603 387 1674 intravit,
409 1607 438 1660 ct
451 1603 520 1677 quia
531 1601 662 1661 olibanus
676 1602 831 1675 coquendis
848 1602 971 1676 panibus
983 1616 1140 1674 praepara-

1 1689 2 1696 ’
93 1695 145 1746 tus
160 1695 231 1760 erat,
246 1703 313 1745 mox
328 1693 361 1745 ut
374 1689 476 1764 ignem,
492 1705 577 1763 quem
593 1691 675 1764 quasi
691 1705 742 1764 per
756 1691 892 1766 parietem
906 1689 1028 1748 vitreum
1038 1687 1142 1746 intueri

93 1774 152 1833 sibi
160 1770 182 1854 ²)
205 1776 286 1834 visus
299 1780 352 1848 est,
373 1777 492 1850 aspexit,
513 1775 648 1832 infirmari
665 1777 767 1850 coepit.
797 1775 900 1834 Statim
914 1775 1020 1847 exiens,
1041 1779 1071 1832 et
1084 1773 1139 1832 sub

94 1860 202 1920 arbore
224 1878 256 1918 se
269 1859 419 1935 reclinans,
440 1878 513 1937 pene
537 1868 602 1924 octo
616 1861 716 1920 diebus
738 1863 775 1920 ab
790 1861 839 1919 illa
853 1860 924 1920 hora
945 1863 974 1918 in
992 1865 1073 1918 tanta
1087 1858 1140 1918 de·
1227 1857 1231 1871 '

96 1947 224 2006 lectione
245 1948 298 2005 fuit
320 1947 412 2006 cordis
435 1955 464 2006 et
486 1950 620 2024 corporis,
642 1954 674 2006 ut
695 1966 753 2007 non
774 1953 872 2023 posset
892 1945 1066 2005 manducare
1087 1962 1148 2026 ne-¹

98 2051 158 2110 que
188 2035 289 2093 bibere
317 2051 411 2108 neque
444 2034 575 2094 dormire.
624 2025 824 2094 NOVICIUS:
858 2033 970 2092 Vellem
1002 2035 1142 2092 rationem

97 2124 187 2194 scire,
205 2138 294 2196 quare
314 2120 401 2180 homo
423 2123 485 2181 viso
501 2122 648 2198 daemone,
670 2139 737 2180 mox
758 2125 823 2198 igne
846 2126 999 2196 conspecto
1022 2121 1142 2178 extasim

97 2212 234 2268 incurrat.
285 2206 521 2268 MONACHUS:
553 2209 631 2284 Ignis
660 2209 732 2269 lucis
760 2210 888 2268 minister
920 2213 977 2281 cst,
1009 2205 1142 2265 diabolus

58 2311 61 2322 ·
98 2309 171 2354 vero
192 2297 325 2370 princeps
354 2301 509 2362 etsauetor
531 2297 712 2356 tenebrarum
742 2303 787 2354 est
798 2292 828 2375 ³).
870 2294 935 2352 Lux
958 2300 986 2352 et
1006 2294 1142 2352 tenebrae

99 2375 301 2442 sibi'invicem
322 2385 463 2441 contraria
474 2379 495 2462 ⁴)
518 2389 592 2456 sunt,
615 2385 688 2441 sicut
708 2383 796 2458 frigus
819 2388 847 2440 et
870 2380 954 2456 calor.
990 2379 1021 2438 Si
1043 2397 1141 2458 egres-

99 2487 150 2527 sus
171 2469 258 2527 fueris
282 2468 317 2540 de
340 2469 464 2528 tenebris
486 2472 515 2527 in
536 2469 648 2528 radium
669 2469 753 2543 solis,
775 2469 822 2528 vel
844 2484 1014 2541 econverso,
1036 2484 1072 2525 ex
1092 2485 1141 2526 re·

98 2559 219 2631 pentina
246 2557 405 2614 mutatione
434 2559 512 2614 visus
541 2562 608 2614 tuus
637 2557 768 2614 turbatur
797 2562 826 2614 et
858 2555 962 2616 deficit.
1011 2553 1086 2614 Item
1116 2556 1142 2612 si

98 2661 219 2702 manum
240 2645 325 2701 nimis
347 2643 538 2718 infrigidatam
550 2645 609 2718 igni
623 2642 795 2716 adhibueris,
817 2645 878 2702 sive
900 2642 936 2700 de
956 2643 1022 2716 igne
1045 2647 1141 2700 extra·

100 2737 178 2790 ctam
200 2747 296 2804 aquae
317 2728 428 2806 gelidae
445 2731 623 2809 immerseris
645 2732 818 2789 contrarium
832 2729 1005 2788 elementum
1019 2727 1141 2803 amplius

98 2825 129 2876 te
152 2817 301 2876 cruciabit.
344 2815 420 2892 Quid
447 2834 513 2892 ergo
542 2818 658 2890 mirum,
687 2819 711 2874 si
740 2834 776 2874 ex
798 2818 906 2874 visione
929 2814 1048 2889 diaboli,
1078 2816 1141 2890 qui,

99 2911 132 2962 ut
154 2904 212 2962 dixi
221 2895 230 2976 ,’
257 2905 423 2962 auctorest
443 2905 625 2962 tenebrarum
648 2911 676 2962 et
697 2906 770 2979 ignis
792 2905 913 2976 aeterni,
937 2901 1064 2971 ,hominis
1086 2919 1141 2960 na-

99 2999 166 3049 tura
187 2991 319 3050 turbatur
346 2996 374 3048 et
395 2996 529 3064 terretur,
562 2990 736 3048 contrahitur
765 2996 793 3048 et
816 2988 925 3065 deficit,
959 3005 1024 3046 oum
1045 2989 1141 3064 ignem

99 3078 185 3136 huius
201 3077 302 3135 mundi
322 3076 432 3151 viderit,
455 3079 503 3152 qui
526 3078 640 3135 omnino
656 3079 812 3135 contrarius
835 3082 878 3135 est
899 3078 957 3152 igni
970 3073 1140 3150 gehennae?

97 3165 153 3223 Ille
174 3165 353 3238 tenebrosus,
375 3166 427 3222 iste
450 3164 616 3222 luminosus.
659 3163 784 3220 Multum
806 3163 842 3222 ab
867 3180 900 3222 eo
917 3162 1060 3221 discordat
1080 3168 1141 3220 tam

97 3255 128 3309 in
162 3269 250 3310 sensu
280 3268 367 3326 quam
395 3253 425 3308 in
455 3251 567 3309 effectu.
609 3250 671 3308 Viri
700 3257 795 3308 tamen
827 3251 960 3325 perfecti,
992 3255 1025 3307 ut
1053 3266 1141 3324 supra

97 3339 289 3411 dictumest,
318 3354 404 3413 saepe
434 3337 588 3396 daemones
615 3339 675 3395 sine
703 3344 808 3396 terrore
832 3343 860 3394 et
881 3340 942 3396 sine
964 3353 1065 3394 sensus
1087 3335 1140 3394 dc-

96 3425 222 3485 ieetione
244 3425 352 3482 vident.
394 3422 595 3506 NOVICIUS:
625 3423 656 3482 Si
676 3425 749 3482 visio
773 3423 878 3482 diaboli
900 3431 959 3482 tam
979 3421 1157 3496 periculosa

97 3520 129 3572 et
152 3518 212 3570 tam
233 3513 339 3570 nociva
360 3514 453 3569 estin
473 3511 565 3569 forma
586 3510 728 3583 subiecta,
757 3512 821 3585 quis
849 3509 928 3568 illum
950 3509 1047 3568 videre
1068 3527 1139 3584 pos-

97 3605 146 3660 set
173 3600 203 3656 iu
234 3615 288 3657 sua
300 3594 321 3676 ⁵)
360 3596 484 3658 natura?
534 3595 769 3656 MONAOHUS:
804 3595 912 3656 Oculus
924 3592 945 3676 θ)
986 3595 1140 3672 corporalis

119 3733 153 3800 1)
171 3733 273 3782 timores
286 3733 402 3782 noctumi
419 3731 467 3783 hoc
485 3731 541 3783 loco
554 3740 621 3796 sunt,
638 3740 754 3798 utputo,
772 3732 924 3782 tentationes
940 3728 1087 3782 diabolicae.
1106 3757 1138 3765 -

173 3801 205 3868 2]
222 3802 287 3858 sibi
305 3801 378 3854 abest
395 3817 409 3852 a
426 3803 505 3854 libris.
524 3831 556 3842 -
573 3802 604 3867 3)
622 3810 670 3852 est
687 3818 727 3852 om
745 3800 794 3852 BG.
814 3829 844 3840 -—
857 3801 889 3868 d)
906 3799 926 3852 0
943 3800 1138 3850 contrariae.

175 3901 205 3908 -
224 3873 255 3940 5)
274 3871 294 3924 B
314 3875 456 3939 propria.
475 3901 508 3912 —-
526 3872 559 3939 6)
576 3871 596 3924 G
614 3871 663 3922 add
681 3871 845 3924 humanus.
