<?xml version="1.0" encoding="UTF-8"?>
<!DOCTYPE html PUBLIC "-//W3C//DTD XHTML 1.0 Transitional//EN"
    "http://www.w3.org/TR/xhtml1/DTD/xhtml1-transitional.dtd">
<html xmlns="http://www.w3.org/1999/xhtml" xml:lang="en" lang="en">
 <head>
  <title>
</title>
<meta http-equiv="Content-Type" content="text/html;charset=utf-8" />
  <meta name='ocr-system' content='tesseract 3.04.00' />
  <meta name='ocr-capabilities' content='ocr_page ocr_carea ocr_par ocr_line ocrx_word'/>
</head>
<body>
  <div class='ocr_page' id='page_1' title='image "./caesariiheister05stragoog/caesariiheister05stragoog_0357.png"; bbox 0 0 2642 4330; ppageno 0'>
   <div class='ocr_carea' id='block_1_1' title="bbox 159 277 875 342">
    <p class='ocr_par' dir='ltr' id='par_1_1' title="bbox 159 277 875 342">
     <span class='ocr_line' id='line_1_1' title="bbox 159 277 875 342; baseline 0.003 -4"><span class='ocrx_word' id='word_1_1' title='bbox 159 279 223 339; x_wconf 78' lang='lat' dir='ltr'><strong>eta</strong></span> <span class='ocrx_word' id='word_1_2' title='bbox 483 277 712 341; x_wconf 76' lang='lat' dir='ltr'>DISTINOTIO</span> <span class='ocrx_word' id='word_1_3' title='bbox 740 278 875 342; x_wconf 81' lang='lat' dir='ltr'>SEXTA</span> 
     </span>
    </p>
   </div>
   <div class='ocr_carea' id='block_1_2' title="bbox 151 398 1209 2736">
    <p class='ocr_par' dir='ltr' id='par_1_2' title="bbox 157 398 1203 482">
     <span class='ocr_line' id='line_1_2' title="bbox 157 398 1203 482; baseline 0 -20"><span class='ocrx_word' id='word_1_4' title='bbox 157 402 282 478; x_wconf 83' lang='lat' dir='ltr'><strong>aliquem</strong></span> <span class='ocrx_word' id='word_1_5' title='bbox 298 402 339 461; x_wconf 93' lang='lat' dir='ltr'><strong>irc</strong></span> <span class='ocrx_word' id='word_1_6' title='bbox 354 399 458 473; x_wconf 85' lang='lat' dir='ltr'><strong>debere</strong></span> <span class='ocrx_word' id='word_1_7' title='bbox 470 401 509 460; x_wconf 88' lang='lat' dir='ltr'><strong>ad</strong></span> <span class='ocrx_word' id='word_1_8' title='bbox 521 407 655 477; x_wconf 80' lang='lat' dir='ltr'><strong>eashum,</strong></span> <span class='ocrx_word' id='word_1_9' title='bbox 675 419 826 479; x_wconf 87' lang='lat' dir='ltr'><strong>perquem</strong></span> <span class='ocrx_word' id='word_1_10' title='bbox 840 402 941 462; x_wconf 87' lang='lat' dir='ltr'><strong>saltem</strong></span> <span class='ocrx_word' id='word_1_11' title='bbox 955 418 1065 464; x_wconf 90' lang='lat' dir='ltr'><strong>merces</strong></span> <span class='ocrx_word' id='word_1_12' title='bbox 1077 398 1094 482; x_wconf 90' lang='lat'><strong>¹)</strong></span> <span class='ocrx_word' id='word_1_13' title='bbox 1107 403 1134 463; x_wconf 91' lang='lat' dir='ltr'><strong>ei</strong></span> <span class='ocrx_word' id='word_1_14' title='bbox 1154 404 1203 462; x_wconf 93' lang='lat' dir='ltr'><strong>in-</strong></span> 
     </span>
    </p>

    <p class='ocr_par' dir='ltr' id='par_1_3' title="bbox 151 487 1209 2736">
     <span class='ocr_line' id='line_1_3' title="bbox 156 487 1202 574; baseline 0.001 -25"><span class='ocrx_word' id='word_1_15' title='bbox 156 494 329 562; x_wconf 80' lang='lat' dir='ltr'><strong>notesceret,</strong></span> <span class='ocrx_word' id='word_1_16' title='bbox 356 491 480 547; x_wconf 82' lang='lat' dir='ltr'><strong>maxime</strong></span> <span class='ocrx_word' id='word_1_17' title='bbox 501 487 657 549; x_wconf 87' lang='lat' dir='ltr'><strong>Abbatem.</strong></span> <span class='ocrx_word' id='word_1_18' title='bbox 700 490 757 566; x_wconf 85' lang='lat' dir='ltr'><strong>Qui</strong></span> <span class='ocrx_word' id='word_1_19' title='bbox 786 489 947 574; x_wconf 62' lang='lat' dir='ltr'><strong>respondite</strong></span> <span class='ocrx_word' id='word_1_20' title='bbox 974 489 1038 566; x_wconf 85' lang='lat' dir='ltr'><strong>Ego</strong></span> <span class='ocrx_word' id='word_1_21' title='bbox 1058 507 1117 549; x_wconf 90' lang='lat' dir='ltr'><strong>non</strong></span> <span class='ocrx_word' id='word_1_22' title='bbox 1137 490 1202 566; x_wconf 90' lang='lat' dir='ltr'><strong>ibo,</strong></span> 
     </span>
     <span class='ocr_line' id='line_1_4' title="bbox 157 574 1201 652; baseline 0.001 -17"><span class='ocrx_word' id='word_1_23' title='bbox 157 578 226 652; x_wconf 86' lang='lat' dir='ltr'><strong>quia</strong></span> <span class='ocrx_word' id='word_1_24' title='bbox 246 574 387 640; x_wconf 89' lang='lat' dir='ltr'><strong>monendo</strong></span> <span class='ocrx_word' id='word_1_25' title='bbox 407 575 489 635; x_wconf 91' lang='lat' dir='ltr'><strong>illum</strong></span> <span class='ocrx_word' id='word_1_26' title='bbox 509 574 579 634; x_wconf 86' lang='lat' dir='ltr'>nihil</span> <span class='ocrx_word' id='word_1_27' title='bbox 600 576 780 652; x_wconf 85' lang='lat' dir='ltr'><strong>proficimus,</strong></span> <span class='ocrx_word' id='word_1_28' title='bbox 812 577 863 636; x_wconf 88' lang='lat' dir='ltr'><strong>sed</strong></span> <span class='ocrx_word' id='word_1_29' title='bbox 885 593 981 636; x_wconf 87' lang='lat' dir='ltr'><strong>aerem</strong></span> <span class='ocrx_word' id='word_1_30' title='bbox 1001 576 1201 636; x_wconf 87' lang='lat' dir='ltr'><strong>tantummodo</strong></span> 
     </span>
     <span class='ocr_line' id='line_1_5' title="bbox 157 661 1200 738; baseline 0.001 -17"><span class='ocrx_word' id='word_1_31' title='bbox 157 663 349 722; x_wconf 88' lang='lat' dir='ltr'><strong>verberamus.</strong></span> <span class='ocrx_word' id='word_1_32' title='bbox 392 661 482 721; x_wconf 85' lang='lat' dir='ltr'>Simili</span> <span class='ocrx_word' id='word_1_33' title='bbox 510 662 597 723; x_wconf 90' lang='lat' dir='ltr'><strong>modo</strong></span> <span class='ocrx_word' id='word_1_34' title='bbox 625 670 780 723; x_wconf 82' lang='lat' dir='ltr'><strong>excusante</strong></span> <span class='ocrx_word' id='word_1_35' title='bbox 807 681 839 722; x_wconf 87' lang='lat' dir='ltr'><strong>se</strong></span> <span class='ocrx_word' id='word_1_36' title='bbox 859 663 958 722; x_wconf 85' lang='lat' dir='ltr'><strong>Priore</strong></span> <span class='ocrx_word' id='word_1_37' title='bbox 987 669 1016 722; x_wconf 89' lang='lat' dir='ltr'><strong>et</strong></span> <span class='ocrx_word' id='word_1_38' title='bbox 1044 663 1200 738; x_wconf 89' lang='lat' dir='ltr'><strong>cellerario,</strong></span> 
     </span>
     <span class='ocr_line' id='line_1_6' title="bbox 156 747 1199 824; baseline -0.001 -15"><span class='ocrx_word' id='word_1_39' title='bbox 156 749 303 809; x_wconf 78' lang='lat' dir='ltr'><strong>subiunxit</strong></span> <span class='ocrx_word' id='word_1_40' title='bbox 322 747 437 808; x_wconf 79' lang='lat' dir='ltr'><strong>hbbas:</strong></span> <span class='ocrx_word' id='word_1_41' title='bbox 461 749 549 808; x_wconf 85' lang='lat' dir='ltr'><strong>Estne</strong></span> <span class='ocrx_word' id='word_1_42' title='bbox 570 749 617 808; x_wconf 93' lang='lat' dir='ltr'><strong>hic</strong></span> <span class='ocrx_word' id='word_1_43' title='bbox 631 749 742 824; x_wconf 91' lang='lat' dir='ltr'><strong>aliquis,</strong></span> <span class='ocrx_word' id='word_1_44' title='bbox 765 752 814 824; x_wconf 92' lang='lat' dir='ltr'><strong>qui</strong></span> <span class='ocrx_word' id='word_1_45' title='bbox 835 750 929 810; x_wconf 90' lang='lat' dir='ltr'><strong>adhuc</strong></span> <span class='ocrx_word' id='word_1_46' title='bbox 942 749 1032 808; x_wconf 90' lang='lat' dir='ltr'><strong>semel</strong></span> <span class='ocrx_word' id='word_1_47' title='bbox 1051 752 1092 810; x_wconf 92' lang='lat' dir='ltr'><strong>ire</strong></span> <span class='ocrx_word' id='word_1_48' title='bbox 1106 749 1199 810; x_wconf 79' lang='lat' dir='ltr'><strong>veliti</strong></span> 
     </span>
     <span class='ocr_line' id='line_1_7' title="bbox 156 833 1197 915; baseline 0 -21"><span class='ocrx_word' id='word_1_49' title='bbox 156 835 331 908; x_wconf 77' lang='lat' dir='ltr'><strong>&#39;lacentibus</strong></span> <span class='ocrx_word' id='word_1_50' title='bbox 343 839 460 908; x_wconf 89' lang='lat' dir='ltr'><strong>cunctis,</strong></span> <span class='ocrx_word' id='word_1_51' title='bbox 473 853 547 896; x_wconf 88' lang='lat' dir='ltr'><strong>unus</strong></span> <span class='ocrx_word' id='word_1_52' title='bbox 559 835 694 894; x_wconf 87' lang='lat' dir='ltr'><strong>divinitus</strong></span> <span class='ocrx_word' id='word_1_53' title='bbox 706 840 869 912; x_wconf 88' lang='lat' dir='ltr'><strong>inspiratus,</strong></span> <span class='ocrx_word' id='word_1_54' title='bbox 882 843 993 912; x_wconf 87' lang='lat' dir='ltr'><strong>promte</strong></span> <span class='ocrx_word' id='word_1_55' title='bbox 1001 833 1022 915; x_wconf 90' lang='lat'><strong>²)</strong></span> <span class='ocrx_word' id='word_1_56' title='bbox 1036 837 1197 912; x_wconf 85' lang='lat' dir='ltr'><strong>respondit:</strong></span> 
     </span>
     <span class='ocr_line' id='line_1_8' title="bbox 156 921 1197 998; baseline 0.002 -17"><span class='ocrx_word' id='word_1_57' title='bbox 156 921 318 982; x_wconf 84' lang='lat' dir='ltr'><strong>Monachus</strong></span> <span class='ocrx_word' id='word_1_58' title='bbox 338 921 386 981; x_wconf 89' lang='lat' dir='ltr'><strong>ille</strong></span> <span class='ocrx_word' id='word_1_59' title='bbox 407 922 509 997; x_wconf 87' lang='lat' dir='ltr'><strong>vadat,</strong></span> <span class='ocrx_word' id='word_1_60' title='bbox 537 922 683 982; x_wconf 90' lang='lat' dir='ltr'><strong>hominem</strong></span> <span class='ocrx_word' id='word_1_61' title='bbox 705 941 803 983; x_wconf 87' lang='lat' dir='ltr'><strong>senem</strong></span> <span class='ocrx_word' id='word_1_62' title='bbox 825 941 860 982; x_wconf 93' lang='lat' dir='ltr'><strong>ac</strong></span> <span class='ocrx_word' id='word_1_63' title='bbox 882 923 1120 998; x_wconf 89' lang='lat' dir='ltr'><strong>simplicissimum</strong></span> <span class='ocrx_word' id='word_1_64' title='bbox 1140 940 1197 983; x_wconf 87' lang='lat' dir='ltr'><strong>no-</strong></span> 
     </span>
     <span class='ocr_line' id='line_1_9' title="bbox 155 1009 1198 1086; baseline 0.001 -18"><span class='ocrx_word' id='word_1_65' title='bbox 155 1011 276 1069; x_wconf 89' lang='lat' dir='ltr'><strong>minans.</strong></span> <span class='ocrx_word' id='word_1_66' title='bbox 318 1009 449 1068; x_wconf 89' lang='lat' dir='ltr'><strong>Vocatus</strong></span> <span class='ocrx_word' id='word_1_67' title='bbox 470 1014 516 1069; x_wconf 89' lang='lat' dir='ltr'><strong>est</strong></span> <span class='ocrx_word' id='word_1_68' title='bbox 535 1009 707 1086; x_wconf 75' lang='lat' dir='ltr'><strong>monachus,</strong></span> <span class='ocrx_word' id='word_1_69' title='bbox 729 1012 753 1068; x_wconf 88' lang='lat' dir='ltr'><strong>si</strong></span> <span class='ocrx_word' id='word_1_70' title='bbox 774 1009 982 1072; x_wconf 75' lang='lat' dir='ltr'><strong>travelletad</strong></span> <span class='ocrx_word' id='word_1_71' title='bbox 1005 1016 1129 1069; x_wconf 89' lang='lat' dir='ltr'><strong>castrum</strong></span> <span class='ocrx_word' id='word_1_72' title='bbox 1150 1012 1198 1069; x_wconf 91' lang='lat' dir='ltr'><strong>in·</strong></span> 
     </span>
     <span class='ocr_line' id='line_1_10' title="bbox 156 1095 1209 1173; baseline 0.002 -19"><span class='ocrx_word' id='word_1_73' title='bbox 156 1099 284 1171; x_wconf 88' lang='lat' dir='ltr'><strong>quhitur,</strong></span> <span class='ocrx_word' id='word_1_74' title='bbox 305 1096 411 1170; x_wconf 91' lang='lat' dir='ltr'><strong>obedit,</strong></span> <span class='ocrx_word' id='word_1_75' title='bbox 431 1099 558 1156; x_wconf 88' lang='lat' dir='ltr'><strong>mittitur.</strong></span> <span class='ocrx_word' id='word_1_76' title='bbox 601 1097 746 1173; x_wconf 86' lang='lat' dir='ltr'><strong>Quicum</strong></span> <span class='ocrx_word' id='word_1_77' title='bbox 767 1097 805 1155; x_wconf 90' lang='lat' dir='ltr'><strong>ab</strong></span> <span class='ocrx_word' id='word_1_78' title='bbox 827 1095 945 1157; x_wconf 87' lang='lat' dir='ltr'><strong>Abbate</strong></span> <span class='ocrx_word' id='word_1_79' title='bbox 973 1096 1132 1171; x_wconf 89' lang='lat' dir='ltr'><strong>recederet,</strong></span> <span class='ocrx_word' id='word_1_80' title='bbox 1161 1100 1209 1156; x_wconf 87' lang='lat' dir='ltr'><strong>cx&#39;</strong></span> 
     </span>
     <span class='ocr_line' id='line_1_11' title="bbox 155 1182 1197 1261; baseline 0 -19"><span class='ocrx_word' id='word_1_81' title='bbox 155 1183 246 1242; x_wconf 77' lang='lat' dir='ltr'><strong>murita</strong></span> <span class='ocrx_word' id='word_1_82' title='bbox 267 1182 360 1242; x_wconf 90' lang='lat' dir='ltr'><strong>cordis</strong></span> <span class='ocrx_word' id='word_1_83' title='bbox 382 1185 426 1242; x_wconf 92' lang='lat' dir='ltr'><strong>sui</strong></span> <span class='ocrx_word' id='word_1_84' title='bbox 447 1183 627 1257; x_wconf 83' lang='lat' dir='ltr'><strong>simplicitate</strong></span> <span class='ocrx_word' id='word_1_85' title='bbox 647 1184 769 1244; x_wconf 85' lang='lat' dir='ltr'><strong>verbmn</strong></span> <span class='ocrx_word' id='word_1_86' title='bbox 789 1183 846 1261; x_wconf 91' lang='lat' dir='ltr'><strong>hoe</strong></span> <span class='ocrx_word' id='word_1_87' title='bbox 867 1184 998 1259; x_wconf 90' lang='lat' dir='ltr'><strong>protulit:</strong></span> <span class='ocrx_word' id='word_1_88' title='bbox 1020 1183 1119 1258; x_wconf 88' lang='lat' dir='ltr'><strong>Pater,</strong></span> <span class='ocrx_word' id='word_1_89' title='bbox 1149 1185 1197 1242; x_wconf 93' lang='lat' dir='ltr'><strong>in-</strong></span> 
     </span>
     <span class='ocr_line' id='line_1_12' title="bbox 155 1269 1197 1346; baseline 0 -17"><span class='ocrx_word' id='word_1_90' title='bbox 155 1273 227 1346; x_wconf 89' lang='lat' dir='ltr'><strong>quit,</strong></span> <span class='ocrx_word' id='word_1_91' title='bbox 247 1273 271 1329; x_wconf 92' lang='lat' dir='ltr'><strong>si</strong></span> <span class='ocrx_word' id='word_1_92' title='bbox 293 1270 390 1345; x_wconf 87' lang='lat' dir='ltr'><strong>aliqua</strong></span> <span class='ocrx_word' id='word_1_93' title='bbox 410 1272 502 1344; x_wconf 89' lang='lat' dir='ltr'><strong>portio</strong></span> <span class='ocrx_word' id='word_1_94' title='bbox 524 1270 593 1329; x_wconf 91' lang='lat' dir='ltr'><strong>mihi</strong></span> <span class='ocrx_word' id='word_1_95' title='bbox 614 1271 698 1329; x_wconf 82' lang='lat' dir='ltr'><strong>hierit</strong></span> <span class='ocrx_word' id='word_1_96' title='bbox 718 1273 863 1344; x_wconf 90' lang='lat' dir='ltr'><strong>restituta,</strong></span> <span class='ocrx_word' id='word_1_97' title='bbox 885 1273 1035 1346; x_wconf 84' lang='lat' dir='ltr'><strong>recipiam,</strong></span> <span class='ocrx_word' id='word_1_98' title='bbox 1057 1288 1095 1330; x_wconf 91' lang='lat' dir='ltr'><strong>an</strong></span> <span class='ocrx_word' id='word_1_99' title='bbox 1114 1269 1197 1330; x_wconf 80' lang='lat' dir='ltr'><strong>non?</strong></span> 
     </span>
     <span class='ocr_line' id='line_1_13' title="bbox 155 1354 1197 1437; baseline 0 -20"><span class='ocrx_word' id='word_1_100' title='bbox 155 1357 327 1434; x_wconf 88' lang='lat' dir='ltr'><strong>Respondit:</strong></span> <span class='ocrx_word' id='word_1_101' title='bbox 360 1354 503 1432; x_wconf 88' lang='lat' dir='ltr'><strong>Quicquid</strong></span> <span class='ocrx_word' id='word_1_102' title='bbox 530 1357 669 1418; x_wconf 79' lang='lat' dir='ltr'><strong>rehabere</strong></span> <span class='ocrx_word' id='word_1_103' title='bbox 697 1360 820 1433; x_wconf 90' lang='lat' dir='ltr'><strong>poteris,</strong></span> <span class='ocrx_word' id='word_1_104' title='bbox 851 1359 976 1434; x_wconf 90' lang='lat' dir='ltr'><strong>accipias</strong></span> <span class='ocrx_word' id='word_1_105' title='bbox 988 1354 1010 1437; x_wconf 82' lang='lat'><strong>³)</strong></span> <span class='ocrx_word' id='word_1_106' title='bbox 1031 1359 1061 1414; x_wconf 92' lang='lat' dir='ltr'><strong>in</strong></span> <span class='ocrx_word' id='word_1_107' title='bbox 1081 1359 1197 1417; x_wconf 88' lang='lat' dir='ltr'><strong>nomina</strong></span> 
     </span>
     <span class='ocr_line' id='line_1_14' title="bbox 154 1443 1198 1519; baseline -0.001 -15"><span class='ocrx_word' id='word_1_108' title='bbox 154 1443 280 1504; x_wconf 87' lang='lat' dir='ltr'><strong>Domini.</strong></span> <span class='ocrx_word' id='word_1_109' title='bbox 329 1443 434 1502; x_wconf 89' lang='lat' dir='ltr'><strong>Melius</strong></span> <span class='ocrx_word' id='word_1_110' title='bbox 457 1449 500 1502; x_wconf 88' lang='lat' dir='ltr'><strong>est</strong></span> <span class='ocrx_word' id='word_1_111' title='bbox 531 1443 656 1519; x_wconf 88' lang='lat' dir='ltr'><strong>aliquid,</strong></span> <span class='ocrx_word' id='word_1_112' title='bbox 688 1461 776 1519; x_wconf 89' lang='lat' dir='ltr'><strong>quam</strong></span> <span class='ocrx_word' id='word_1_113' title='bbox 796 1443 875 1502; x_wconf 92' lang='lat' dir='ltr'><strong>nihil.</strong></span> <span class='ocrx_word' id='word_1_114' title='bbox 917 1443 999 1504; x_wconf 87' lang='lat' dir='ltr'><strong>Abiit</strong></span> <span class='ocrx_word' id='word_1_115' title='bbox 1025 1443 1086 1518; x_wconf 91' lang='lat' dir='ltr'><strong>illc,</strong></span> <span class='ocrx_word' id='word_1_116' title='bbox 1117 1445 1198 1503; x_wconf 89' lang='lat' dir='ltr'><strong>venit</strong></span> 
     </span>
     <span class='ocr_line' id='line_1_15' title="bbox 154 1531 1197 1606; baseline -0.001 -15"><span class='ocrx_word' id='word_1_117' title='bbox 154 1531 193 1591; x_wconf 91' lang='lat' dir='ltr'><strong>ad</strong></span> <span class='ocrx_word' id='word_1_118' title='bbox 207 1541 210 1547; x_wconf 86' lang='lat'>&#39;</span> <span class='ocrx_word' id='word_1_119' title='bbox 225 1537 365 1606; x_wconf 89' lang='lat' dir='ltr'><strong>castrum,</strong></span> <span class='ocrx_word' id='word_1_120' title='bbox 396 1532 532 1590; x_wconf 89' lang='lat' dir='ltr'><strong>nuncium</strong></span> <span class='ocrx_word' id='word_1_121' title='bbox 560 1531 685 1591; x_wconf 85' lang='lat' dir='ltr'><strong>Abban&#39;s</strong></span> <span class='ocrx_word' id='word_1_122' title='bbox 714 1537 744 1590; x_wconf 89' lang='lat' dir='ltr'><strong>et</strong></span> <span class='ocrx_word' id='word_1_123' title='bbox 770 1531 887 1590; x_wconf 87' lang='lat' dir='ltr'><strong>fratrum</strong></span> <span class='ocrx_word' id='word_1_124' title='bbox 927 1548 992 1590; x_wconf 92' lang='lat' dir='ltr'><strong>eum</strong></span> <span class='ocrx_word' id='word_1_125' title='bbox 1021 1531 1197 1590; x_wconf 90' lang='lat' dir='ltr'><strong>orationihus</strong></span> 
     </span>
     <span class='ocr_line' id='line_1_16' title="bbox 155 1611 1196 1696; baseline -0.001 -19"><span class='ocrx_word' id='word_1_126' title='bbox 155 1617 285 1678; x_wconf 87' lang='lat' dir='ltr'><strong>deferens</strong></span> <span class='ocrx_word' id='word_1_127' title='bbox 305 1623 436 1695; x_wconf 80' lang='lat' dir='ltr'><strong>tyranno.</strong></span> <span class='ocrx_word' id='word_1_128' title='bbox 478 1617 517 1674; x_wconf 88' lang='lat' dir='ltr'><strong>Et</strong></span> <span class='ocrx_word' id='word_1_129' title='bbox 538 1620 605 1693; x_wconf 89' lang='lat' dir='ltr'><strong>quia</strong></span> <span class='ocrx_word' id='word_1_130' title='bbox 625 1617 790 1693; x_wconf 75' lang='lat' dir='ltr'><strong>simplicitas</strong></span> <span class='ocrx_word' id='word_1_131' title='bbox 810 1620 892 1692; x_wconf 91' lang='lat' dir='ltr'><strong>iusti,</strong></span> <span class='ocrx_word' id='word_1_132' title='bbox 919 1617 1077 1677; x_wconf 89' lang='lat' dir='ltr'><strong>secundum</strong></span> <span class='ocrx_word' id='word_1_133' title='bbox 1089 1611 1196 1696; x_wconf 68' lang='lat' dir='ltr'><strong>Job²),</strong></span> 
     </span>
     <span class='ocr_line' id='line_1_17' title="bbox 154 1704 1197 1782; baseline 0 -18"><span class='ocrx_word' id='word_1_134' title='bbox 154 1704 265 1780; x_wconf 79' lang='lat' dir='ltr'><strong>lampas</strong></span> <span class='ocrx_word' id='word_1_135' title='bbox 294 1710 338 1764; x_wconf 91' lang='lat' dir='ltr'><strong>est</strong></span> <span class='ocrx_word' id='word_1_136' title='bbox 359 1710 504 1764; x_wconf 90' lang='lat' dir='ltr'><strong>contemta</strong></span> <span class='ocrx_word' id='word_1_137' title='bbox 529 1706 560 1764; x_wconf 88' lang='lat' dir='ltr'><strong>iu</strong></span> <span class='ocrx_word' id='word_1_138' title='bbox 588 1705 678 1763; x_wconf 87' lang='lat' dir='ltr'><strong>oeulis</strong></span> <span class='ocrx_word' id='word_1_139' title='bbox 698 1705 854 1779; x_wconf 87' lang='lat' dir='ltr'><strong>malorum,</strong></span> <span class='ocrx_word' id='word_1_140' title='bbox 882 1711 1021 1782; x_wconf 83' lang='lat' dir='ltr'><strong>tyrannus</strong></span> <span class='ocrx_word' id='word_1_141' title='bbox 1049 1719 1197 1764; x_wconf 88' lang='lat' dir='ltr'><strong>sermones</strong></span> 
     </span>
     <span class='ocr_line' id='line_1_18' title="bbox 156 1790 1197 1868; baseline 0 -16"><span class='ocrx_word' id='word_1_142' title='bbox 156 1795 216 1853; x_wconf 72' lang='lat' dir='ltr'><strong>dus</strong></span> <span class='ocrx_word' id='word_1_143' title='bbox 237 1791 446 1867; x_wconf 88' lang='lat' dir='ltr'><strong>parvipendens</strong></span> <span class='ocrx_word' id='word_1_144' title='bbox 469 1796 498 1850; x_wconf 90' lang='lat' dir='ltr'><strong>et</strong></span> <span class='ocrx_word' id='word_1_145' title='bbox 524 1790 642 1850; x_wconf 89' lang='lat' dir='ltr'><strong>irridens</strong></span> <span class='ocrx_word' id='word_1_146' title='bbox 663 1793 716 1850; x_wconf 89' lang='lat' dir='ltr'><strong>ait:</strong></span> <span class='ocrx_word' id='word_1_147' title='bbox 748 1791 887 1865; x_wconf 88' lang='lat' dir='ltr'><strong>Domine,</strong></span> <span class='ocrx_word' id='word_1_148' title='bbox 909 1796 1081 1868; x_wconf 86' lang='lat' dir='ltr'><strong>exspectate,</strong></span> <span class='ocrx_word' id='word_1_149' title='bbox 1103 1791 1197 1852; x_wconf 89' lang='lat' dir='ltr'><strong>donec</strong></span> 
     </span>
     <span class='ocr_line' id='line_1_19' title="bbox 154 1876 1197 1956; baseline 0 -20"><span class='ocrx_word' id='word_1_150' title='bbox 154 1897 276 1956; x_wconf 86' lang='lat' dir='ltr'><strong>pransus</strong></span> <span class='ocrx_word' id='word_1_151' title='bbox 297 1879 413 1954; x_wconf 87' lang='lat' dir='ltr'><strong>fueritis,</strong></span> <span class='ocrx_word' id='word_1_152' title='bbox 435 1884 503 1937; x_wconf 91' lang='lat' dir='ltr'><strong>tune</strong></span> <span class='ocrx_word' id='word_1_153' title='bbox 526 1879 601 1938; x_wconf 90' lang='lat' dir='ltr'><strong>enim</strong></span> <span class='ocrx_word' id='word_1_154' title='bbox 622 1878 841 1953; x_wconf 87' lang='lat' dir='ltr'><strong>respondebitur</strong></span> <span class='ocrx_word' id='word_1_155' title='bbox 861 1879 953 1938; x_wconf 90' lang='lat' dir='ltr'><strong>vobis.</strong></span> <span class='ocrx_word' id='word_1_156' title='bbox 981 1876 1062 1936; x_wconf 90' lang='lat' dir='ltr'><strong>Hora</strong></span> <span class='ocrx_word' id='word_1_157' title='bbox 1083 1877 1197 1952; x_wconf 90' lang='lat' dir='ltr'><strong>prandii</strong></span> 
     </span>
     <span class='ocr_line' id='line_1_20' title="bbox 154 1965 1196 2040; baseline -0.002 -15"><span class='ocrx_word' id='word_1_158' title='bbox 154 1965 192 2026; x_wconf 90' lang='lat' dir='ltr'><strong>ad</strong></span> <span class='ocrx_word' id='word_1_159' title='bbox 220 1982 349 2024; x_wconf 92' lang='lat' dir='ltr'><strong>mensam</strong></span> <span class='ocrx_word' id='word_1_160' title='bbox 379 1982 559 2026; x_wconf 91' lang='lat' dir='ltr'><strong>communem</strong></span> <span class='ocrx_word' id='word_1_161' title='bbox 587 1967 699 2040; x_wconf 91' lang='lat' dir='ltr'><strong>positus</strong></span> <span class='ocrx_word' id='word_1_162' title='bbox 732 1971 790 2039; x_wconf 90' lang='lat' dir='ltr'><strong>cst,</strong></span> <span class='ocrx_word' id='word_1_163' title='bbox 822 1972 851 2025; x_wconf 88' lang='lat' dir='ltr'><strong>et</strong></span> <span class='ocrx_word' id='word_1_164' title='bbox 879 1966 985 2026; x_wconf 87' lang='lat' dir='ltr'><strong>cibaria</strong></span> <span class='ocrx_word' id='word_1_165' title='bbox 1017 1965 1196 2039; x_wconf 91' lang='lat' dir='ltr'><strong>communia,</strong></span> 
     </span>
     <span class='ocr_line' id='line_1_21' title="bbox 154 2049 1196 2126; baseline -0.002 -14"><span class='ocrx_word' id='word_1_166' title='bbox 154 2070 255 2113; x_wconf 90' lang='lat' dir='ltr'><strong>carnes</strong></span> <span class='ocrx_word' id='word_1_167' title='bbox 276 2050 383 2111; x_wconf 89' lang='lat' dir='ltr'><strong>seilicet</strong></span> <span class='ocrx_word' id='word_1_168' title='bbox 409 2054 439 2110; x_wconf 90' lang='lat' dir='ltr'><strong>in</strong></span> <span class='ocrx_word' id='word_1_169' title='bbox 460 2053 537 2111; x_wconf 89' lang='lat' dir='ltr'><strong>bona</strong></span> <span class='ocrx_word' id='word_1_170' title='bbox 559 2054 727 2126; x_wconf 84' lang='lat' dir='ltr'><strong>quantitate,</strong></span> <span class='ocrx_word' id='word_1_171' title='bbox 749 2054 775 2110; x_wconf 90' lang='lat' dir='ltr'><strong>ei</strong></span> <span class='ocrx_word' id='word_1_172' title='bbox 796 2053 869 2111; x_wconf 88' lang='lat' dir='ltr'><strong>sicut</strong></span> <span class='ocrx_word' id='word_1_173' title='bbox 891 2053 991 2110; x_wconf 90' lang='lat' dir='ltr'><strong>ceteris</strong></span> <span class='ocrx_word' id='word_1_174' title='bbox 1012 2049 1078 2110; x_wconf 87' lang='lat' dir='ltr'><strong>sunt</strong></span> <span class='ocrx_word' id='word_1_175' title='bbox 1099 2067 1196 2126; x_wconf 87' lang='lat' dir='ltr'><strong>appo-</strong></span> 
     </span>
     <span class='ocr_line' id='line_1_22' title="bbox 153 2138 1195 2214; baseline -0.003 -15"><span class='ocrx_word' id='word_1_176' title='bbox 153 2143 234 2200; x_wconf 85' lang='lat' dir='ltr'><strong>sitae.</strong></span> <span class='ocrx_word' id='word_1_177' title='bbox 276 2139 329 2198; x_wconf 90' lang='lat' dir='ltr'><strong>Vir</strong></span> <span class='ocrx_word' id='word_1_178' title='bbox 350 2145 465 2197; x_wconf 87' lang='lat' dir='ltr'><strong>sanctus</strong></span> <span class='ocrx_word' id='word_1_179' title='bbox 487 2138 568 2198; x_wconf 87' lang='lat' dir='ltr'><strong>verbi</strong></span> <span class='ocrx_word' id='word_1_180' title='bbox 589 2138 713 2198; x_wconf 88' lang='lat' dir='ltr'><strong>Abbatis</strong></span> <span class='ocrx_word' id='word_1_181' title='bbox 735 2140 779 2196; x_wconf 88' lang='lat' dir='ltr'><strong>sui</strong></span> <span class='ocrx_word' id='word_1_182' title='bbox 800 2140 998 2212; x_wconf 89' lang='lat' dir='ltr'><strong>reminiscens,</strong></span> <span class='ocrx_word' id='word_1_183' title='bbox 1027 2144 1056 2197; x_wconf 90' lang='lat' dir='ltr'><strong>et</strong></span> <span class='ocrx_word' id='word_1_184' title='bbox 1077 2154 1195 2214; x_wconf 90' lang='lat' dir='ltr'><strong>cames,</strong></span> 
     </span>
     <span class='ocr_line' id='line_1_23' title="bbox 154 2224 1196 2303; baseline -0.002 -17"><span class='ocrx_word' id='word_1_185' title='bbox 154 2243 228 2303; x_wconf 90' lang='lat' dir='ltr'><strong>quac</strong></span> <span class='ocrx_word' id='word_1_186' title='bbox 256 2233 318 2284; x_wconf 90' lang='lat' dir='ltr'><strong>tam</strong></span> <span class='ocrx_word' id='word_1_187' title='bbox 344 2225 422 2284; x_wconf 89' lang='lat' dir='ltr'><strong>laute</strong></span> <span class='ocrx_word' id='word_1_188' title='bbox 452 2226 697 2299; x_wconf 89' lang='lat' dir='ltr'><strong>ministrabantur,</strong></span> <span class='ocrx_word' id='word_1_189' title='bbox 726 2224 762 2284; x_wconf 92' lang='lat' dir='ltr'><strong>de</strong></span> <span class='ocrx_word' id='word_1_190' title='bbox 789 2225 941 2300; x_wconf 90' lang='lat' dir='ltr'><strong>pecoribus</strong></span> <span class='ocrx_word' id='word_1_191' title='bbox 963 2227 1125 2284; x_wconf 89' lang='lat' dir='ltr'><strong>monasterii</strong></span> <span class='ocrx_word' id='word_1_192' title='bbox 1146 2228 1196 2284; x_wconf 93' lang='lat' dir='ltr'><strong>sui</strong></span> 
     </span>
     <span class='ocr_line' id='line_1_24' title="bbox 154 2312 1195 2387; baseline -0.004 -13"><span class='ocrx_word' id='word_1_193' title='bbox 154 2330 217 2374; x_wconf 86' lang='lat' dir='ltr'><strong>esse</strong></span> <span class='ocrx_word' id='word_1_194' title='bbox 238 2329 297 2371; x_wconf 89' lang='lat' dir='ltr'><strong>non</strong></span> <span class='ocrx_word' id='word_1_195' title='bbox 319 2312 468 2386; x_wconf 81' lang='lat' dir='ltr'><strong>dubitans,</strong></span> <span class='ocrx_word' id='word_1_196' title='bbox 490 2319 629 2387; x_wconf 90' lang='lat' dir='ltr'><strong>quantum</strong></span> <span class='ocrx_word' id='word_1_197' title='bbox 652 2329 687 2371; x_wconf 87' lang='lat' dir='ltr'><strong>cx</strong></span> <span class='ocrx_word' id='word_1_198' title='bbox 709 2313 841 2371; x_wconf 88' lang='lat' dir='ltr'><strong>carnibus</strong></span> <span class='ocrx_word' id='word_1_199' title='bbox 862 2328 975 2371; x_wconf 89' lang='lat' dir='ltr'><strong>sumere</strong></span> <span class='ocrx_word' id='word_1_200' title='bbox 996 2314 1104 2387; x_wconf 91' lang='lat' dir='ltr'><strong>potuit,</strong></span> <span class='ocrx_word' id='word_1_201' title='bbox 1124 2329 1195 2370; x_wconf 91' lang='lat' dir='ltr'><strong>eum</strong></span> 
     </span>
     <span class='ocr_line' id='line_1_25' title="bbox 154 2397 1196 2474; baseline -0.002 -14"><span class='ocrx_word' id='word_1_202' title='bbox 154 2401 270 2474; x_wconf 90' lang='lat' dir='ltr'><strong>ceteris,</strong></span> <span class='ocrx_word' id='word_1_203' title='bbox 291 2416 327 2458; x_wconf 92' lang='lat' dir='ltr'><strong>ne</strong></span> <span class='ocrx_word' id='word_1_204' title='bbox 349 2398 515 2459; x_wconf 88' lang='lat' dir='ltr'><strong>inobediens</strong></span> <span class='ocrx_word' id='word_1_205' title='bbox 538 2405 633 2474; x_wconf 87' lang='lat' dir='ltr'><strong>esset,</strong></span> <span class='ocrx_word' id='word_1_206' title='bbox 650 2397 843 2458; x_wconf 86' lang='lat' dir='ltr'><strong>manducavit.</strong></span> <span class='ocrx_word' id='word_1_207' title='bbox 870 2398 1028 2460; x_wconf 69' lang='lat' dir='ltr'><strong>,Dominus</strong></span> <span class='ocrx_word' id='word_1_208' title='bbox 1050 2400 1133 2457; x_wconf 80' lang='lat' dir='ltr'><strong>castri</strong></span> <span class='ocrx_word' id='word_1_209' title='bbox 1154 2416 1196 2458; x_wconf 86' lang='lat' dir='ltr'><strong>ex</strong></span> 
     </span>
     <span class='ocr_line' id='line_1_26' title="bbox 153 2485 1197 2563; baseline -0.003 -15"><span class='ocrx_word' id='word_1_210' title='bbox 153 2488 283 2563; x_wconf 90' lang='lat' dir='ltr'><strong>opposito</strong></span> <span class='ocrx_word' id='word_1_211' title='bbox 306 2503 372 2545; x_wconf 92' lang='lat' dir='ltr'><strong>cum</strong></span> <span class='ocrx_word' id='word_1_212' title='bbox 393 2502 482 2544; x_wconf 85' lang='lat' dir='ltr'><strong>uxore</strong></span> <span class='ocrx_word' id='word_1_213' title='bbox 502 2485 643 2561; x_wconf 88' lang='lat' dir='ltr'><strong>residens,</strong></span> <span class='ocrx_word' id='word_1_214' title='bbox 676 2492 705 2544; x_wconf 90' lang='lat' dir='ltr'><strong>et</strong></span> <span class='ocrx_word' id='word_1_215' title='bbox 733 2487 800 2560; x_wconf 92' lang='lat' dir='ltr'><strong>quie</strong></span> <span class='ocrx_word' id='word_1_216' title='bbox 827 2485 985 2546; x_wconf 87' lang='lat' dir='ltr'><strong>monachus</strong></span> <span class='ocrx_word' id='word_1_217' title='bbox 1006 2486 1197 2545; x_wconf 87' lang='lat' dir='ltr'><strong>manducaret</strong></span> 
     </span>
     <span class='ocr_line' id='line_1_27' title="bbox 152 2571 1197 2648; baseline -0.003 -14"><span class='ocrx_word' id='word_1_218' title='bbox 152 2589 268 2648; x_wconf 87' lang='lat' dir='ltr'><strong>earnes,</strong></span> <span class='ocrx_word' id='word_1_219' title='bbox 306 2575 375 2632; x_wconf 89' lang='lat' dir='ltr'><strong>satis</strong></span> <span class='ocrx_word' id='word_1_220' title='bbox 409 2572 605 2647; x_wconf 90' lang='lat' dir='ltr'><strong>considerans,</strong></span> <span class='ocrx_word' id='word_1_221' title='bbox 637 2572 718 2631; x_wconf 89' lang='lat' dir='ltr'><strong>finito</strong></span> <span class='ocrx_word' id='word_1_222' title='bbox 750 2571 868 2648; x_wconf 90' lang='lat' dir='ltr'><strong>prandio</strong></span> <span class='ocrx_word' id='word_1_223' title='bbox 900 2572 1045 2632; x_wconf 87' lang='lat' dir='ltr'><strong>hominem</strong></span> <span class='ocrx_word' id='word_1_224' title='bbox 1075 2574 1197 2631; x_wconf 85' lang='lat' dir='ltr'><strong>vocavit</strong></span> 
     </span>
     <span class='ocr_line' id='line_1_28' title="bbox 151 2658 1195 2736; baseline -0.001 -16"><span class='ocrx_word' id='word_1_225' title='bbox 151 2677 296 2736; x_wconf 90' lang='lat' dir='ltr'><strong>seorsum,</strong></span> <span class='ocrx_word' id='word_1_226' title='bbox 328 2666 357 2718; x_wconf 89' lang='lat' dir='ltr'><strong>et</strong></span> <span class='ocrx_word' id='word_1_227' title='bbox 379 2659 433 2718; x_wconf 89' lang='lat' dir='ltr'><strong>ait:</strong></span> <span class='ocrx_word' id='word_1_228' title='bbox 461 2658 557 2718; x_wconf 89' lang='lat' dir='ltr'><strong>Dicite</strong></span> <span class='ocrx_word' id='word_1_229' title='bbox 578 2659 663 2734; x_wconf 92' lang='lat' dir='ltr'><strong>mihi,</strong></span> <span class='ocrx_word' id='word_1_230' title='bbox 691 2660 767 2718; x_wconf 92' lang='lat' dir='ltr'><strong>bone</strong></span> <span class='ocrx_word' id='word_1_231' title='bbox 789 2658 918 2732; x_wconf 89' lang='lat' dir='ltr'><strong>domine,</strong></span> <span class='ocrx_word' id='word_1_232' title='bbox 939 2658 1013 2718; x_wconf 90' lang='lat' dir='ltr'><strong>solet</strong></span> <span class='ocrx_word' id='word_1_233' title='bbox 1034 2664 1195 2719; x_wconf 87' lang='lat' dir='ltr'><strong>conventus</strong></span> 
     </span>
    </p>
   </div>
   <div class='ocr_carea' id='block_1_3' title="bbox 28 2744 1193 2822">
    <p class='ocr_par' dir='ltr' id='par_1_4' title="bbox 28 2744 1193 2822">
     <span class='ocr_line' id='line_1_29' title="bbox 28 2744 1193 2822; baseline -0.004 -15"><span class='ocrx_word' id='word_1_234' title='bbox 28 2789 34 2796; x_wconf 86' lang='lat'>-</span> <span class='ocrx_word' id='word_1_235' title='bbox 151 2754 248 2807; x_wconf 82' lang='lat' dir='ltr'><strong>vester</strong></span> <span class='ocrx_word' id='word_1_236' title='bbox 281 2745 454 2806; x_wconf 86' lang='lat' dir='ltr'><strong>manducate</strong></span> <span class='ocrx_word' id='word_1_237' title='bbox 487 2744 609 2806; x_wconf 87' lang='lat' dir='ltr'><strong>carnes?</strong></span> <span class='ocrx_word' id='word_1_238' title='bbox 648 2745 851 2822; x_wconf 89' lang='lat' dir='ltr'><strong>Respondente</strong></span> <span class='ocrx_word' id='word_1_239' title='bbox 882 2745 946 2804; x_wconf 90' lang='lat' dir='ltr'><strong>illo:</strong></span> <span class='ocrx_word' id='word_1_240' title='bbox 985 2746 1193 2822; x_wconf 82' lang='lat' dir='ltr'><strong>Nequaquam3</strong></span> 
     </span>
    </p>
   </div>
   <div class='ocr_carea' id='block_1_4' title="bbox 147 2831 1271 3518">
    <p class='ocr_par' dir='ltr' id='par_1_5' title="bbox 151 2831 1218 2999">
     <span class='ocr_line' id='line_1_30' title="bbox 151 2831 1218 2910; baseline -0.001 -16"><span class='ocrx_word' id='word_1_241' title='bbox 151 2833 268 2894; x_wconf 85' lang='lat' dir='ltr'><strong>adiecit:</strong></span> <span class='ocrx_word' id='word_1_242' title='bbox 292 2833 368 2910; x_wconf 87' lang='lat' dir='ltr'><strong>Quid</strong></span> <span class='ocrx_word' id='word_1_243' title='bbox 390 2851 455 2892; x_wconf 90' lang='lat' dir='ltr'><strong>cum</strong></span> <span class='ocrx_word' id='word_1_244' title='bbox 470 2831 596 2892; x_wconf 77' lang='lat' dir='ltr'><strong>exeunti</strong></span> <span class='ocrx_word' id='word_1_245' title='bbox 617 2833 679 2892; x_wconf 90' lang='lat' dir='ltr'><strong>Nec</strong></span> <span class='ocrx_word' id='word_1_246' title='bbox 699 2835 784 2906; x_wconf 90' lang='lat' dir='ltr'><strong>intus,</strong></span> <span class='ocrx_word' id='word_1_247' title='bbox 804 2833 903 2907; x_wconf 86' lang='lat' dir='ltr'><strong>inquit,</strong></span> <span class='ocrx_word' id='word_1_248' title='bbox 924 2849 977 2891; x_wconf 93' lang='lat' dir='ltr'><strong>nec</strong></span> <span class='ocrx_word' id='word_1_249' title='bbox 991 2839 1070 2891; x_wconf 84' lang='lat' dir='ltr'><strong>extra</strong></span> <span class='ocrx_word' id='word_1_250' title='bbox 1092 2848 1218 2893; x_wconf 80' lang='lat' dir='ltr'><strong>cames&#39;</strong></span> 
     </span>
     <span class='ocr_line' id='line_1_31' title="bbox 151 2916 1193 2999; baseline -0.004 -17"><span class='ocrx_word' id='word_1_251' title='bbox 151 2919 311 2982; x_wconf 90' lang='lat' dir='ltr'><strong>comedunt.</strong></span> <span class='ocrx_word' id='word_1_252' title='bbox 354 2920 436 2979; x_wconf 86' lang='lat' dir='ltr'><strong>Tunc</strong></span> <span class='ocrx_word' id='word_1_253' title='bbox 457 2925 609 2997; x_wconf 87' lang='lat' dir='ltr'><strong>tyrannus:</strong></span> <span class='ocrx_word' id='word_1_254' title='bbox 641 2918 679 2977; x_wconf 86' lang='lat' dir='ltr'><strong>Et</strong></span> <span class='ocrx_word' id='word_1_255' title='bbox 701 2935 789 2994; x_wconf 91' lang='lat' dir='ltr'><strong>quare</strong></span> <span class='ocrx_word' id='word_1_256' title='bbox 811 2936 864 2978; x_wconf 90' lang='lat' dir='ltr'><strong>vos</strong></span> <span class='ocrx_word' id='word_1_257' title='bbox 887 2918 1048 2978; x_wconf 87' lang='lat' dir='ltr'><strong>comedistis</strong></span> <span class='ocrx_word' id='word_1_258' title='bbox 1069 2917 1154 2978; x_wconf 91' lang='lat' dir='ltr'><strong>hodie</strong></span> <span class='ocrx_word' id='word_1_259' title='bbox 1169 2916 1193 2999; x_wconf 80' lang='lat'><strong>⁵)</strong></span> 
     </span>
    </p>

    <p class='ocr_par' dir='ltr' id='par_1_6' title="bbox 147 3003 1271 3518">
     <span class='ocr_line' id='line_1_32' title="bbox 148 3003 1271 3082; baseline -0.004 -14"><span class='ocrx_word' id='word_1_260' title='bbox 148 3006 234 3068; x_wconf 77' lang='lat' dir='ltr'><strong>illas?</strong></span> <span class='ocrx_word' id='word_1_261' title='bbox 277 3007 436 3082; x_wconf 86' lang='lat' dir='ltr'><strong>Respondit</strong></span> <span class='ocrx_word' id='word_1_262' title='bbox 456 3006 629 3066; x_wconf 88' lang='lat' dir='ltr'><strong>monachus:</strong></span> <span class='ocrx_word' id='word_1_263' title='bbox 653 3005 726 3064; x_wconf 74' lang='lat' dir='ltr'><strong>(lum</strong></span> <span class='ocrx_word' id='word_1_264' title='bbox 747 3003 849 3064; x_wconf 87' lang='lat' dir='ltr'><strong>Abbas</strong></span> <span class='ocrx_word' id='word_1_265' title='bbox 871 3023 952 3065; x_wconf 87' lang='lat' dir='ltr'><strong>meus</strong></span> <span class='ocrx_word' id='word_1_266' title='bbox 974 3004 1031 3064; x_wconf 91' lang='lat' dir='ltr'><strong>hue</strong></span> <span class='ocrx_word' id='word_1_267' title='bbox 1052 3021 1099 3064; x_wconf 91' lang='lat' dir='ltr'><strong>mc</strong></span> <span class='ocrx_word' id='word_1_268' title='bbox 1119 3007 1194 3064; x_wconf 80' lang='lat' dir='ltr'><strong>mit-</strong></span> <span class='ocrx_word' id='word_1_269' title='bbox 1266 3063 1271 3075; x_wconf 65' lang='grc'><strong>,</strong></span> 
     </span>
     <span class='ocr_line' id='line_1_33' title="bbox 150 3091 1195 3170; baseline -0.003 -16"><span class='ocrx_word' id='word_1_270' title='bbox 150 3101 231 3170; x_wconf 90' lang='lat' dir='ltr'><strong>teret,</strong></span> <span class='ocrx_word' id='word_1_271' title='bbox 252 3096 398 3170; x_wconf 88' lang='lat' dir='ltr'><strong>praecepit</strong></span> <span class='ocrx_word' id='word_1_272' title='bbox 418 3093 497 3168; x_wconf 92' lang='lat' dir='ltr'><strong>mihi,</strong></span> <span class='ocrx_word' id='word_1_273' title='bbox 518 3098 550 3152; x_wconf 90' lang='lat' dir='ltr'><strong>ut</strong></span> <span class='ocrx_word' id='word_1_274' title='bbox 572 3091 707 3168; x_wconf 90' lang='lat' dir='ltr'><strong>quicquid</strong></span> <span class='ocrx_word' id='word_1_275' title='bbox 733 3109 768 3151; x_wconf 88' lang='lat' dir='ltr'><strong>cx</strong></span> <span class='ocrx_word' id='word_1_276' title='bbox 788 3093 940 3168; x_wconf 87' lang='lat' dir='ltr'><strong>pecoribus</strong></span> <span class='ocrx_word' id='word_1_277' title='bbox 962 3092 1099 3152; x_wconf 89' lang='lat' dir='ltr'><strong>rehabere</strong></span> <span class='ocrx_word' id='word_1_278' title='bbox 1119 3108 1195 3167; x_wconf 90' lang='lat' dir='ltr'><strong>pos-</strong></span> 
     </span>
     <span class='ocr_line' id='line_1_34' title="bbox 148 3178 1194 3256; baseline -0.002 -14"><span class='ocrx_word' id='word_1_279' title='bbox 148 3199 218 3256; x_wconf 87' lang='lat' dir='ltr'><strong>sem,</strong></span> <span class='ocrx_word' id='word_1_280' title='bbox 239 3183 370 3256; x_wconf 87' lang='lat' dir='ltr'><strong>accipere</strong></span> <span class='ocrx_word' id='word_1_281' title='bbox 391 3197 449 3240; x_wconf 91' lang='lat' dir='ltr'><strong>non</strong></span> <span class='ocrx_word' id='word_1_282' title='bbox 469 3197 639 3239; x_wconf 90' lang='lat' dir='ltr'><strong>recusarem.</strong></span> <span class='ocrx_word' id='word_1_283' title='bbox 677 3179 716 3238; x_wconf 90' lang='lat' dir='ltr'><strong>Et</strong></span> <span class='ocrx_word' id='word_1_284' title='bbox 738 3181 805 3253; x_wconf 87' lang='lat' dir='ltr'><strong>quia</strong></span> <span class='ocrx_word' id='word_1_285' title='bbox 825 3178 895 3238; x_wconf 91' lang='lat' dir='ltr'><strong>mihi</strong></span> <span class='ocrx_word' id='word_1_286' title='bbox 917 3181 1068 3239; x_wconf 85' lang='lat' dir='ltr'><strong>constabat</strong></span> <span class='ocrx_word' id='word_1_287' title='bbox 1089 3195 1194 3240; x_wconf 90' lang='lat' dir='ltr'><strong>carnes</strong></span> 
     </span>
     <span class='ocr_line' id='line_1_35' title="bbox 148 3265 1194 3346; baseline -0.002 -16"><span class='ocrx_word' id='word_1_288' title='bbox 148 3270 294 3346; x_wconf 88' lang='lat' dir='ltr'><strong>appositas</strong></span> <span class='ocrx_word' id='word_1_289' title='bbox 315 3269 404 3326; x_wconf 83' lang='lat' dir='ltr'><strong>luisse</strong></span> <span class='ocrx_word' id='word_1_290' title='bbox 425 3267 589 3325; x_wconf 90' lang='lat' dir='ltr'><strong>monasterii</strong></span> <span class='ocrx_word' id='word_1_291' title='bbox 610 3268 683 3340; x_wconf 90' lang='lat' dir='ltr'><strong>mei,</strong></span> <span class='ocrx_word' id='word_1_292' title='bbox 711 3268 780 3326; x_wconf 90' lang='lat' dir='ltr'><strong>item</strong></span> <span class='ocrx_word' id='word_1_293' title='bbox 809 3267 875 3340; x_wconf 91' lang='lat' dir='ltr'><strong>quia</strong></span> <span class='ocrx_word' id='word_1_294' title='bbox 904 3268 985 3324; x_wconf 79' lang='lat' dir='ltr'><strong>hmui</strong></span> <span class='ocrx_word' id='word_1_295' title='bbox 1006 3265 1047 3324; x_wconf 93' lang='lat' dir='ltr'><strong>nil</strong></span> <span class='ocrx_word' id='word_1_296' title='bbox 1067 3265 1194 3342; x_wconf 87' lang='lat' dir='ltr'><strong>amplius</strong></span> 
     </span>
     <span class='ocr_line' id='line_1_36' title="bbox 147 3352 1194 3428; baseline -0.002 -14"><span class='ocrx_word' id='word_1_297' title='bbox 147 3356 216 3414; x_wconf 93' lang='lat' dir='ltr'><strong>mihi</strong></span> <span class='ocrx_word' id='word_1_298' title='bbox 235 3356 296 3414; x_wconf 89' lang='lat' dir='ltr'><strong>iore</strong></span> <span class='ocrx_word' id='word_1_299' title='bbox 316 3353 530 3428; x_wconf 87' lang='lat' dir='ltr'><strong>restituendum,</strong></span> <span class='ocrx_word' id='word_1_300' title='bbox 551 3355 606 3412; x_wconf 89' lang='lat' dir='ltr'><strong>nisi</strong></span> <span class='ocrx_word' id='word_1_301' title='bbox 629 3359 768 3428; x_wconf 87' lang='lat' dir='ltr'><strong>quantum</strong></span> <span class='ocrx_word' id='word_1_302' title='bbox 790 3352 925 3412; x_wconf 88' lang='lat' dir='ltr'><strong>dentibus</strong></span> <span class='ocrx_word' id='word_1_303' title='bbox 939 3369 1042 3427; x_wconf 88' lang='lat' dir='ltr'><strong>capere</strong></span> <span class='ocrx_word' id='word_1_304' title='bbox 1063 3369 1194 3428; x_wconf 89' lang='lat' dir='ltr'><strong>possem,</strong></span> 
     </span>
     <span class='ocr_line' id='line_1_37' title="bbox 147 3438 1193 3518; baseline -0.004 -15"><span class='ocrx_word' id='word_1_305' title='bbox 147 3442 258 3504; x_wconf 90' lang='lat' dir='ltr'><strong>comedi</strong></span> <span class='ocrx_word' id='word_1_306' title='bbox 300 3447 416 3518; x_wconf 89' lang='lat' dir='ltr'><strong>propter</strong></span> <span class='ocrx_word' id='word_1_307' title='bbox 451 3439 657 3515; x_wconf 86' lang='lat' dir='ltr'><strong>obedientiam,</strong></span> <span class='ocrx_word' id='word_1_308' title='bbox 696 3457 734 3499; x_wconf 91' lang='lat' dir='ltr'><strong>ne</strong></span> <span class='ocrx_word' id='word_1_309' title='bbox 774 3440 890 3498; x_wconf 91' lang='lat' dir='ltr'><strong>omnino</strong></span> <span class='ocrx_word' id='word_1_310' title='bbox 919 3455 1029 3499; x_wconf 82' lang='lat' dir='ltr'><strong>uacuus</strong></span> <span class='ocrx_word' id='word_1_311' title='bbox 1058 3438 1193 3500; x_wconf 87' lang='lat' dir='ltr'><strong>redirem.</strong></span> 
     </span>
    </p>
   </div>
   <div class='ocr_carea' id='block_1_5' title="bbox 165 3563 1192 3906">
    <p class='ocr_par' dir='ltr' id='par_1_7' title="bbox 165 3563 1192 3906">
     <span class='ocr_line' id='line_1_38' title="bbox 165 3563 1192 3646; baseline 0.002 -19"><span class='ocrx_word' id='word_1_312' title='bbox 165 3577 196 3646; x_wconf 85' lang='lat'><strong>1)</strong></span> <span class='ocrx_word' id='word_1_313' title='bbox 213 3575 263 3627; x_wconf 89' lang='lat' dir='ltr'><strong>hoc</strong></span> <span class='ocrx_word' id='word_1_314' title='bbox 280 3584 328 3638; x_wconf 82' lang='lat' dir='ltr'><strong>est,</strong></span> <span class='ocrx_word' id='word_1_315' title='bbox 345 3591 435 3642; x_wconf 88' lang='lat' dir='ltr'><strong>poena,</strong></span> <span class='ocrx_word' id='word_1_316' title='bbox 452 3563 535 3644; x_wconf 86' lang='lat' dir='ltr'><strong>quam</strong></span> <span class='ocrx_word' id='word_1_317' title='bbox 546 3576 652 3642; x_wconf 86' lang='lat' dir='ltr'><strong>accipiet</strong></span> <span class='ocrx_word' id='word_1_318' title='bbox 670 3590 685 3625; x_wconf 90' lang='lat' dir='ltr'><strong>a</strong></span> <span class='ocrx_word' id='word_1_319' title='bbox 703 3574 756 3627; x_wconf 85' lang='lat' dir='ltr'><strong>Deo</strong></span> <span class='ocrx_word' id='word_1_320' title='bbox 774 3581 879 3640; x_wconf 89' lang='lat' dir='ltr'><strong>propter</strong></span> <span class='ocrx_word' id='word_1_321' title='bbox 896 3589 955 3624; x_wconf 89' lang='lat' dir='ltr'><strong>suas</strong></span> <span class='ocrx_word' id='word_1_322' title='bbox 966 3573 1192 3640; x_wconf 86' lang='lat' dir='ltr'><strong>depraedationes.</strong></span> 
     </span>
     <span class='ocr_line' id='line_1_39' title="bbox 216 3642 1191 3711; baseline 0 -15"><span class='ocrx_word' id='word_1_323' title='bbox 216 3645 265 3697; x_wconf 86' lang='lat' dir='ltr'><strong>Pro</strong></span> <span class='ocrx_word' id='word_1_324' title='bbox 283 3644 397 3696; x_wconf 87' lang='lat' dir='ltr'><strong>saltem</strong></span> <span class='ocrx_word' id='word_1_325' title='bbox 421 3659 544 3696; x_wconf 86' lang='lat' dir='ltr'><strong>merces</strong></span> <span class='ocrx_word' id='word_1_326' title='bbox 568 3659 656 3696; x_wconf 87' lang='lat' dir='ltr'><strong>omnes</strong></span> <span class='ocrx_word' id='word_1_327' title='bbox 679 3642 737 3694; x_wconf 88' lang='lat' dir='ltr'><strong>libri</strong></span> <span class='ocrx_word' id='word_1_328' title='bbox 754 3643 849 3694; x_wconf 85' lang='lat' dir='ltr'><strong>hahent</strong></span> <span class='ocrx_word' id='word_1_329' title='bbox 867 3645 928 3694; x_wconf 87' lang='lat' dir='ltr'><strong>satis</strong></span> <span class='ocrx_word' id='word_1_330' title='bbox 946 3647 1046 3711; x_wconf 86' lang='lat' dir='ltr'><strong>inepte:</strong></span> <span class='ocrx_word' id='word_1_331' title='bbox 1074 3642 1191 3696; x_wconf 87' lang='lat' dir='ltr'><strong>saltem</strong></span> 
     </span>
     <span class='ocr_line' id='line_1_40' title="bbox 215 3713 1189 3781; baseline -0.002 -15"><span class='ocrx_word' id='word_1_332' title='bbox 215 3730 275 3767; x_wconf 87' lang='lat' dir='ltr'><strong>res.</strong></span> <span class='ocrx_word' id='word_1_333' title='bbox 295 3743 326 3753; x_wconf 94' lang='lat'><em>-</em></span> <span class='ocrx_word' id='word_1_334' title='bbox 345 3714 378 3781; x_wconf 84' lang='lat'><strong>2)</strong></span> <span class='ocrx_word' id='word_1_335' title='bbox 394 3714 479 3766; x_wconf 78' lang='lat' dir='ltr'><strong>AGDP</strong></span> <span class='ocrx_word' id='word_1_336' title='bbox 496 3717 644 3780; x_wconf 77' lang='lat' dir='ltr'><strong>yronica.</strong></span> <span class='ocrx_word' id='word_1_337' title='bbox 663 3743 694 3754; x_wconf 95' lang='lat'>-</span> <span class='ocrx_word' id='word_1_338' title='bbox 714 3713 779 3779; x_wconf 81' lang='lat' dir='ltr'><strong>3)o</strong></span> <span class='ocrx_word' id='word_1_339' title='bbox 797 3715 962 3778; x_wconf 84' lang='lat' dir='ltr'><strong>potueris,</strong></span> <span class='ocrx_word' id='word_1_340' title='bbox 979 3713 1133 3780; x_wconf 84' lang='lat' dir='ltr'><strong>recipias.</strong></span> <span class='ocrx_word' id='word_1_341' title='bbox 1155 3741 1189 3754; x_wconf 93' lang='lat'><em>-</em></span> 
     </span>
     <span class='ocr_line' id='line_1_41' title="bbox 216 3780 1190 3853; baseline -0.001 -17"><span class='ocrx_word' id='word_1_342' title='bbox 216 3785 249 3851; x_wconf 82' lang='grc'><strong>4)</strong></span> <span class='ocrx_word' id='word_1_343' title='bbox 259 3782 307 3835; x_wconf 86' lang='lat' dir='ltr'><strong>leh</strong></span> <span class='ocrx_word' id='word_1_344' title='bbox 322 3784 363 3849; x_wconf 84' lang='lat'><strong>12,</strong></span> <span class='ocrx_word' id='word_1_345' title='bbox 380 3786 405 3837; x_wconf 85' lang='grc'><strong>4.</strong></span> <span class='ocrx_word' id='word_1_346' title='bbox 415 3783 555 3853; x_wconf 83' lang='grc' dir='ltr'>5.-5)Β</span> <span class='ocrx_word' id='word_1_347' title='bbox 571 3784 669 3836; x_wconf 90' lang='lat' dir='ltr'><strong>hodie</strong></span> <span class='ocrx_word' id='word_1_348' title='bbox 686 3781 927 3849; x_wconf 79' lang='lat' dir='ltr'><strong>comedistis,0</strong></span> <span class='ocrx_word' id='word_1_349' title='bbox 943 3782 1043 3836; x_wconf 91' lang='lat' dir='ltr'><strong>hodie</strong></span> <span class='ocrx_word' id='word_1_350' title='bbox 1060 3780 1190 3836; x_wconf 88' lang='lat' dir='ltr'><strong>maudu-</strong></span> 
     </span>
     <span class='ocr_line' id='line_1_42' title="bbox 221 3855 330 3906; baseline 0.009 0"><span class='ocrx_word' id='word_1_351' title='bbox 221 3855 330 3906; x_wconf 84' lang='lat' dir='ltr'><strong>castis.</strong></span> 
     </span>
    </p>
   </div>
   <div class='ocr_carea' id='block_1_6' title="bbox 0 0 1326 4330">
    <p class='ocr_par' dir='ltr' id='par_1_8' title="bbox 0 0 1326 4330">
     <span class='ocr_line' id='line_1_43' title="bbox 0 0 1326 4330; baseline 0 2"><span class='ocrx_word' id='word_1_352' title='bbox 0 0 1326 4330; x_wconf 95' lang='lat' dir='ltr'><strong> </strong></span> 
     </span>
    </p>
   </div>
  </div>
 </body>
</html>
