2642 4330
184 323 247 390 sco
505 320 735 401 murmurio
764 320 900 383 saxna

186 443 343 504 discessum
348 441 412 503 Rex
425 444 497 502 iram
507 441 653 519 simulans,
667 444 737 502 dixit
750 443 901 502 militibus:
912 443 976 520 Ego
987 444 1132 519 praecipio
1142 444 1226 503 vobis

186 531 241 590 sub
262 531 487 590 interminatione
515 535 625 607 gratiae
646 547 744 606 meae,
772 549 809 590 ne
832 530 868 590 de
890 537 985 590 cetero
1006 537 1137 590 sanctum
1157 529 1227 589 Ab·

185 619 284 677 batem
312 619 398 676 istum
418 619 590 692 inquietetis.
632 617 738 693 Sisque
760 619 868 677 lactum
890 624 948 692 est,
976 623 1009 675 ut
1040 618 1117 678 bona
1150 635 1227 693 quae

185 704 286 764 fraires
315 705 444 763 obtinere
474 721 532 764 non
561 710 694 780 poterant
724 721 776 780 per
801 704 907 764 multas
929 705 1135 780 querimonias,
1162 703 1229 764 sola

187 791 266 868 apud
286 791 397 868 Regem
425 792 565 850 obtineret
586 790 710 851 Abbatis
736 791 911 866 simplicitas.
953 791 992 850 Et
1013 795 1056 850 cst
1076 791 1228 866 impletum

189 880 218 936 in
240 895 275 937 eo
296 878 366 938 illud
387 877 497 954 Moysi:
519 880 605 937 Altus
618 877 769 953 pugnabit
785 896 846 954 pro
866 877 963 950 uobis,
993 885 1021 938 et
1041 895 1093 937 uos
1116 877 1227 936 tacebi-

190 968 226 1024 tis
239 963 267 1042 ¹).
289 964 362 1024 Aliis
379 965 429 1023 tibi
446 964 540 1023 adhuc
560 965 710 1024 ostendam
729 964 876 1040 exemplis,
899 964 1013 1040 qualem
1025 962 1122 1024 locum
1134 981 1228 1024 vene-

188 1053 304 1112 rationis
325 1053 354 1110 in
379 1051 465 1111 eorde
484 1051 611 1111 eiusdem
632 1051 721 1127 Regis
742 1055 833 1110 virtus
855 1053 1010 1111 obtinuerit
1029 1051 1228 1128 simplicitatis.

542 1241 776 1302 CAPITULUM
796 1241 884 1300 XHI.

208 1363 285 1424 Item
306 1363 342 1422 dc
364 1363 471 1437 codun,
494 1363 771 1438 quiLuuduncnses
792 1365 909 1424 cimices
930 1363 1145 1423 commendauit
1166 1361 1205 1422 ob

396 1451 552 1525 simplicem
574 1452 655 1510 electi
674 1454 722 1509 sui
737 1455 1016 1526 praesentationem

253 1571 395 1647 Tempore
413 1569 538 1646 quodam
558 1572 653 1631 clerici
667 1568 910 1650 Laudunenses²),
931 1559 1075 1646 Episcopo
1096 1585 1154 1656 suo·
1171 1569 1229 1630 de·

187 1660 304 1734 iuncto,
333 1658 476 1733 quendam
505 1675 541 1717 ex
569 1661 628 1717 suis
655 1651 790 1716 fratribus'
815 1661 986 1718 canonicum
1015 1657 1172 1732 simplicem
1197 1661 1228 1716 in

188 1746 364 1822 Episcopum
385 1745 529 1821 eligentes,
550 1746 604 1804 sub
623 1745 668 1804 his
681 1745 776 1803 verbis
792 1745 940 1820 praedicto
953 1745 1028 1821 Regi
1038 1745 1119 1803 illum
1138 1761 1228 1820 prae·

188 1838 388 1894 sentaverunt:
410 1832 543 1907 Domine,
556 1849 609 1891 nos
622 1838 838 1908 praesentamus
848 1833 930 1892 vobis
944 1830 1090 1891 dominum
1100 1831 1229 1890 Emelri-

189 1917 284 1999 cum⁸)
306 1918 429 1978 electum
449 1926 587 1978 nostmm.
629 1918 696 2002 Hoc
714 1920 740 1977 ei
760 1935 864 1977 nomen
888 1925 957 1978 erat.
1000 1917 1081 1994 Rege
1102 1924 1228 1992 tacente,

189 2013 218 2068 et
233 2007 354 2066 formam
364 2006 439 2066 illius
456 2007 692 2082 praesentationis
709 2005 914 2082 considerante,
935 2004 1051 2065 tandem
1065 2005 1227 2080 respondit:

189 2093 283 2170 Quem
304 2095 491 2169 praesentatis
512 2091 602 2151 mihil
630 2088 894 2172 Respondemnt⁴):
914 2092 1074 2152 Dominum
1101 2091 1228 2151 Emelri-

190 2197 264 2240 cum.
306 2180 345 2238 Et
364 2179 442 2238 Rex:
472 2179 567 2239 Vultis
595 2178 703 2254 aliquid
730 2179 795 2254 plus
816 2177 930 2240 dicere?
962 2178 1023 2238 Illis
1044 2179 1226 2254 timentibus,

189 2284 226 2326 ne
253 2268 326 2327 forte
355 2265 463 2342 aliquid
490 2267 564 2343 Regi
593 2266 754 2341 displiceret
781 2267 810 2324 in
839 2283 977 2342 persona,
1002 2265 1050 2326 vel
1076 2266 1105 2324 in
1126 2265 1226 2325 verbis

188 2355 434 2430 praesentationis,
454 2353 675 2428 responderunt:
696 2352 787 2427 Nihil,
816 2352 937 2412 domine.
980 2353 1062 2412 Tunc
1084 2353 1125 2411 ait
1143 2351 1225 2454 Rex:

188 2441 266 2500 Raro
301 2439 398 2499 audivi
429 2440 516 2499 talem
547 2443 814 2515 praesentationem.
874 2439 995 2515 Quando
1024 2440 1126 2515 aliquis
1154 2439 1226 2498 mrbr

187 2532 386 2603 praesentatur
407 2523 522 2601 electus,
544 2544 648 2585 nomeu
671 2527 815 2602 dignitatis
836 2528 897 2586 eius
919 2528 1082 2601 exprimitur
1103 2527 1140 2585 ab
1162 2526 1226 2586 ele·

189 2614 330 2687 ctoribus,
350 2615 379 2670 in
400 2612 477 2672 huuc
498 2613 627 2672 modum:
649 2613 789 2687 Domine,
817 2631 870 2673 uos
898 2619 1112 2688 praesentamus
1139 2613 1225 2672 vobis
1298 2681 1302 2690 1

188 2699 335 2759 dominum
368 2699 404 2758 N.
425 2699 680 2774 Archidiaeonum,
714 2700 929 2774 Praepositum,
967 2700 1133 2774 Decanum,
1178 2699 1226 2758 vel

188 2785 398 2846 Scholasticum
429 2794 567 2846 nostrum.
609 2787 716 2846 Fateor
735 2787 834 2861 vobis,
867 2789 936 2846 satis
957 2787 1027 2845 mibi
1043 2785 1142 2863 ,placet
1163 2793 1224 2845 tam

186 2874 308 2949 simplex
328 2873 462 2949 simplicis
484 2875 612 2933 canonici
632 2876 833 2948 praesentatis,
855 2873 1009 2932 etidcirco
1031 2889 1123 2950 spero,
1144 2871 1225 2948 quod

187 2959 293 3020 aDeo
325 2962 402 3020 facta
428 2963 464 3019 sit
492 2961 555 3035 ipsa
583 2960 693 3020 electio.
735 2960 833 3020 Nostis
860 2961 981 3035 qualiter
1006 2962 1036 3018 in
1061 2962 1119 3019 iam
1140 2959 1224 3018 dictis

189 3046 374 3124 dignitatibus
389 3046 542 3107 electiones
554 3046 751 3107 celebrentur?
773 3047 804 3106 Si
815 3046 1011 3106 Scholasticus
1023 3053 1074 3121 est,
1091 3063 1194 3106 causas
1203 3041 1222 3124 ⁵)

188 3135 389 3194 canonicorum
417 3152 533 3194 suorum
554 3134 694 3208 fovendo,
724 3139 787 3192 tum
808 3140 923 3208 propter
942 3133 1132 3208 literaturam,
1161 3139 1224 3191 tum
1301 3145 1302 3196 ξ

151 3245 158 3256 ·
186 3226 304 3297 propter
325 3227 519 3295 comparatam
532 3223 692 3296 amicitiam,
714 3221 751 3279 ub
773 3222 841 3296 ipsis
862 3222 891 3278 in
904 3220 1081 3296 Episcopum
1103 3219 1222 3295 eligitur.

186 3305 218 3367 Si
239 3307 375 3366 Decunus
398 3313 455 3382 est,
473 3307 617 3384 hypocrisi
638 3325 691 3366 sua
711 3307 830 3366 fratrum
852 3324 987 3366 excessus
1009 3305 1221 3380 dissimulando,

188 3402 326 3470 cognatos
349 3399 378 3452 et
398 3389 534 3473 amicos⁶)
556 3395 709 3454 introducit
729 3412 748 3453 a
769 3394 873 3469 quibus
891 3393 1067 3454 sublimatur.
1110 3393 1142 3454 Si
1161 3391 1221 3450 Ar-

186 3479 384 3555 chidiaconus,
411 3481 459 3540 vel
486 3481 670 3557 Praepositus
692 3487 751 3555 est,
785 3487 885 3556 utpote
906 3483 950 3540 vir
970 3481 1088 3554 nobilis,
1116 3496 1221 3556 paren-

183 3574 245 3626 tum
272 3569 400 3643 potentia
426 3570 519 3644 magis
546 3568 698 3627 intruditur
729 3585 817 3643 quam
843 3566 963 3644 eligatur
972 3564 1001 3648 ⁷).
1043 3567 1120 3628 Eece
1147 3567 1220 3625 haec

201 3753 232 3822 1)
249 3751 329 3806 Exod.
349 3752 397 3816 14,
415 3754 455 3805 14.
477 3783 507 3793 -
535 3754 568 3819 2)
585 3753 744 3818 laudunum,
769 3752 845 3805 Lacu.
865 3783 896 3793 -
916 3752 947 3820 3)
966 3752 986 3806 B
1011 3752 1219 3810 Amelricum,

252 3831 279 3874 et
296 3822 363 3874 iulra
385 3821 591 3876 Almcricum.
611 3854 642 3864 -
668 3824 701 3892 4)
723 3822 962 3891 responderunt
979 3821 1029 3874 add
1046 3822 1075 3876 G.
1094 3852 1125 3864 -
1148 3819 1218 3890 5)B

251 3908 388 3946 causam.
407 3922 440 3932 -
459 3893 490 3962 6)
508 3893 528 3945 Β
546 3894 667 3946 amicos
685 3908 768 3947 suos.
787 3923 820 3934 -
839 3893 871 3964 7)
889 3891 928 3947 GP
945 3891 1092 3964 cligitur.
