2538 4314
486 221 547 281 DE
569 218 844 282 commorior
1131 217 1190 276 109

120 336 245 411 putride
266 340 403 402 eoelestis
427 360 549 420 semper
566 346 728 421 suspiraret
767 342 834 402 Non
852 338 1008 402 recedebat
1023 337 1059 398 do
1072 338 1193 400 ecelesia

127 425 306 486 beuteeDei
314 432 468 504 genitricis
478 431 717 505 inHildinsheim‚
727 430 904 488 orationibus
915 435 945 486 et
954 429 1065 487 ieiuniis
1075 443 1192 486 reeens.

135 511 226 570 Casu
244 518 370 592 contigit,
391 524 427 576 ut
449 515 557 578 stultus
580 517 696 593 qudem
717 517 837 576 verbum
854 515 983 589 stultum,
1006 531 1040 574 eo
1051 514 1193 588 audiente,

136 600 283 675 proferret
304 601 420 662 disens:
455 605 515 682 Qui
542 605 592 666 hio
618 605 717 664 oculos
744 620 804 662 nou
831 601 937 677 hebet,
965 617 1019 660 neo
1047 603 1077 662 in
1098 601 1193 660 futuro

137 685 276 767 oeulos')
298 687 435 765 hebebit,
464 693 571 768 quibus
592 691 688 751 Deum
710 690 816 751 videet.
859 687 907 749 De
930 706 987 764 quo
1008 689 1098 748 verbo
1131 693 1194 746 tur-

136 775 236 832 batus
256 777 351 852 nimis,
373 777 442 837 dum
464 779 593 854 quotidie
614 783 751 854 gemeret,
770 795 824 836 neo
846 777 1002 836 vorborum
1019 773 1194 834 consolatio-

135 879 219 925 nem
238 865 388 939 reoiperet,
409 883 428 924 a
448 865 547 924 multis
570 866 710 941 culpatus,
731 864 893 939 respondit:
914 863 977 922 Nisi
989 862 1058 920 milri
1072 880 1107 922 ox
1122 862 1194 920 sori-

134 955 301 1024 pturarum
322 954 492 1012 auctoritate
514 955 668 1028 probetur,
699 951 839 1011 consolari
869 968 928 1009 non
956 955 1067 1026 potero.
1111 947 1196 1024 Quod

134 1037 166 1094 ei
192 1036 281 1096 focile
309 1039 427 1113 probari
457 1042 554 1116 potuit
580 1058 598 1098 a
624 1042 691 1098 viris
720 1039 852 1112 literatis,
886 1054 1009 1113 quorum
1036 1038 1079 1095 in·
1095 1034 1197 1094 eadem

132 1123 267 1184 civitate
291 1127 376 1200 eopia
397 1127 462 1185 uit:
501 1125 706 1186 NOVICIUS:
736 1124 888 1201 Quomodo
918 1129 1017 1184 autem
1036 1121 1197 1200 probatur?

129 1208 390 1272 MONAGHUS:
412 1213 550 1273 Salvator
571 1213 639 1273 dicit
660 1213 768 1272 electis:
794 1212 926 1288 Capillus
948 1211 1198 1286 decapiteoeetro

130 1314 206 1356 non
231 1291 346 1375 peribit
359 1297 393 1372 ²).
436 1299 531 1375 Super
559 1317 645 1375 quem
674 1301 769 1359 loourn
798 1299 866 1358 dicit
894 1295 1090 1374 Augustinus:
1118 1297 1199 1357 Perit

129 1391 241 1460 eaput,
266 1387 320 1445 ubi
342 1403 403 1445 non
423 1389 498 1462 perit
520 1386 660 1463 capillus?
703 1385 760 1446 Ubi
782 1403 841 1446 non
861 1388 936 1461 perit
956 1384 1104 1462 palpebra,
1125 1387 1199 1460 perit

131 1471 271 1531 oeulos?
317 1473 412 1549 Quasi
434 1473 557 1549 diceret,
588 1492 656 1533 non.
700 1473 806 1534 Omnes
828 1473 933 1532 mortui
954 1471 1129 1548 integraliter
1149 1489 1199 1532 re·

128 1565 271 1636 surgent
317 1557 436 1640 Mali³),
458 1563 541 1620 utin
563 1562 693 1620 omnibus
714 1563 772 1620 suis
784 1561 920 1620 membris
931 1562 1099 1634 puniuntur,
1121 1559 1199 1634 boni,

129 1652 166 1704 nt
193 1649 226 1706 in
259 1645 406 1706 omnibns
446 1654 670 1707 remunerentur.
718 1647 784 1708 Hoo
812 1663 912 1706 secure
941 1647 1006 1706 dieo
1035 1653 1065 1706 et
1097 1645 1199 1721 oredo,

129 1734 211 1808 quod
235 1737 340 1794 omnis
365 1735 483 1808 homo,
505 1738 565 1794 sive
586 1736 677 1794 iustus
698 1737 748 1809 sit,
770 1737 832 1793 siro
853 1741 1001 1809 peccator,
1030 1734 1104 1792 siin
1127 1750 1200 1792 oon·

125 1823 245 1882 vitione
268 1825 371 1883 etiam
396 1822 521 1882 minima
541 1821 702 1894 decesserit,
721 1822 819 1881 Deum
839 1823 953 1880 visrrrus
974 1823 1020 1879 sit.
1051 1817 1100 1879 Ad
1111 1838 1199 1896 quem

120 1913 270 1971 udonem
296 1927 362 1968 nos
388 1907 553 1984 perducere
574 1909 704 1985 dignetur
723 1909 866 1966 Dominus
887 1914 985 1976 nostor
1004 1903 1093 1966 Jesus
1115 1907 1200 1966 Uirri-

111 2005 184 2077 stus,
209 1996 381 2077 splendor
404 1994 535 2072 gloriae,
561 1999 609 2071 qui
631 2013 697 2055 erun
717 1995 805 2054 Patre
828 2001 857 2054 et
877 1989 984 2070 Spiritu
1006 1999 1107 2053 saneto
1128 1994 1219 2056 vivit‘

104 2097 134 2150 et
153 2094 276 2168 regnat
301 2085 424 2156 Dens,
449 2097 502 2156 per
520 2083 626 2142 infinita
647 2082 763 2142 saecule
780 2082 969 2141 saeculorum.
990 2080 1095 2151 Amen.

110 2279 142 2352 l)
162 2277 308 2334 oeulos
335 2283 394 2323 om
421 2261 626 2338 0.-2)tuc.
646 2269 747 2334 21,18.
768 2298 800 2308 -
819 2268 852 2336 3]
869 2267 890 2320 Β
907 2267 982 2320 muli
1005 2275 1119 2320 notem.
