2654 4308
431 267 486 328 ΒΕ
507 267 665 330 SANCTA
681 269 823 332 MARIA.
1106 273 1144 330 71

105 385 264 464 ducendus,
285 388 399 450 minime
418 388 569 450 dubitavit.
599 391 682 452 Haeo
695 390 711 474 ¹)
734 392 865 453 (lominus
883 389 1028 452 Amoldus
1042 389 1146 454 Abbas
1185 345 1188 360 Ι

104 475 302 536 cisterciensis
323 475 441 537 Treveri
461 480 580 554 positus,
600 479 697 538 multis
720 481 858 555 recitarit,
879 478 986 554 dicens,
1007 481 1148 540 veraciter

103 564 132 620 in
155 561 243 622 domo
264 564 293 622 in
316 577 374 640 qua
395 565 475 640 prius
496 562 601 625 Abbas
622 566 715 626 fuerat
737 573 859 644 gestum.

465 753 701 816 CAPITULUM
725 757 774 816 LI.

125 875 175 932 De
194 873 370 934 Hermanno
392 866 540 949 oenomao,
558 894 617 952 pro
640 895 700 952 quo
718 877 882 954 defatipato
903 884 1008 938 sancto
1021 877 1124 938 Morta

236 998 238 1002 -
301 961 407 1020 borum
430 962 614 1036 decantavit,
638 971 666 1023 ct
685 965 774 1040 finem
790 965 951 1040 praedicit
1019 982 1024 995 ·

170 1100 206 1158 In
229 1097 376 1176 Oleastro,
405 1099 483 1177 quod
511 1099 624 1178 vulgari
651 1105 766 1163 nomine
780 1102 1000 1164 -Hemmenrode
1031 1102 1145 1178 dicitur,
1222 1153 1223 1156 ,

104 1203 263 1247 conversus
292 1186 408 1264 quidam
429 1187 482 1246 luit
502 1187 644 1248 vocabulo
666 1189 865 1265 Hermannus,
893 1189 1031 1250 nemorali
1050 1197 1145 1250 aratro

104 1272 258 1333 cuiusdam
278 1276 414 1350 grangiae
437 1274 598 1350 deputatus.
619 1275 689 1335 Erat
710 1282 807 1336 autem
832 1279 1039 1338 sincerissimae
1059 1279 1145 1350 vitae,
1226 1335 1227 1344 ,

104 1365 135 1420 et
168 1360 276 1420 multas
304 1378 323 1420 a
355 1361 480 1421 Domino
511 1361 719 1422 consolationes
748 1371 857 1424 secreto
884 1365 1071 1439 percipiebat,
1109 1380 1145 1423 ex

104 1448 212 1523 quibus
240 1465 402 1524 perpaucae
431 1448 469 1507 ad
497 1454 624 1508 nostram
651 1456 843 1525 pervenerunt
869 1453 1008 1510 notitiam.
1057 1450 1087 1510 Is
1115 1447 1159 1508 in'·

104 1535 202 1594 officio
232 1551 285 1593 suo
313 1533 441 1594 habebat
467 1537 541 1594 inter
570 1536 642 1594 alios
670 1538 762 1596 boves
790 1539 943 1598 iuvencum
963 1537 1088 1597 ferocem
1109 1555 1145 1597 ac

104 1621 278 1696 superbum,
309 1637 395 1696 quem
421 1621 460 1682 ad
488 1639 560 1697 opus
581 1625 629 1680 vix
665 1630 715 1682 aut
726 1620 746 1703 ²)
775 1623 936 1684 nullatenus
958 1627 1018 1683 sine
1039 1641 1151 1699 magno.

104 1708 206 1767 labore
233 1706 404 1768 adducebat.
446 1708 532 1768 Hunc
561 1726 628 1785 ergo
651 1727 717 1769 cum
737 1711 801 1770 vioe
823 1710 948 1787 quadam
968 1713 1036 1788 iugo
1058 1709 1145 1770 vellet

106 1794 259 1870 colligare,
292 1799 321 1853 et
348 1793 441 1854 modis
470 1789 602 1854 omnibus
623 1797 848 1856 recalcitrantem
876 1800 1006 1872 nequiret
1027 1814 1145 1872 compe·

105 1897 205 1957 scere,
234 1887 395 1940 commotus
417 1884 511 1942 animo
533 1883 563 1940 in
585 1881 687 1942 silvam
710 1882 836 1958 divertit,
866 1890 894 1943 et
913 1884 1018 1943 llrstem
1039 1882 1076 1943 ad
1097 1901 1145 1943 re-

104 1967 215 2028 bellem
242 1973 358 2026 taurum
384 1968 543 2028 feriendum
570 1969 676 2028 incidit.
726 1969 779 2028 Cui
806 1973 955 2030 minaciter
976 1987 1041 2030 cum
1062 1976 1146 2030 vecte

104 2055 242 2129 venienti,
262 2056 431 2131 nescioquo
455 2057 554 2132 spiritu
569 2056 671 2116 ductus
692 2062 791 2116 taurus
813 2057 942 2132 occurrit,
966 2057 1147 2133 pedibusque

105 2144 170 2203 eius
191 2147 367 2218 prostratus,
394 2140 462 2202 licet
481 2159 538 2202 non
560 2144 668 2219 verbis,
696 2150 781 2220 gestu
801 2150 898 2204 tamen
910 2143 1059 2204 ‘humiliati
1080 2161 1160 2215 ‹ror-1

103 2229 185 2306 poris
209 2230 325 2290 veniam
338 2228 485 2306 flagitavit.
522 2229 587 2306 Quo
601 2233 663 2290 viso
685 2234 729 2289 vir
742 2231 799 2291 Dei
819 2230 959 2307 placatus,
980 2232 1032 2291 ait:
1054 2229 1147 2290 Mise-

103 2315 262 2376 ricordiam
275 2317 398 2392 quaeris,
418 2315 669 2402 misericordiam)
690 2318 743 2377 tibi
764 2335 822 2378 non
844 2317 1003 2396 denegabo.
1046 2317 1146 2395 Surge,

104 2410 135 2464 et
165 2419 236 2462 cave
258 2419 294 2462 ne
316 2419 362 2462 me
385 2403 421 2463 de
443 2409 538 2464 cetero
559 2407 708 2480 inquietes.
751 2403 799 2464 Ab
821 2405 871 2464 illa
892 2412 989 2465 autem
1011 2404 1057 2464 die
1077 2410 1146 2464 tau-

103 2509 155 2552 rus
176 2489 256 2548 idem
278 2503 393 2549 omnem
415 2490 547 2565 deposuit
567 2491 722 2566 lerinum,
750 2491 823 2552 adeo
846 2499 878 2551 ut
898 2494 927 2550 in
949 2494 1041 2568 gratia
1062 2508 1146 2550 man·

104 2575 266 2637 suetudinis
295 2576 373 2635 nullo
404 2577 594 2654 coniugalium
620 2595 738 2638 suorum
765 2580 939 2638 inveniretur
958 2579 1082 2638 interior.
1104 2613 1146 2620 -

104 2665 206 2724 Isdem
216 2660 238 2742 ⁴)
259 2662 346 2722 frater
366 2662 422 2723 alio
439 2669 568 2740 tempore
590 2682 656 2723 cum
678 2665 782 2724 drumis
795 2662 815 2744 ⁵)
836 2665 982 2726 laboribus
1002 2665 1146 2742 fatigatus,

103 2757 173 2828 post
203 2748 420 2824 completorium
448 2757 620 2826 pausatums
647 2754 677 2810 in
705 2768 758 2811 suo
787 2769 819 2812 se
847 2759 937 2812 stratu
965 2752 1147 2825 collocasset,

104 2840 204 2898 subito
226 2835 394 2897 recordatus
416 2843 460 2897 est
481 2837 559 2913 quod
579 2841 642 2914 ipsa
664 2838 709 2897 die
731 2857 819 2898 unam
839 2839 955 2914 horam,
984 2855 1071 2914 quam
1094 2837 1147 2897 de·

105 2930 227 2998 cantare
245 2922 356 2983 solebat
372 2925 402 2982 in
416 2924 523 2984 honore
538 2926 642 2984 beatae
656 2926 790 3002 Virginis,
812 2943 881 3000 prae
902 2928 1036 2985 instantia
1057 2941 1147 2984 occu·

103 3009 232 3088 partionis
255 3008 411 3085 distulerat,
432 3017 461 3072 et
484 3011 601 3070 dilatam
623 3011 767 3071 oblivione
787 3014 991 3072 interveniente
1003 3008 1024 3091 ⁶)
1046 3010 1147 3088 negle-

104 3104 199 3158 xerat.
242 3096 338 3156 Exiliit
360 3113 427 3175 ergo
442 3095 461 3178 ⁷)
485 3098 520 3157 de
542 3104 633 3158 stratu
656 3116 724 3174 suo,
748 3105 780 3157 ut
802 3098 880 3174 quod
901 3099 1079 3175 neglexerat,
1099 3097 1148 3158 vel

104 3192 177 3245 tune
207 3182 360 3258 suppleret.
403 3184 461 3245 Sed
491 3188 552 3245 eius
580 3188 715 3246 miserata
746 3185 859 3246 labores
881 3185 1005 3245 Domina
1033 3184 1147 3260 mundi,
1241 3213 1243 3218 ·

104 3277 227 3348 repente
249 3272 339 3329 astitit
359 3273 393 3346 ei,
414 3274 558 3347 imperans
579 3279 612 3331 ut
633 3275 805 3349 quiesceret,
828 3278 856 3332 et
877 3272 940 3347 ipsa
959 3289 1011 3347 pro
1034 3288 1069 3331 eo
1090 3271 1147 3332 ho·

103 3377 170 3418 ram
192 3356 354 3433 neglectam
375 3359 507 3434 supplere
530 3359 654 3420 deberet.
676 3393 718 3403 —
741 3359 863 3436 Quando
888 3365 984 3419 antem
1005 3359 1148 3418 Dominus

104 3447 191 3506 Deus
212 3446 318 3503 iustam
339 3444 486 3505 laboribus
508 3448 568 3506 eius
589 3449 846 3507 remunerationem
871 3446 990 3507 reddere
1012 3443 1148 3520 decrevit,

124 3639 158 3707 1)
177 3636 279 3690 Choc.
294 3624 324 3676 -'
337 3639 369 3706 2)
380 3638 442 3692 ACP
460 3657 502 3692 ac.
516 3671 549 3679 -
562 3641 598 3708 3).
608 3657 655 3708 pro
672 3634 1058 3706 misericordiam[rn'rsm]
1069 3636 1147 3689 habet

178 3707 252 3760 Bet
271 3706 365 3758 illam.
383 3738 413 3748 ·—
429 3711 462 3778 4)
479 3709 523 3763 BG
540 3709 631 3762 idem.
651 3741 681 3750 -
701 3712 733 3779 5)
750 3710 806 3762 libri
823 3710 959 3763 divinis.
979 3737 1009 3748 ·-
1029 3708 1061 3775 6]
1079 3705 1148 3759 assu

178 3774 422 3840 intercidente,
439 3779 458 3831 P
476 3779 725 3843 intercedente,
743 3789 771 3832 ut
788 3780 829 3846 lll,
847 3781 889 3834 24.
907 3795 932 3848 p.
952 3777 1009 3828 140.
1030 3807 1060 3816 —
1080 3775 1148 3842 7)C

180 3845 295 3897 exiliit
319 3848 437 3914 igitur,
459 3849 480 3902 B
505 3849 659 3902 exsilivit
681 3851 789 3918 igitur.
