2564 4306
172 253 238 319 360
443 251 672 318 Dlsuntcrlo
696 253 940 316 DUODEDIMA

172 373 477 438 acoenonoetus
498 377 545 438 die
559 377 607 437 iiio
626 393 711 437 nemo
734 379 796 453 soit,
818 378 887 454 quia
909 377 969 436 dies
989 375 1114 436 Donriai
1135 379 1213 436 sieut

169 465 227 543 sar·
253 467 286 524 in
311 471 412 538 nocie,
440 463 470 523 id
499 469 543 524 est
569 466 715 541 inopinate
743 471 773 524 et
789 465 969 540 improvise,
1004 467 1049 524 ita
1076 465 1172 524 veniet
1183 459 1214 541 ¹).
1271 519 1272 534 ,

173 549 378 612 NOVICIUS:
408 549 466 611 Ubi
488 553 541 610 erit
561 549 718 610 iudicium?
767 549 1003 610 MONAGHUS:
1032 549 1126 626 Super
1144 547 1215 610 val·
1271 575 1272 620 1

171 637 229 698 lem
250 636 395 714 Josaphat
414 640 444 696 in
466 655 541 698 aere.
589 635 795 704 NOVICIUS:
828 637 906 714 Quot
928 644 1011 697 erunt
1039 637 1152 697 ordines
1182 639 1213 696 in

171 723 298 785 iudicio?
341 721 578 785 MONACHUS:
601 724 741 800 Quatuor.
792 723 916 801 Quidam
942 730 975 783 ut
1003 741 1114 784 summe
1142 723 1217 783 boni

171 811 341 873 iudicabunt
362 817 391 872 et
411 811 615 886 salvabuntur3
644 827 756 870 summe
778 811 846 870 meli
867 813 928 870 sine
955 809 1060 870 iudicio
1090 811 1216 870 damna-

171 899 293 975 buntur3
315 897 495 959 mediocriter
511 898 580 958 boni
600 897 804 957 iudicabuntur
826 904 855 958 et
875 897 1078 974 salvabuntur;
1100 897 1217 957 medio·

172 987 258 1046 criter
285 984 354 1046 mali
381 983 583 1046 iudicabuntur
611 990 640 1043 et
669 984 890 1044 damnabuntur.
937 982 1142 1046 NOVICIUS:
1181 983 1218 1044 In

172 1087 232 1150 qua
258 1069 350 1132 forma
386 1072 537 1148 apparebit
572 1069 725 1131 Christus?
780 1069 1016 1132 MONACHUS:
1052 1069 1088 1130 In
1122 1071 1219 1131 forma

173 1159 250 1219 servi
272 1159 405 1219 ommbus
426 1159 594 1235 apparebit,
616 1156 667 1217 sed
689 1157 857 1236 glorificata.
900 1156 1101 1218 NOVICIUS:
1122 1157 1219 1216 Exhi-

175 1243 257 1306 bebit
279 1247 412 1305 omnibus
434 1246 557 1305 eundem
578 1243 713 1304 vultum?
756 1243 991 1304 MONAGHUS:
1013 1243 1088 1305 Non.
1125 1243 1219 1304 Bonis

167 1329 324 1409 'apparebit
338 1335 422 1408 mitis,
443 1331 527 1392 malis
540 1330 680 1392 terribilis.
715 1329 781 1392 Hoc
793 1329 846 1390 tibi
868 1329 1019 1392 ostendam
1038 1347 1091 1408 per
1114 1348 1218 1392 exem·

172 1419 263 1498 plum.

520 1571 754 1634 CAPITULUM
774 1571 870 1634 LVII.
913 1629 918 1636 .

484 1695 534 1756 De
553 1695 711 1774 Eynoipto
728 1695 905 1772 Templum.

239 1816 322 1877 Circa
343 1815 400 1877 hoc
413 1817 559 1878 biennium
583 1815 718 1876 sacerdos
740 1815 859 1893 quidam
880 1821 1009 1892 mortuus
1032 1817 1128 1876 estin
1150 1815 1221 1876 Bri-

174 1903 244 1965 soke
265 1903 334 1963 viila
347 1904 496 1964 Dioecesis
512 1903 700 1983 Coloniensis,
722 1902 758 1963 de
780 1903 879 1963 ordine
901 1902 1138 1979 Tempinriorum,
1160 1921 1219 1965 no·

174 1993 252 2052 mine
271 1989 458 2068 Eynoiphus,
484 1993 529 2051 vir
555 1993 626 2051 satis
646 1989 804 2067 religiosus.
847 1989 930 2067 Quae
952 1989 989 2050 de
1009 1990 1057 2049 ilio
1087 1989 1219 2052 dicturus

174 2093 249 2153 sum,
269 2079 413 2155 ipsemihi
434 2095 483 2138 ore
495 2093 548 2139 suo
569 2095 629 2138 non
642 2077 732 2137 semel
754 2075 805 2137 sed
822 2079 937 2153 saepius
959 2078 1097 2137 recitavit.
1142 2077 1220 2137 Cum

175 2163 272 2226 adhuc
292 2181 365 2241 puer
386 2171 477 2240 esset,
504 2166 533 2223 in
555 2163 642 2224 domo
670 2170 839 2224 materterae
868 2180 939 2224 suae
959 2163 1135 2239 infirmatus,
1166 2181 1219 2225 sa-

176 2267 255 2312 cram
283 2254 511 2312 communionem
541 2253 675 2328 suscepit.
723 2251 762 2310 Et
788 2267 855 2311 cum
890 2267 921 2312 sc
956 2251 1055 2327 inungi
1088 2257 1219 2327 peteret,

176 2337 349 2414 quibusdam
377 2337 609 2398 dissuadentibus
641 2337 760 2398 dilatum
794 2345 851 2414 est3
887 2339 986 2413 sicque
1014 2340 1076 2398 sine
1112 2338 1219 2399 eodem

175 2431 356 2486 attramento
379 2417 542 2501 exspiravit.
574 2424 668 2484 Aiiuit
686 2431 714 2484 et
735 2424 855 2501 augelus
868 2425 986 2484 Domini
1007 2425 1057 2500 qui
1078 2428 1108 2484 et
1130 2425 1218 2484 dixit:

176 2511 255 2572 Male
277 2518 374 2572 actum
388 2519 432 2572 est
442 2529 507 2572 cum
518 2529 610 2588 puero
631 2515 698 2587 isto,
718 2527 752 2572 eo
776 2512 853 2588 quod
871 2515 932 2572 sine
947 2529 1029 2572 sacra
1049 2513 1217 2573 inunctione

176 2599 287 2659 obierit.
318 2597 357 2656 Et
376 2599 487 2658 inunxit
502 2615 577 2674 eum,
597 2600 656 2658 iam
669 2601 872 2658 tameuanima
893 2598 1065 2676 egrediente.
1107 2598 1218 2676 Egres-

176 2701 239 2745 sam
267 2701 337 2746 vero
367 2685 464 2744 divino
492 2685 585 2746 vultui
613 2687 817 2762 praesentavit.
872 2684 965 2762 Quem
995 2685 1109 2745 vultum
1145 2703 1218 2763 puer

176 2773 259 2848 quasi
279 2787 332 2848 per
351 2771 484 2831 uelamen
506 2771 767 2848 contemplabatur,
796 2774 879 2847 eique
908 2789 1026 2831 severus
1055 2771 1140 2832 valde
1169 2773 1217 2831 vi-

177 2857 307 2918 debatur.
355 2857 394 2917 Et
421 2875 489 2918 eece
516 2873 584 2919 mox
611 2857 742 2918 diabolus
771 2859 859 2918 affuit.
911 2857 1062 2935 Quicum
1093 2875 1217 2936 puerum

176 2959 314 3006 aoonsare
335 2944 422 3004 veliet
442 2961 497 3005 nec
518 2961 636 3004 causam
657 2947 805 3020 inveniret,
826 2948 867 3004 ait
888 2943 926 3004 ad
947 2945 1060 3006 Deum:
1081 2929 1216 3020 Domine,

175 3047 248 3110 puer
268 3034 322 3092 iste
344 3029 493 3113 obulnm²)
514 3047 652 3108 germano
674 3048 728 3091 suo
748 3032 905 3106 furabatur,
926 3048 1128 3107 necunquam
1149 3033 1215 3093 inde

177 3121 235 3196 egit
255 3120 468 3195 poenitentiam.
510 3117 614 3179 Justus
636 3136 684 3193 es,
713 3124 742 3178 ct
767 3121 841 3180 iuste
861 3119 987 3179 iudicare
1009 3118 1107 3180 debes.
1149 3118 1216 3180 Non

177 3205 301 3266 dimittes
322 3212 449 3281 reatum,
478 3207 629 3282 quianon
658 3206 781 3265 restituit
802 3205 940 3266 ablatum.
991 3205 1045 3264 Oui
1072 3205 1216 3266 Dominus

176 3292 335 3368 respondit:
367 3291 466 3352 Valles
494 3299 527 3350 ut
552 3309 605 3368 pro
634 3292 744 3352 tantillo
772 3307 894 3369 puerum
922 3292 1000 3352 hunc
1028 3291 1215 3353 damnarem?

176 3379 246 3439 Mea
266 3381 373 3439 iustitia
393 3397 452 3440 non
474 3385 518 3438 est
529 3380 640 3456 absque
662 3379 863 3439 misericordia
906 3378 1142 3455 Supplicantibus
1163 3395 1215 3456 pro

176 3468 273 3526 anima
292 3468 392 3544 viginti
411 3471 534 3542 quatuor
554 3467 713 3526 senioribus
735 3469 784 3542 qui
805 3469 835 3525 in
857 3467 977 3526 circuitu
997 3465 1074 3526 sedis
1096 3463 1215 3547 erant2),

177 3553 263 3629 eulpa
283 3555 448 3630 remittitur;
470 3570 596 3629 moxque
618 3553 656 3613 ad
677 3561 863 3631 praeceptum
872 3554 929 3613 Dei
951 3553 1085 3630 deducta,
1107 3557 1138 3613 in
1158 3571 1214 3630 pu·

176 3646 256 3701 tcum
276 3641 392 3718 igneum
412 3643 541 3718 proiecta
562 3646 615 3713 est,
657 3639 692 3699 In
715 3658 773 3718 quo
795 3647 906 3702 tartum
933 3657 1061 3716 poenam
1086 3639 1213 3717 pertulit,

196 3826 228 3896 1)
244 3819 356 3880 Daseai.
374 3827 395 3892 1,
411 3829 437 3892 5,
455 3827 480 3879 2.
499 3855 530 3866 —
549 3825 582 3896 2)
601 3824 621 3880 C
639 3825 778 3885 obolum.
797 3857 828 3868 -
848 3827 881 3897 3)
897 3826 978 3896 Apoc.
996 3828 1022 3894 4,
1039 3829 1065 3881 4.
