2642 4330
174 265 235 326 nan
460 231 713 327 ¹ursunrcmo
736 265 888 345 numm

173 385 312 447 desiderio
331 401 478 463 ιιιιιιιιιι,
497 388 683 448 intentissime
696 387 793 448 Deum
810 390 910 464 oravit,
932 393 964 446 ut
984 386 1039 448 sibi
1050 385 1127 448 hanc
1140 405 1210 464 gra·

172 475 242 532 tiam
257 473 363 534 donare
379 472 549 550 dignaretur.
582 475 742 550 Statimque
757 475 908 534 exauditus
928 480 981 534 est.
1022 474 1058 533 In
1078 477 1211 550 proxima
1294 483 1295 490 ’

172 576 241 620 vero
279 559 467 621 sollemnitate
502 564 593 621 sancti
622 560 740 621 Martini
779 579 844 621 oum
880 567 968 623 staret
994 557 1025 636 in'
1052 564 1210 637 matutinis,

154 646 380 723 contemplatus
409 654 453 707 est
481 646 651 708 daemonem
678 665 768 707 unum
787 651 817 707 in
837 648 929 709 forme
953 649 1050 708 rrrstid
1076 647 1211 732 quadrati

172 733 286 792 inferius
317 735 397 793 iuxta
427 735 636 811 presbyterium
668 737 783 794 intrare.
831 735 969 795 Habebat
1000 737 1075 794 enim
1106 741 1210 811 pectus

172 818 271 894 latum,
291 820 423 896 scapulas
444 827 553 896 acutas,
574 821 679 881 collum
700 822 796 896 breve,
818 822 952 898 capillum
972 823 1002 879 in
1022 821 1115 882 fronte
1138 822 1209 882 satis

171 906 295 982 superbe
311 913 496 983 tonsoratum,
509 912 600 968 crines
614 908 740 985 reliquos
752 909 827 967 sicut
842 909 963 968 haristas
975 904 991 988 ¹)
1005 907 1209 985 dependentes.

171 991 340 1055 Meendens
370 996 450 1053 venit
480 994 519 1055 ad
550 995 695 1071 quendam
725 997 887 1070 novicium,
914 1001 993 1054 stans
1025 1012 1124 1056 coram
1151 993 1209 1053 illo.

172 1079 266 1155 Quem
288 1098 354 1140 cum
375 1079 506 1157 dominus
528 1080 725 1155 Hermannus,
750 1084 799 1156 qui
820 1089 888 1141 tunc
909 1083 1045 1165 temporis
1065 1098 1125 1141 non
1147 1088 1209 1142 erat

170 1165 274 1226 Abbas
285 1163 322 1246 ²),
342 1169 460 1226 intuitus
480 1168 593 1243 luisset,
625 1168 780 1244 oculosque
800 1185 954 1244 parumper
974 1171 1141 1244 avertisset,
1173 1183 1209 1228 ac

171 1252 266 1313 denuo
287 1251 368 1312 illum
388 1252 486 1314 videre
500 1254 645 1329 voluisset,
667 1254 852 1330 disparuerat
884 1253 951 1314 Alio
973 1249 1101 1331 tempore
1111 1264 1207 1314 trans-

170 1339 295 1400 formans
309 1357 340 1400 se
355 1338 477 1400 daemon
493 1343 523 1398 in
538 1340 659 1400 caudam
673 1341 763 1416 vituli,
785 1348 814 1401 et
827 1359 913 1417 super
925 1338 1074 1423 formamil
1089 1341 1207 1416 cadens,

141 1471 143 1477 s
171 1428 218 1486 cui
244 1425 322 1486 idem
348 1428 478 1487 novicius
506 1444 537 1487 se
564 1424 767 1506 apellabat),
795 1435 877 1487 motu
901 1428 1045 1488 levissimo
1073 1428 1208 1488 trahebat

170 1529 204 1572 se
224 1512 263 1572 ad
282 1515 437 1573 novicium.
480 1512 569 1573 Cuius
590 1513 722 1591 scapulas
745 1531 810 1574 cum
830 1514 931 1574 eadem
953 1514 1047 1574 cauda
1066 1519 1207 1592 tangeret,

170 1615 239 1658 mox
258 1600 288 1657 in
309 1599 469 1675 psalmodia
489 1598 640 1660 fallebatur
653 1603 792 1660 novicius.
835 1601 891 1678 Qui
912 1598 978 1660 cnm
999 1618 1084 1678 super
1098 1604 1206 1663 articm

171 1685 215 1745 los
236 1702 268 1745 se
291 1682 495 1766 demitteret⁵),
515 1687 682 1764 regulariter
695 1687 880 1763 satisfaciens,
902 1688 1025 1749 daemon
1039 1692 1122 1764 quasi
1142 1695 1206 1747 tur-

171 1773 238 1832 bine
258 1773 413 1848 impulsus,
444 1773 482 1834 ad
510 1773 716 1851 longitudinem
744 1775 833 1834 cubiti
852 1777 937 1834 unius
958 1777 1075 1835 recessit
1096 1777 1135 1836 ab
1158 1790 1205 1847 ao,

170 1860 268 1935 sicque
290 1859 437 1936 disparuit.
478 1859 544 1920 Non
564 1852 639 1920 enlm
660 1863 775 1936 spiritus
795 1860 842 1921 illc
864 1863 1023 1937 superbiae,
1049 1863 1098 1937 qui
1120 1862 1206 1922 blan-

171 1944 297 2005 dimento
325 1946 435 2006 caudae
461 1964 532 2007 suae
552 1951 665 2007 tertiam
685 1954 796 2023 partem
817 1948 963 2007 stallamm
990 1955 1058 2025 post
1083 1964 1115 2007 se
1145 1955 1205 2008 na·

169 2025 254 2113 hit⁶)‚
274 2031 313 2092 ad
333 2035 417 2093 unius
438 2033 604 2094 humilitatis
625 2037 738 2112 signum
760 2041 835 2094 stare
856 2038 957 2111 potuit.
992 2035 1132 2095 Novicius
1152 2037 1205 2094 istc

169 2136 282 2178 nonnus
309 2117 474 2179 Alexander
501 2121 569 2195 luit,
601 2139 676 2181 nunc
704 2121 785 2179 Prior
810 2123 840 2179 in
863 2121 1002 2181 Claustro.
1044 2119 1205 2182 Verisimile

169 2213 224 2280 est,
244 2211 312 2265 tune
334 2224 400 2266 eum
421 2206 529 2282 aliquid
549 2206 673 2266 levitatis
696 2209 837 2282 cogitasse
845 2215 872 2282 ,’
880 2206 994 2284 quando
1016 2225 1068 2284 per
1095 2214 1205 2268 motum
1294 2213 1295 2220 ’

168 2291 262 2352 levem
278 2299 403 2352 tentatus
416 2300 460 2355 est
473 2300 502 2353 et
516 2294 677 2370 impeditus.
698 2293 902 2354 NOVICIUS:
923 2295 1024 2355 Placet
1035 2291 1113 2370 quod
1129 2295 1204 2354 dicia

168 2377 402 2440 MONAOHUS:
430 2380 465 2438 In
486 2386 571 2439 nocte
602 2397 671 2440 vero
695 2383 787 2440 sancti
806 2380 959 2440 Kuniberti
980 2399 1046 2441 cum
1067 2387 1158 2442 staret
1176 2382 1204 2440 in

168 2464 256 2524 choro
276 2464 415 2541 Abbatis,
436 2473 504 2526 tunc
526 2466 646 2543 simplex
667 2467 839 2542 monachus,
861 2467 932 2526 vidit
952 2470 1033 2526 iuxta
1053 2469 1203 2546 presbyte·
1294 2501 1295 2522 ι

167 2553 241 2611 rium
269 2550 341 2612 duos
363 2552 518 2618 daemones
539 2556 659 2629 intrare,
689 2560 718 2613 et
739 2553 877 2629 paulatim
898 2554 1052 2614 ascendere
1073 2554 1112 2614 ad
1134 2553 1204 2615 stal-

167 2638 226 2697 lum
247 2637 387 2714 Abbatis,
412 2642 486 2700 inter
514 2640 634 2700 chorum
665 2640 871 2701 monachorum
900 2647 989 2716 atque
1018 2643 1205 2701 noviciorum
1294 2715 1295 2726 χ

167 2725 224 2801 Qui
246 2743 311 2785 cum
331 2729 477 2786 venissent
499 2733 598 2786 contra
619 2726 771 2804 angulum,
799 2728 849 2786 ubi
870 2730 993 2804 parietes
1016 2731 1202 2800 conveniunt,
1294 2731 1295 2802 j

167 2811 270 2872 exsiliit
291 2813 413 2873 daemon
433 2816 543 2888 tertius,
565 2813 677 2873 duobus
699 2830 730 2873 se
743 2816 865 2889 socians,
887 2821 916 2874 et
938 2832 1004 2874 cum
1024 2814 1079 2874 illis
1099 2818 1202 2875 exiens.
1294 2807 1295 2814 '

166 2897 240 2959 Tam
268 2915 357 2976 prope
387 2902 463 2960 enim
490 2905 670 2959 transeuntes
696 2907 837 2960 venerunt
859 2903 885 2960 ei
898 2898 934 2982 ¹),
965 2907 998 2960 ut
1025 2919 1114 2961 mann
1140 2901 1202 2961 illos

165 2991 282 3064 tangere
310 2994 417 3063 posset.
460 2986 540 3062 Quos
569 2985 731 3062 diligentius
752 2989 880 3062 intuens,
907 2987 1098 3048 consideravit
1127 2984 1202 3065 qnod

123 3101 127 3110 ·
165 3073 286 3150 pedibus
300 3080 405 3134 terram
426 3089 485 3133 uon
505 3079 663 3150 tangerent,
684 3079 784 3150 utpote
805 3089 907 3134 aereae
927 3080 1093 3150 potestates.
1135 3075 1201 3134 Ha·

165 3160 253 3221 bebai
286 3157 393 3239 enim⁸)
426 3177 501 3219 unus
530 3176 566 3219 ex
594 3160 708 3219 duobus
739 3161 881 3237 prioribus
907 3162 1061 3221 femineum
1081 3161 1198 3244 veritum,

183 3346 213 3416 l)
231 3347 329 3400 adstas.
349 3375 379 3385 -
399 3346 431 3413 2)
449 3345 469 3398 G
486 3345 594 3398 Abbas
611 3361 674 3397 non
692 3335 817 3410 erat,'B
835 3345 944 3400 Abbas
960 3362 1022 3399 non
1040 3347 1196 3400 inerat.—

233 3417 265 3485 3)
283 3415 348 3468 conl.
366 3414 467 3479 luto.
485 3415 596 3479 Vlll,6.
617 3444 646 3454 -
667 3415 699 3482 l)
717 3414 837 3479 honest,
855 3416 1016 3468 innitebatur.
1051 3417 1142 3469 Hamil.
1158 3412 1198 3469 lv.
1258 3405 1262 3416 '
1294 3411 1295 3416 ’

233 3501 259 3553 p.
277 3487 323 3538 77:
352 3483 451 3552 „paxilli
469 3484 545 3538 validi
563 3485 685 3536 iustorum
702 3493 761 3536 sunt
779 3485 908 3552 exempla,
931 3488 957 3537 in
982 3485 1073 3554 quibus
1092 3503 1120 3538 se
1137 3501 1199 3554 upo-

233 3554 304 3607 dlore
321 3553 397 3605 debet
414 3553 544 3607 infirmitas
562 3557 673 3606 nostra“.
709 3554 747 3606 Ex
765 3570 815 3623 quo
833 3555 889 3606 loco
907 3554 949 3607 hic
966 3555 1050 3607 addidi
1063 3569 1199 3623 pronomen

233 3640 282 3687 sa,
309 3639 323 3674 a
350 3626 442 3675 nostris
469 3623 539 3676 libris
565 3625 778 3692 praetermissum.
799 3653 829 3664 -
859 3625 890 3693 5)
917 3625 979 3678 Bur
1006 3625 1198 3678 dimitteret.
1294 3645 1295 3648 ¹

232 3693 329 3746 Sensus
353 3701 404 3744 est:
432 3710 488 3745 curn
516 3696 614 3747 veniam
642 3693 750 3757 laceret,
777 3693 861 3762 digitis
886 3694 1014 3763 tangendo
1040 3704 1142 3748 temam.
1168 3721 1196 3736 ·-

231 3763 265 3901 g}
281 3762 465 3884 mlxiii.
486 3794 515 3804 -
535 3765 567 3832 7)
586 3763 606 3820 G
624 3764 653 3814 ei
670 3765 841 3828 venerunt,
859 3763 880 3816 B
898 3779 966 3816 eum
985 3773 1153 3819 venerunt.
1168 3792 1195 3804 ·-
