2564 4306
154 218 219 278 344
427 217 656 282 DISTINOTIO
679 217 923 285 DUODECIMA

156 339 229 400 beth
239 339 400 416 specialiter
412 346 543 402 sanctum
556 340 722 404 Joharmem
734 343 958 420 Evangelistsm,
978 341 1113 420 qrricqnid
1126 347 1192 419 pot-

157 433 220 488 eret
240 426 356 488 honoris
375 427 416 486 illi
436 429 612 505 impendens.
672 429 810 492 Habebat
839 429 983 490 ramalem
1010 446 1139 490 sororem
1164 430 1193 488 in

158 513 261 578 eodem
282 518 463 591 monasterio,
485 533 559 591 quae
579 515 690 576 Aleidis
710 517 877 578 vocabatur.
919 516 1004 587 Haec
1024 535 1089 576 cum
1111 521 1194 576 nocte

158 599 284 676 quadem
307 601 390 662 dictis
411 605 566 678 matutinis,
586 604 615 662 in
635 602 712 664 lecto
733 621 786 664 suo
807 604 920 678 sedens,
940 603 1066 664 officium
1089 602 1192 663 detun-
1273 603 1274 608 ’

159 694 269 748 ctorom
289 705 342 763 pro
364 691 460 748 anima
480 692 585 752 sororis
606 689 772 751 decantaret
782 687 809 770 ¹),
829 708 933 752 vocem
953 690 1100 766 quandam
1122 692 1197 749 ciros

160 791 192 834 se
214 775 332 834 audivit.
375 775 413 834 Et
434 776 691 852 comtemneret,
717 795 795 854 puae
823 785 915 854 esset;
943 777 1104 853 respondit:
1133 771 1196 854 Ego

161 878 226 922 sum
246 861 398 922 Elizabeth
412 879 492 922 soror
513 869 573 924 toa.
614 863 653 922 Et
673 864 737 924 illa:
760 863 914 941 Quomodo
928 864 1018 925 hebes
1039 881 1129 940 soror,
1150 861 1198 924 vel

160 947 237 1009 unde
259 947 361 1008 venis?
404 949 609 1025 Respondente
629 949 687 1025 illo,
707 951 783 1010 male
801 952 916 1026 quidem
937 950 1035 1025 habui,
1056 950 1110 1010 sed
1131 966 1198 1010 mo·

163 1033 201 1094 do
222 1036 296 1096 bene
317 1053 397 1112 som;
419 1035 530 1096 Aleidis
554 1038 715 1098 subiunxit:
736 1038 847 1100 Profuit
873 1038 925 1098 tibi
953 1038 1061 1114 aliquid
1081 1042 1199 1098 sancitis
1273 1103 1274 1118 χ

160 1119 311 1182 Johannes
333 1139 419 1199 qoem
435 1129 496 1182 tam
517 1123 649 1184 ardenter
671 1123 811 1184 dilexisti?
854 1124 1014 1200 Respondit
1033 1124 1100 1184 illac
1122 1123 1199 1184 Vere
1273 1129 1274 1152 ¹

160 1207 239 1268 nihil.
281 1208 338 1285 Qui
360 1209 430 1268 mihi
451 1212 553 1284 astitit,
581 1217 699 1270 sanotrm
719 1217 802 1288 pater
822 1217 920 1288 noster
940 1210 1117 1271 Benedictus
1137 1210 1199 1270 tuit

160 1293 228 1370 Ipse
250 1297 325 1355 enim
345 1313 442 1372 genua
462 1314 515 1356 sua
527 1314 579 1372 pro
592 1315 638 1356 me
659 1298 738 1357 flexit
758 1303 825 1357 ante
846 1297 952 1357 Deum.
983 1295 1199 1358 novicios:

162 1380 236 1440 Cum
257 1384 306 1442 vix
327 1382 429 1458 abonis
451 1382 556 1444 evadat
576 1387 787 1461 purgatorium,
815 1384 901 1444 valde
930 1401 976 1445 me
1004 1389 1094 1444 terret
1122 1382 1201 1460 quod

161 1467 279 1544 quidam
301 1469 407 1544 dicum,
427 1471 573 1529 minimam
594 1488 717 1546 poenam
739 1473 769 1528 iu
789 1473 955 1547 purgatorio
975 1473 1115 1530 maiorem
1137 1487 1200 1530 esse

164 1557 243 1616 omni
269 1573 364 1631 poene
393 1563 468 1631 quae
489 1559 643 1633 excogitari
665 1564 761 1634 potest
781 1560 810 1616 in
840 1557 896 1617 boc
923 1557 1032 1618 mundo
1040 1555 1071 1639 ²).
1122 1555 1199 1617 ΜΟ-

114 1703 127 1716 ,
162 1641 338 1702 NACHUS:
366 1642 534 1718 Reqoisitus
556 1644 592 1703 de
614 1645 670 1706 hoc
692 1645 782 1705 verbo
810 1663 828 1703 a
856 1661 903 1704 me
932 1643 1049 1720 quidam
1077 1661 1198 1721 maguus

163 1728 324 1816 theologus,
345 1730 505 1806 respondit:
527 1731 725 1794 Falsissimum
747 1737 799 1806 est,
819 1733 874 1790 nisi
894 1731 1069 1808 intelligatur
1091 1730 1128 1792 de
1150 1747 1198 1792 eo-

164 1813 231 1875 dem
254 1833 359 1893 genere
380 1834 500 1893 poenae.
543 1818 634 1878 Verbi
654 1821 761 1895 gratim
782 1818 862 1894 Ignis
882 1817 930 1878 ille
951 1820 1063 1880 acutior
1078 1825 1123 1878 est
1135 1819 1199 1895 igno

163 1909 270 1979 nostro,
290 1904 379 1982 lrigos
399 1904 503 1980 frigore
517 1911 630 1981 noetro,
660 1908 752 1966 etsie
774 1903 810 1965 de
839 1906 950 1970 ceteris.
993 1905 1084 1966 Cuius
1105 1921 1199 1966 assor·

152 1991 232 2078 ⁸tioni
251 1991 460 2068 subsequentes
480 1993 605 2055 visiones
625 1991 809 2052 concordent.

478 2181 713 2244 CAPITULUM
735 2183 887 2244 XXXVI.

305 2306 355 2366 Dc
371 2309 552 2382 purpotorio
572 2301 796 2380 Morporctoe³l
817 2305 1052 2366 condimociolis

503 2393 540 2452 de
559 2398 663 2451 oorwto
691 2391 858 2452 Solomone

227 2514 312 2576 Circa
340 2514 397 2574 hoc
424 2516 576 2574 triennium
603 2512 704 2590 puelle
728 2513 872 2589 quaedam
900 2511 1020 2590 parvule
1044 2529 1152 2572 novem
1173 2517 1204 2570 ut

163 2608 233 2679 puto
255 2619 395 2662 annorum
418 2602 447 2660 in
468 2600 569 2660 Monte
590 2602 681 2660 saneti
694 2599 853 2660 salvatoris
873 2617 949 2675 quae
970 2599 1075 2658 domus
1097 2599 1202 2660 ordinis

155 2691 252 2766 ,nosci
272 2695 331 2764 est,
363 2691 393 2746 in
414 2688 542 2747 adventu
568 2689 658 2763 ipsios
680 2686 838 2748 Salvatoris
859 2693 972 2746 memus
994 2693 1046 2746 est.
1088 2686 1203 2747 Delon·

163 2784 211 2838 cte
240 2793 309 2836 vero
338 2775 416 2835 clere
444 2774 490 2834 die
518 2781 662 2836 conventu
688 2779 782 2833 stante
808 2760 844 2831 in'
859 2773 963 2847 choro,
990 2775 1054 2849 ipss
1081 2773 1203 2832 chorum

162 2865 293 2939 intravit3
322 2864 429 2922 inuam
456 2869 525 2920 ente
553 2862 643 2921 altare
663 2861 803 2936 profunde
824 2863 894 2920 satis
914 2859 1074 2935 inclinavit,
1102 2861 1146 2919 sic
1173 2861 1202 2917 in

161 2950 263 3012 locum
285 2967 370 3010 suum
399 2949 449 3008 ubi
475 2955 553 3008 stare
581 2947 666 3008 solita
693 2955 755 3007 erat
787 2947 933 3006 secedens.
989 2946 1085 3023 Quom
1122 2947 1203 3006 iuxta

162 3054 194 3100 se
215 3036 272 3098 elia
294 3036 389 3112 puella
409 3052 483 3111 pene
505 3035 633 3094 eiusdem
655 3036 757 3093 aetobs
778 3041 854 3093 storo
877 3033 986 3107 videns,
1008 3040 1037 3092 et
1057 3040 1202 3092 mortuam

163 3126 269 3199 sciens,
298 3129 378 3182 tanto
406 3122 522 3182 horrore
550 3139 692 3181 concussa
714 3127 772 3195 eet,
800 3127 833 3178 ot
853 3129 1008 3180 notaretur.
1051 3120 1203 3196 Requisito

164 3228 232 3271 vero
254 3229 273 3269 a
294 3210 410 3270 domine
431 3210 561 3285 Benigne
581 3208 740 3268 Abbatissa
769 3225 788 3280 a
815 3209 896 3266 cuius
925 3223 976 3266 ore
1002 3206 1101 3266 audivi
1125 3223 1202 3282 quae

162 3297 291 3360 dicturus
312 3315 391 3370 som,
421 3299 532 3356 corita
553 3299 581 3354 in
603 3295 691 3354 choro
714 3300 927 3368 concuteretur,
959 3293 1120 3369 respondit:
1153 3293 1202 3353 Sic

163 3387 255 3450 etsie
277 3401 356 3444 soror
373 3382 521 3444 Gertrudis
542 3385 572 3442 io
592 3382 714 3442 chorum
735 3384 828 3457 venit3
852 3387 967 3440 etcum
990 3379 1073 3440 dictis
1095 3397 1202 3456 respe-

160 3474 200 3536 ris
221 3473 454 3534 commemoratio
477 3470 558 3530 lieret
579 3469 722 3528 Dominae
742 3475 865 3543 nostroe,
886 3467 924 3528 ed
946 3466 1099 3530 collectam
1115 3483 1151 3527 se
1171 3468 1201 3526 in

178 3658 209 3728 1)
227 3657 247 3710 B
266 3656 401 3711 sederet
419 3685 451 3696 -
463 3653 651 3708 decantant.
663 3684 695 3696 ·-
716 3655 748 3721 2)
766 3654 863 3720 Gregor
879 3653 1006 3720 explanet.
1024 3655 1093 3706 tertii
1109 3651 1202 3705 Psalmi

229 3729 325 3796 poenit.
350 3726 437 3810 „lllunr
464 3727 636 3810 trsnsitorium
669 3727 755 3810 ignem
784 3725 853 3777 omni
880 3724 1044 3808 tribulatione
1070 3723 1200 3792 pauenti

226 3798 335 3851 aestimo
352 3793 598 3850 mtolersbdrorcml‘
618 3825 649 3837 -
666 3795 701 3866 3)
718 3811 778 3860 imo,
796 3793 934 3848 desumo.
