2622 4322
154 273 217 332 aso
468 271 885 350 nrsrnrorroqunrrrn

153 397 272 471 giosam.
315 391 389 453 Nolo
410 365 558 454 nominare
580 395 698 454 domum
719 396 780 454 sive
802 394 936 470 militem,
968 409 1006 452 ne
1033 391 1105 452 forte
1135 392 1193 452 ali-

153 487 241 556 quam
263 497 299 540 ex
319 481 373 556 his,
395 497 470 556 qnae
492 481 619 541 dicturus
641 500 712 557 sum,
736 483 803 557 quia
825 481 920 541 adhuc
942 482 1030 554 vivit,
1051 481 1193 540 sustineat

153 567 364 628 verecundiam.
406 569 498 627 Facto
521 585 555 627 eo
577 571 707 643 novicio,
740 571 770 626 in
791 575 904 627 tantum
925 566 1057 626 diabolus
1077 567 1156 626 illam
1171 563 1192 644 ¹)

43 699 50 721 ,
153 655 319 729 stimulavit,
338 659 372 714 ut
386 671 404 713 a
418 658 564 731 proposito
585 654 713 730 resiliret,
734 657 925 730 maritumque
945 657 1004 713 iam
1024 657 1054 713 in
1074 655 1192 713 batrem

154 757 325 802 conversum
345 747 494 816 repeteret.
537 743 617 800 Dum
638 744 679 801 sic
700 742 770 800 nihil
798 741 963 817 proficeret,
996 758 1062 800 cum
1090 741 1193 800 amicis

153 828 192 888 ad
213 830 415 890 monasterium
435 828 570 888 insidiose
590 831 718 903 veniens,
738 835 772 889 ut
792 830 847 889 sibi
869 845 935 888 cum
955 827 1004 888 illo
1016 834 1096 888 extra
1107 832 1193 903 septa

153 917 318 976 monasterii
348 914 428 990 loqui
454 915 566 991 liceret,
597 918 700 990 petivit
728 921 758 975 et
786 909 917 975 obtinuit.
966 915 1059 991 Quem
1084 915 1192 974 milites

153 1004 314 1080 rapientes,
335 1008 365 1061 et
384 1005 414 1062 ri
436 1019 521 1078 snper
544 1013 651 1077 equum
670 999 816 1062 trahentes
838 1003 981 1062 abducere
1004 1003 1192 1062 conabantur.

153 1090 207 1150 Ille
227 1106 296 1150 vero
318 1091 348 1147 in
370 1095 509 1165 quantum
531 1106 567 1149 ex
588 1107 647 1148 una
668 1095 749 1166 parte
770 1089 936 1163 levabatur,
961 1091 991 1148 in
1020 1095 1133 1148 tantum
1153 1104 1192 1147 ex

154 1177 244 1237 altera
264 1181 346 1252 parte
368 1175 501 1236 deorsum
532 1175 692 1251 labebatur.
735 1176 866 1236 Tandem
897 1175 968 1234 nihil
998 1175 1129 1236 videntes
1157 1191 1192 1234 se

153 1264 309 1341 proficere,
337 1280 403 1322 eum
435 1268 567 1324 matrona
593 1267 700 1323 reversi
728 1270 803 1323 sunt
846 1264 928 1322 Tune
950 1261 999 1322 illa
1020 1263 1097 1322 siluit
1128 1267 1191 1321 toto

70 1381 73 1390 ·
154 1368 230 1411 anno
251 1349 310 1409 illo.
351 1349 446 1408 Finito
467 1365 536 1409 vero
545 1346 565 1428 ²)
588 1367 663 1409 anno
684 1351 876 1426 probationis,
910 1353 1041 1427 exigente
1062 1349 1193 1410 necessi-

154 1444 223 1513 tate,
244 1441 372 1496 assumto
393 1453 493 1495 secum
514 1435 656 1496 monacho
678 1440 808 1497 venitin
830 1437 947 1496 domum
969 1455 1060 1512 suam,
1081 1440 1110 1495 in
1131 1452 1193 1510 qua

154 1523 349 1600 supradictam
375 1525 490 1598 reperit·
506 1529 674 1583 matronam.
722 1523 777 1583 llla
805 1523 943 1583 simulans
970 1521 1032 1604 se³)
1061 1522 1137 1583 velle
1163 1525 1193 1582 ei

154 1611 233 1687 loqui
254 1611 399 1683 secretius,
418 1611 449 1667 in
471 1626 614 1668 cameram
636 1609 725 1685 duxit,
750 1611 905 1686 clausoque
927 1617 994 1686 post
1013 1611 1094 1669 illurn
1115 1611 1192 1670 ostio

155 1697 294 1774 clanculo,
315 1696 449 1772 amplecti
470 1713 505 1755 ac
528 1694 685 1756 deosculari
708 1699 811 1773 coepit
854 1697 997 1773 Sperabat
1018 1698 1101 1772 enim,
1122 1698 1193 1772 quia

155 1787 181 1844 si
199 1784 280 1843 illum
296 1783 339 1844 ’ad
360 1783 539 1860 peccandum
561 1784 695 1843 inducere
716 1789 826 1859 posset,
848 1783 926 1859 quod
948 1783 1062 1844 deserto
1083 1783 1194 1858 ordine,

106 1901 125 1928 ι,
155 1871 193 1931 ad
214 1874 306 1947 ipsam
327 1869 440 1930 rediret
482 1869 540 1930 Sed
562 1870 637 1929 filius
665 1872 833 1948 integritatis
855 1870 1000 1946 Christus,
1030 1872 1079 1946 qui
1105 1873 1193 1929 inno—

156 1964 268 2018 centem
288 1975 409 2034 pnerum
419 1956 531 2033 Joseph
552 1957 684 2016 liberavit
705 1958 740 2017 de
762 1957 895 2017 manibus
912 1956 1067 2032 adulterae,
1089 1959 1195 2033 eripuit

35 2107 37 2112 ,
157 2051 186 2105 ct
205 2044 283 2104 hunc
304 2045 422 2104 militem
444 2061 528 2103 snum
549 2043 586 2103 ab
609 2043 790 2120 amplexibus
811 2043 915 2104 illicitis
937 2061 1007 2104 suae
1038 2043 1194 2120 legitimae

155 2132 231 2192 Nam
253 2131 289 2191 de
310 2131 435 2200 brachiis
456 2133 517 2189 eius
539 2147 569 2189 se
592 2133 746 2206 excutiens,
766 2130 883 2190 illaesus
905 2132 1001 2206 exirit,
1025 2136 1055 2191 et
1074 2133 1104 2189 in
1124 2132 1196 2207 igne

155 2235 215 2278 non
235 2220 313 2278 arsit.
354 2216 480 2277 Rediens
501 2217 547 2276 hie
568 2219 597 2276 in
620 2216 738 2277 domum
759 2235 843 2278 suam
865 2216 959 2276 dicere
972 2213 1114 2298 poterae)
1126 2235 1196 2278 cum

37 2321 41 2327 ·
155 2303 325 2366 Salomone:
346 2305 451 2364 Inveni
473 2308 652 2363 amariorem
673 2311 768 2364 morte
789 2305 949 2379 mulierem,
972 2323 1049 2380 quac
1067 2306 1197 2382 laqueus

154 2399 334 2452 venatorum
356 2398 405 2464 esi,
428 2398 455 2450 ei
476 2408 589 2466 capena
610 2408 661 2450 cor
684 2394 753 2464 eius,
774 2392 896 2450 circula
916 2399 987 2450 suot
1000 2409 1109 2451 monus
1122 2394 1197 2452 cites.

157 2477 211 2538 Cui
231 2480 335 2564 mento
354 2480 485 2554 congruit
506 2477 583 2552 quod
605 2479 800 2554 subiungiture
824 2479 884 2556 Qui
901 2479 1000 2553 placet
1016 2479 1092 2551 Deo,
1115 2478 1196 2555 effer

496 2841 730 2912 CAPITULUM
750 2839 860 2902 XCIV.

244 2965 292 3025 De
312 2969 400 3042 pravi
422 2967 584 3026 cambone
605 2963 751 3022 Ricbtoioi
772 2963 917 3022 cedmarii
938 2962 974 3022 ob
996 2965 1096 3025 literas

563 3051 804 3110 sanctimonialis.

199 3173 322 3234 Juvenis
350 3173 467 3249 quidam
490 3172 681 3246 coloniensis,
713 3170 879 3232 Riohwinus
907 3173 1035 3245 nomine,
1063 3173 1198 3234 novicius

156 3261 249 3322 ucms
271 3267 315 3324 est
335 3261 364 3318 in
386 3260 472 3319 domo
494 3264 601 3320 nostra.
643 3257 700 3317 Hic
723 3276 788 3320 oum
810 3260 879 3318 satis
902 3258 1006 3317 devote
1034 3275 1074 3316 ae.
1099 3261 1198 3333 quiete
1225 3283 1230 3291 ·

156 3365 209 3423 per
229 3346 346 3423 aliquod
367 3353 480 3424 tempus
501 3348 530 3404 in
558 3345 728 3421 probatione
758 3351 882 3421 ageret,
897 3345 1081 3418 ordinemque
1110 3363 1198 3406 suum

158 3434 294 3509 disceret,
317 3431 447 3494 diabolus
469 3435 535 3508 paci
557 3450 592 3492 ac
614 3430 699 3490 saluti
721 3434 782 3492 eius
803 3431 949 3507 invidens,
977 3448 1029 3506 per
1050 3429 1198 3506 quandam

157 3521 403 3582 sanctimonialem
430 3519 534 3579 beatae
566 3518 708 3578 Caeciliae
740 3521 798 3578 iam
821 3517 914 3580 dictae
936 3519 1056 3578 civitatis
1083 3525 1197 3578 tantam

156 3624 289 3686 guerram
310 3609 340 3666 in
362 3609 422 3666 eius
445 3605 531 3666 eorde
553 3608 651 3681 movit,
673 3607 759 3665 tanfis
781 3601 931 3665 libidinum
947 3605 1067 3665 stimulis
1079 3622 1197 3666 carnem

175 3775 206 3845 1)
222 3773 265 3828 BG
281 3772 368 3825 illam
392 3772 442 3824 dia
472 3774 552 3826 olus.
571 3804 604 3812 -
623 3774 655 3841 2)
672 3787 752 3826 vero
769 3771 818 3823 add
835 3771 885 3825 Bc.
905 3773 979 3843 -3J
997 3773 1018 3826 D
1042 3787 1076 3826 se
1099 3775 1196 3827 simu-

231 3844 311 3896 lans.
332 3873 363 3884 -
381 3843 414 3911 4)
451 3843 470 3896 Ρ
487 3845 604 3911 poluit.
624 3873 654 3884 -
674 3843 706 3912 5)
723 3841 819 3896 Eccles.
837 3843 864 3908 7,
881 3842 923 3895 27.
