2654 4308
176 235 236 298 126
489 225 716 300 aminiculo
738 235 903 301 ocrsvs‘

173 366 270 421 tauma
291 359 457 420 securitatis.
498 359 692 438 Interrogatus
715 359 750 422 de
772 360 890 421 custode
913 359 1015 422 domus
1036 377 1122 437 snae,
1144 375 1211 421 oum

174 465 226 524 per
252 448 390 524 ambages
410 446 618 524 respondisset,
646 452 675 506 et
695 447 751 507 hoc
772 449 866 524 ipsum
888 450 1020 510 concives
1040 454 1142 508 notare
1163 449 1210 508 in·

176 534 345 608 tellexisset,
373 535 483 612 timens=
505 549 542 593 ne
563 533 634 594 sorte
655 535 710 594 sibi
730 537 790 594 vim
810 535 959 610 inferrent,
987 535 1136 598 brachium
1158 551 1212 596 ex·

175 621 290 681 trahens
303 619 416 679 cuidam
432 618 567 680 inclusae·
581 620 798 680 custodiendum
819 624 968 682 commisit
1010 621 1093 698 Quae
1114 637 1212 681 secre-

175 715 236 768 tum
259 706 352 766 celare
367 709 505 782 nesciens,
526 706 640 768 cuidam
654 705 815 784 depositum
828 707 960 784 prodidit,
981 713 1010 768 et
1029 709 1077 768 ille
1091 708 1213 768 civibus.

177 795 234 872 Qui
266 795 361 853 statim
382 793 515 869 reliquias
543 793 690 869 tollentes,
711 799 740 853 ct
768 793 806 854 ad
834 794 984 855 ecclesiam
1012 792 1214 871 deportantes,

177 882 331 957 depositori
362 897 428 940 oum
455 879 578 940 lacrimis
605 897 660 941 sna
686 882 839 957 repetenti,
871 881 968 941 durius
994 880 1214 957 responderunt.

177 968 270 1045 Quem
303 985 369 1028 cum
398 969 623 1044 interrogassent
654 969 734 1027 cuius
755 970 846 1027 sancti
867 974 963 1028 esseut
993 967 1147 1044 reliquiae,
1180 983 1214 1028 se

176 1071 281 1114 nomen
292 1055 402 1116 nescire
416 1051 494 1129 dixit,
513 1052 613 1114 nolens
634 1055 676 1114 eis
694 1053 759 1112 illas
771 1054 901 1130 prodere.
935 1050 980 1113 Eri
1002 1054 1100 1115 dolore
1115 1061 1215 1114 tamen

177 1144 322 1203 civitatem
344 1141 496 1216 deserens,
526 1145 555 1200 et
574 1142 741 1216 pauperiem
761 1143 920 1217 incurrens,
948 1158 1006 1201 non
1034 1142 1125 1201 multo
1147 1147 1216 1216 post

175 1228 334 1288 infirmatus
371 1233 415 1286 est
446 1228 623 1304 gravissime.
673 1225 731 1302 Qui
763 1244 829 1287 cum
851 1229 923 1287 mori
946 1227 1059 1288 timeret
1069 1223 1103 1307 ¹),
1132 1229 1215 1287 cuius

178 1321 273 1376 essent
292 1314 444 1389 reliquiae,
475 1321 503 1374 et
524 1313 668 1389 quomodo
688 1312 751 1372 illas
773 1314 955 1390 obtinuisset,
983 1315 1139 1374 confessori
1160 1330 1215 1374 suo

176 1402 320 1479 patefecit.
355 1399 442 1478 Quod
453 1400 504 1460 ubi
522 1406 699 1477 compertum
712 1405 756 1460 est
774 1402 892 1475 civibus,
912 1399 1027 1462 thecam
1048 1407 1215 1478 argenteam

177 1494 206 1550 et
226 1488 406 1563 deauratam,
427 1489 604 1564 gemmisque
623 1488 755 1563 pretiosis
776 1493 921 1562 ornatam,
942 1488 981 1548 ad
1000 1487 1216 1548 similitudinem

176 1575 286 1636 brachii
310 1575 452 1648 iecerunt,
482 1575 513 1632 in
540 1591 576 1634 ea
602 1572 737 1649 reliquias
764 1579 943 1651 reponentes.
984 1574 1048 1652 Ego
1069 1579 1137 1634 ante
1157 1574 1216 1634 hoc

176 1663 322 1723 biennium
341 1659 418 1721 idem
438 1659 588 1729 brachium
608 1659 680 1736 vidi,
702 1666 733 1720 et
753 1667 796 1732 est
816 1660 892 1737 pelle
913 1666 942 1720 et
963 1677 1048 1722 carne
1069 1663 1216 1722 vestitum

177 1749 246 1809 Vidi
265 1749 305 1808 ibi
327 1753 356 1807 et
377 1763 490 1808 crucem
510 1763 632 1823 parvam
652 1741 769 1807 auream
789 1747 915 1823 reliquiis
935 1747 1082 1822 refertam,
1102 1746 1215 1810 mede-

178 1837 229 1896 rici
241 1835 434 1911 Imperatoris,
447 1851 522 1911 quae
535 1833 681 1911 praedicto
696 1834 803 1894 homini
817 1851 883 1894 oum
896 1833 1014 1896 brachio
1028 1834 1097 1893 data
1112 1833 1215 1894 dierat.

178 1921 379 1984 NOVICIUS:
408 1919 482 1982 Cum
509 1927 609 1981 sancto
630 1919 764 1981 Johanne
791 1927 954 1980 sauctorum
974 1937 1060 1982 nemo
1082 1919 1216 1980 credetur
1310 1943 1313 1968 r

178 2027 241 2070 esse
262 2011 371 2083 maior,
391 2008 460 2084 quid
482 2013 525 2068 est
546 2006 624 2083 quod
643 2007 753 2066 nullum
774 2008 887 2084 signum
907 2006 1010 2085 legitur
1029 2009 1059 2066 in
1079 2008 1141 2067 vita
1161 2023 1216 2069 sua
1312 2077 1313 2082 γ

176 2095 298 2157 iecisse?
348 2093 583 2155 MONACHUS:
614 2091 655 2152 Ut
674 2092 816 2154 Dominus
843 2095 1007 2155 ostenderet
1033 2095 1217 2155 sanctitatem

178 2201 238 2243 non
266 2184 419 2243 consistere
447 2182 477 2240 in
505 2181 607 2258 signis,
635 2178 687 2240 sed
714 2183 743 2240 in
772 2181 849 2241 bona
876 2183 945 2240 vita.
986 2181 1066 2240 ¹Post
1092 2185 1217 2242 mortem

181 2273 257 2332 enim
270 2270 358 2346 signis
374 2266 475 2329 claruit
494 2266 749 2327 innumerabilibus
770 2273 799 2327 et
818 2268 939 2344 maguis.
980 2266 1125 2328 Praedioti
1145 2282 1216 2327 vero

180 2360 257 2418 cives
283 2354 409 2431 reliquiis
434 2356 526 2414 sancti
546 2352 687 2414 Joheunis
707 2356 855 2429 timentes,
882 2360 957 2414 retro
978 2353 1069 2414 altare
1088 2355 1219 2414 secenmt

180 2441 382 2503 domunculam
411 2457 447 2500 ex
467 2439 573 2501 tabulis
593 2443 664 2500 satis
683 2439 811 2517 firmam
838 2443 868 2500 in
890 2443 970 2502 cuius
992 2443 1140 2501 cacumine
1159 2457 1217 2502 no·

181 2530 274 2590 atibus
302 2527 479 2589 sacerdotem
501 2527 623 2586 dormire
649 2527 784 2588 fecerunt
834 2526 895 2588 Sub
925 2541 982 2604 quo
1010 2529 1103 2603 prima
1129 2533 1218 2588 nocte

179 2620 221 2678 sie
249 2616 351 2676 domus
373 2618 564 2690 conquassata
585 2619 642 2689 est,
674 2619 708 2673 ut
734 2629 793 2674 non
812 2629 935 2690 parvum
956 2615 982 2674 ei
1003 2614 1150 2674 horrorem
1170 2616 1218 2676 ite-

180 2710 304 2780 outeret;
335 2701 462 2762 secunda
489 2716 558 2761 vero
587 2706 671 2760 noete
699 2699 885 2762 dormientem
914 2704 1053 2776 excussit,
1080 2703 1110 2760 in
1130 2701 1217 2778 pavi·

179 2796 308 2854 mentum
337 2788 418 2849 illum
449 2787 608 2864 proliciens.
658 2785 788 2863 Cumque
819 2804 894 2847 unus
922 2803 957 2848 ex
985 2789 1151 2864 potentibus
1181 2787 1217 2850 de

181 2881 295 2940 cimtete
322 2876 523 2948 infirmaretur,
552 2879 581 2933 et
601 2873 795 2936 Theodericus
822 2874 958 2936 ecelesiae
984 2874 1060 2934 illius
1081 2874 1217 2936 sacerdos

177 2964 287 3027 abillo
308 2968 434 3038 rogetus,
454 2959 604 3020 brachium
623 2962 652 3018 in
665 2959 782 3020 domum
805 2961 864 3020 eius
889 2960 1045 3036 detulisset,
1066 2979 1101 3022 ac
1124 2960 1217 3022 denu-

104 3081 106 3091 =
178 3052 290 3126 desset,
315 3057 376 3110 tam
396 3046 545 3107 brachium
566 3063 654 3122 quam
674 3062 829 3122 purpuram
864 3049 908 3108 oui
930 3047 1217 3123 iuerat-involutum,

179 3140 283 3214 reperit
303 3136 409 3196 recenti
429 3135 568 3210 sauguine
588 3133 732 3194 intectum.
774 3133 857 3194 Haec
878 3133 947 3192 mihi
968 3151 1018 3194 ore
1039 3152 1093 3194 suo
1113 3135 1218 3196 retulit.

175 3222 320 3286 *Sacerdos
334 3223 371 3281 ab
385 3220 488 3281 eodem
504 3219 622 3281 brachio
643 3219 787 3282 modicum
810 3222 900 3280 camis
922 3220 1089 3296 praecidens
1098 3218 1129 3301 ²),
1151 3239 1218 3282 cum

177 3311 257 3371 illem
270 3312 299 3368 iu
312 3325 400 3368 manu
414 3306 526 3368 occulte
545 3306 674 3382 detenet,
691 3311 802 3366 tantum
823 3308 912 3366 sensit
932 3305 1063 3367 ardorem
1084 3324 1122 3368 ex
1144 3304 1218 3388 ου’),

177 3415 215 3458 ac
237 3399 261 3456 si
280 3397 400 3472 ignitum
432 3395 585 3454 carbonem
616 3398 751 3469 portaret.
799 3391 894 3454 Multa
913 3389 1056 3469 siquidem
1071 3395 1155 3471 signa
1182 3411 1218 3458 at

179 3485 316 3544 sanitates
328 3499 380 3559 per
393 3481 509 3542 easdem
522 3479 657 3557 reliquias
669 3481 698 3538 in
712 3479 761 3542 illa
773 3479 847 3540 liunt
859 3482 983 3555 civitate,
1004 3483 1112 3543 metitis
1126 3481 1218 3544 sancti

175 3569 319 3632 Johannis
338 3569 496 3646 Baptistae.
614 3617 617 3621 .

196 3805 458 3876 obuenisset.
478 3835 508 3846 -
527 3803 560 3874 2)
577 3802 600 3857 Ι)
616 3801 838 3872 praescidatur.
858 3781 889 3846 ζ-
917 3803 949 3876 ³)
966 3803 988 3858 lt
1004 3820 1042 3858 cx
1058 3820 1103 3860 ea.
