2654 4308
348 285 404 348 nu
423 247 609 350 nrvuasrs
631 283 866 350 vrsroumus.
903 270 909 284 “
1076 287 1138 346 ιιι

455 439 689 504 CAPITULUM
710 443 807 504 XLV.

155 547 206 608 De
226 562 328 607 amore
350 545 500 638 Cerdone
521 565 600 624 quae
621 547 694 608 vidit
716 548 856 625 appetam
871 551 1080 624 promentem-

483 653 548 696 cem
575 637 755 696 animarum.

101 679 252 798 'Soror
273 736 417 801 Christiue
437 737 475 798 de
487 737 719 824 Volmuutpteinc
739 735 990 800 sarrctimonialis
981 755 1012 795 m
1027 736 1138 814 Bergis,

98 825 181 886 cuius
209 826 239 883 ιιι
266 826 459 901 superioribus
486 826 617 901 memini,
644 831 742 886 tantae
770 825 862 886 luerat
882 823 1077 901 perfectionis,
1106 827 1140 882 ut
1185 830 1190 842 “

97 923 239 990 praesens
251 911 312 970 vita
324 913 350 971 ei
371 917 448 972 esset
460 912 606 988 intaedio,
628 917 657 972 et
677 929 754 971 mors
766 913 797 970 in
815 911 963 972 desiderio.
994 909 1138 986 Tempore

98 997 228 1078 quodam
260 998 498 1076 quadragesimali
526 1017 592 1059 cum
620 1016 652 1058 se
679 1000 710 1058 ιιι
737 1001 866 1075 proximo
888 996 1003 1058 Pascha
1023 1001 1141 1073 putaret

98 1103 163 1146 esse
185 1086 361 1160 morituram,
382 1090 478 1146 mente
500 1084 645 1147 excedens
663 1092 746 1162 rapta
768 1092 812 1146 est
831 1085 972 1145 inlocum
993 1085 1139 1144 amoenis·

27 1173 31 1180 '
97 1175 212 1276 simum,
233 1169 312 1230 haud
333 1171 453 1232 dubium
474 1175 543 1248 quin
563 1176 593 1234 in
607 1173 781 1248 paradisum
823 1171 858 1232 In
880 1189 937 1249 quo
959 1170 1032 1230 vidit
1049 1169 1140 1230 altare

97 1260 162 1318 miri
184 1257 303 1334 decoris,
325 1264 354 1318 et
375 1265 443 1319 ante
455 1259 545 1320 altare
563 1260 671 1320 multae
686 1261 861 1320 reverentiae
875 1273 1036 1336 personam,
1057 1257 1142 1316 cuius

96 1345 281 1424 pulchritudo
295 1347 510 1406 inaestimabilis
524 1352 586 1406 erat
605 1349 698 1406 nimis.
735 1346 831 1423 Quam
853 1364 919 1406 cum
935 1347 1140 1420 interrogasset

98 1428 204 1509 quaed
228 1438 318 1507 esset,
344 1432 392 1494 vel
414 1435 494 1493 cuius
516 1433 616 1509 ostes,
644 1433 804 1510 respondit·
833 1432 896 1510 Ego
919 1449 983 1492 sum
1004 1429 1140 1490 Archan-

98 1518 183 1597 gelus
211 1520 261 1594 qui
287 1525 439 1594 praesento
469 1522 579 1580 animas
609 1527 675 1580 ante
696 1521 801 1580 Deum.
843 1519 882 1579 Ει
900 1518 966 1578 illa:
993 1514 1142 1593 Numquid

99 1607 215 1666 derune
247 1612 277 1664 et
310 1609 421 1666 animas
450 1605 487 1668 de
521 1607 619 1666 ordine
651 1615 749 1668 nostro
785 1603 975 1683 praesentas?
1029 1603 1139 1678 Etiam,

98 1695 201 1773 inquit.
244 1689 380 1752 Omnium
401 1695 431 1754 ιιι
453 1693 551 1754 ordine
572 1699 622 1754 tuo
644 1695 719 1754 bene
739 1696 900 1754 viventium
921 1694 1045 1767 animas,
1073 1707 1139 1750 mo·

98 1779 259 1839 nachorem
270 1779 411 1856 videlicet,
432 1798 634 1842 conversorum
648 1787 678 1842 et
692 1779 958 1854 sanctimonialium,
980 1795 1034 1856 ego
1052 1793 1140 1853 prae·

99 1872 183 1926 sento
212 1871 279 1926 ante
300 1865 406 1927 Deum.
454 1869 492 1926 Et
520 1867 637 1930 adiecit:
666 1868 732 1927 Non
760 1867 847 1927 modo
869 1867 1009 1942 morieris,
1038 1863 1141 1924 sedin

98 1955 230 2031 proximo
251 1951 374 2014 Pascha
418 1953 504 2030 Quod
531 1957 573 2014 ita
603 1955 785 2015 factumest.
826 1953 902 2013 Nam
924 1969 990 2012 cum
1010 1968 1063 2029 per
1082 1949 1137 2010 ali-

100 2046 172 2117 quot
194 2039 255 2099 dies
269 2046 438 2118 aegrotaret,
460 2048 490 2102 et
509 2059 584 2118 pene
598 2041 724 2118 quotidie
738 2042 969 2114 communicaret,
988 2038 1138 2114 magonia

99 2128 196 2204 posita
223 2128 360 2189 ιιιιιιιιιιι
388 2128 443 2187 sibi
472 2129 534 2188 dari
559 2131 643 2206 petiit
653 2125 690 2210 ²),
719 2145 785 2188 cum
813 2145 870 2204 quo
897 2125 1026 2186 nondum
1052 2123 1140 2200 plene

99 2215 261 2289 masticato,
283 2216 413 2290 spiritum
426 2215 549 2275 reddidit
570 2215 660 2276 coelo.
704 2215 777 2275 Cum
798 2219 875 2276 esset
889 2213 1013 2274 adhuc
1004 2231 1034 2270 ιιι
1050 2227 1138 2287 prae·
1232 2263 1236 2269 .

101 2301 179 2360 dicto
208 2303 311 2361 mentis
333 2319 453 2362 excessu
473 2303 644 2363 venerabilis
665 2303 745 2380 virgo
769 2300 927 2377 Unristina,
954 2298 1026 2360 vidit
1053 2313 1140 2374 super

100 2361 193 2448 altere
220 2389 334 2447 mitram
361 2391 459 2466 magni
485 2389 595 2450 decoris
614 2387 797 2494 pendentem.
838 2387 877 2448 Ει
897 2405 964 2448 eum
984 2387 1143 2462 requireret

100 2476 138 2534 ab
150 2473 254 2550 angelo
269 2473 338 2551 quid
350 2475 477 2535 futurum
492 2484 567 2538 esset
577 2477 613 2536 de
623 2478 719 2537 anima
729 2474 877 2536 cuiusdam
887 2473 1043 2534 sacerdotis
1053 2487 1140 2548 quem

100 2561 264 2638 specialiter
285 2561 433 2639 diligebat,
455 2567 536 2623 cuius
557 2570 625 2624 tunc
646 2562 862 2638 recordabatur,
883 2559 1043 2640 respondit.
1066 2558 1141 2618 (lum

102 2649 214 2722 obierit,
235 2651 319 2708 mitra
340 2649 396 2710 hac
407 2647 428 2730 ⁸)
452 2653 537 2726 capiti
558 2655 619 2711 eius
638 2651 781 2726 imposita,
802 2655 869 2710 ante
882 2647 1039 2709 Dominum
1059 2645 1141 2704 illum

101 2732 370 2816 repraesentabat).
419 2735 622 2798 NOVIOIUS:
655 2737 749 2814 Quem
777 2742 863 2813 putas
891 2735 1026 2816 angelum
1053 2735 1141 2792 istum

99 2819 211 2882 luisset
265 2821 502 2884 Montensis
536 2824 674 2884 Sanctum
701 2821 899 2901 Mychaelem,
932 2815 989 2899 qui
1009 2826 1042 2880 ut
1073 2818 1144 2878 dicit

101 2910 262 2969 auctoritas
279 2913 458 2986 praepositus
480 2916 524 2970 est
543 2911 676 2987 paradisi.
720 2911 829 2971 Ceteris
851 2912 926 2970 enim
943 2907 1052 2984 angelis
1073 2905 1141 2964 dili·

101 2995 217 3072 geutior
242 3001 288 3055 est
315 2999 391 3056 cirea
418 2997 698 3074 genus‘humanum.
739 2995 824 3058 Unde
845 2999 875 3058 in
895 2995 1017 3057 Daniele
1037 2992 1146 3074 legitur

101 3083 190 3142 trisse
217 3084 351 3159 princeps
378 3083 502 3144 filiorum
527 3081 655 3166 lsraelr).
696 3083 775 3146 Hinc
803 3090 847 3145 est
874 3083 952 3159 quod
973 3098 1056 3142 suam
1076 3095 1141 3138 rne-

102 3171 225 3228 mon'am
253 3172 283 3228 in
309 3171 390 3230 terris
411 3171 511 3231 haberi
532 3173 635 3246 voluit,
663 3177 697 3230 ut
717 3173 755 3230 ab
776 3170 939 3232 hominibus
961 3167 997 3228 de
1020 3183 1142 3244 quorum

102 3255 198 3316 salute
211 3272 325 3333 semper
332 3253 353 3338 ⁶)
368 3257 504 3318 sollicitus
519 3265 570 3335 est,
591 3264 800 3336 agnosceretur,
822 3257 991 3336 diligeretur,
1003 3248 1042 3316 'et
1054 3255 1143 3315 obse·

103 3345 179 3420 quus
206 3349 399 3403 veneraretur.
441 3341 646 3406 novicius·
676 3345 752 3422 Quid
779 3348 805 3405 si
832 3347 863 3410 in
884 3344 980 3420 aliquo
1001 3341 1065 3404 loco
1087 3341 1143 3402 sibi

103 3429 243 3506 deputato
261 3432 355 3490 miuus
368 3430 541 3492 veneratur?
574 3431 811 3493 MONAOHUS:
831 3431 929 3491 Ibiet
916 3431 1059 3490 tminora
1081 3429 1143 3488 eius

101 3515 247 3576 beneficia
274 3520 507 3595 experiuntur,
499 3525 540 3580 rte
567 3526 601 3578 ut
628 3519 782 3604 aliquando
812 3520 898 3598 etiam
919 3513 1143 3595 praesentialiter

100 3603 170 3664 inde
199 3603 334 3664 recedere
362 3605 506 3681 videatur,
534 3599 693 3684 seeundum
721 3607 914 3667 testimonium
942 3602 1143 3680 subsequentis

102 3691 234 3752 visionis.

122 3789 360 3859 ¹)B-Qusm
377 3791 511 3858 quis.-
529 3791 563 3860 2)
585 3791 626 3844 BG
648 3792 830 3860 petivit
849 3789 983 3859 sucos
1005 3789 1142 3840 haec-

173 3859 209 3928 4)
221 3857 264 3914 3⁰
279 3859 500 3927 praesentabo.
511 3861 587 3932 -sJ
597 3861 669 3916 Dum
680 3863 722 3929 10,
732 3861 774 3916 1³.
785 3861 993 3930 -63senrper
1008 3853 1142 3910 addABl).
