2622 4322
141 267 205 324 244
305 262 308 268 ·
442 260 672 324 praemorso
690 262 856 340 susara
896 331 898 338 ,

141 390 220 444 tante
241 382 358 458 aneilla,
380 401 487 459 aquam
508 384 587 444 illam
607 384 745 444 foetidam
766 403 858 460 usque
881 384 919 443 ad
940 401 1035 462 genua
1056 387 1182 461 intravit,

81 491 84 502 ·
141 476 170 530 et
184 470 243 530 huc
257 470 385 546 illucque
396 471 615 546 deambulando,
636 472 710 530 bene
733 474 979 548 concupiscentiae
1001 490 1071 532 suae
1091 475 1181 533 satis-

140 556 216 616 fecit.
259 555 344 633 Quod
365 561 462 617 statim
483 561 648 618 nunciatum
663 566 707 617 est
728 561 831 619 marito
854 562 923 618 eius.
965 559 1018 618 Ille
1039 560 1180 636 gaudens,

140 660 208 703 mox
235 649 268 704 ut
298 662 361 704 cam
389 646 469 720 vidit,
495 648 548 704 ait:
578 645 653 721 Quid
676 653 728 720 est,
750 645 886 706 domina?
929 646 1072 705 Fuistisne
1093 646 1180 707 hodie

140 733 214 790 bene
235 730 391 791 balneata?
418 732 621 807 Respondente
642 731 704 790 illa:
726 733 796 808 Fui;
818 733 935 791 adiecit:
957 733 993 791 In
1015 732 1106 808 dolio,
1131 733 1180 792 vel

140 821 169 875 in
190 817 318 893 palude?
340 818 389 877 Ad
402 819 480 894 quod
494 820 615 878 verbum
630 820 749 880 confusa
771 823 869 894 tacuit,
890 821 983 878 sciens
1005 831 1071 878 eum
1093 837 1179 879 suum

140 921 288 964 excessum
316 923 374 964 non
402 906 499 965 latere.
548 906 630 964 Tunc
660 904 720 964 ille:
750 905 807 966 Ubi
836 914 894 980 est,
924 904 1039 965 domina
1067 923 1132 966 mea
1144 903 1177 986 ¹),

140 995 300 1051 constantia
329 1000 438 1067 vestra,
468 992 630 1052 obedientia
658 999 770 1066 vestra,
798 994 934 1052 iaetantia
955 992 1070 1052 vestra?
1113 995 1180 1052 Eva

139 1078 223 1137 vilius
259 1085 369 1138 tentata
403 1080 508 1153 fuistis,
544 1078 666 1156 tepidius
695 1081 851 1154 restitistis,
886 1081 997 1154 turpius
1028 1079 1179 1139 cecidistis.

139 1165 263 1224 Reddite
285 1183 353 1242 ergo
376 1166 453 1240 quod
484 1166 602 1225 debetis.
646 1165 773 1223 Etcum
794 1183 852 1232 non
878 1165 999 1225 haberet
1025 1166 1074 1225 illa
1099 1166 1179 1241 quod

139 1251 272 1328 solveret,
294 1255 390 1311 omnia
411 1255 582 1311 vestimenta
604 1254 665 1310 eius
686 1255 811 1327 pretiosa
837 1252 910 1328 tulit,
932 1259 961 1311 ct
976 1270 1028 1328 per
1049 1253 1179 1312 fflversas

139 1356 277 1414 personas
300 1339 460 1412 distribuit,
482 1342 577 1398 sinens
600 1356 664 1398 eam
685 1356 737 1414 per
758 1339 874 1414 aliquod
888 1346 1001 1415 tempus
1020 1340 1093 1398 bene
1115 1347 1178 1398 tor-

140 1427 228 1501 queri.
278 1424 481 1484 NOVICIUS:
511 1424 604 1485 Valde
633 1426 795 1487 miserabile
825 1432 886 1499 est,
915 1425 995 1500 quod
1027 1429 1067 1486 sic
1095 1444 1178 1486 mens

138 1513 261 1571 hominis
284 1529 397 1588 semper
418 1515 515 1570 nititur
543 1515 572 1570 in
594 1515 723 1571 vetitum.
745 1511 981 1572 MONAOHUS:
1009 1511 1196 1588 Antequam¹

139 1615 232 1658 sermo
253 1599 310 1658 Dei
334 1599 481 1658 audiatur:
503 1597 569 1657 Non
595 1605 639 1658 est
660 1598 804 1658 tribulatio
826 1598 873 1658 vel
894 1601 1028 1674 tentatio,
1053 1599 1104 1659 sed
1125 1601 1178 1659 ubi

138 1689 251 1763 ‚tignum
272 1685 340 1746 belli
361 1686 580 1761 praedicationis
602 1688 674 1745 tuba
692 1686 822 1760 ostendit,
843 1686 1057 1746 tribulationum
1078 1704 1178 1763 pugna

141 1770 321 1852 consurgit2).
343 1774 442 1832 Verba
464 1778 530 1831 sunt
552 1771 684 1849 Origenis
706 1790 792 1848 super
812 1773 892 1831 illum
913 1773 1017 1832 locum:
1039 1773 1088 1833 Ec
1116 1791 1179 1849 qao

139 1862 254 1921 locutus
275 1878 342 1919 susa
363 1859 537 1933 Pboroorrt,
571 1857 710 1936 amictv)
735 1861 883 1935 populum
906 1857 1030 1938 coenet).
1081 1859 1178 1936 Quam

139 1947 235 2007 valida
263 1950 299 2006 sit
328 1946 501 2021 quandoque
527 1963 626 2022 pugna
655 1949 820 2006 tentationis
847 1953 913 2021 post
940 1947 1178 2023 prohibitionem,

139 2034 301 2111 exemplum
327 2035 379 2093 tibi
398 2050 559 2111 proponam
585 2033 706 2092 militem
725 2033 882 2108 quendam,
904 2036 953 2108 qui
975 2036 1067 2112 magis
1090 2033 1179 2111 elegit

138 2125 221 2197 mori,
254 2138 341 2197 quam
370 2123 399 2178 in
431 2122 588 2180 tentatione
621 2137 675 2178 sua
695 2122 830 2195 superari.

402 2372 405 2377 .
450 2309 685 2370 CAPITULUM
705 2309 864 2370 LXXVII.

139 2417 185 2494 De
206 2434 296 2492 rodite
313 2435 489 2509 poenitente,
513 2451 599 2508 quem
623 2436 746 2491 tentatio
769 2413 884 2492 arboris
899 2436 1006 2492 vetitae
1027 2437 1178 2508 exstinxit,

500 2520 552 2578 sed
572 2537 634 2578 ooo
654 2523 812 2595 superavit.
889 2553 895 2570 .

201 2642 286 2701 Miles
300 2641 424 2717 quidam,
446 2644 520 2701 sicut
534 2642 631 2701 audivi
653 2658 671 2699 a
692 2640 819 2714 quodam
840 2643 901 2699 viro
923 2640 1179 2718 religioso‚·multa

137 2730 247 2790 scelera
282 2731 469 2788 commiserat.
519 2728 650 2787 Tandem
682 2728 785 2786 ductus
812 2731 1000 2802 poenitentia,
1029 2731 1109 2788 veuit
1138 2730 1177 2790 ad

138 2815 330 2891 sacerdotem,
360 2818 396 2876 de
426 2818 583 2876 commissis
605 2816 673 2873 feeit
700 2815 923 2889 confessionem,
952 2816 1177 2875 satisfactionem

138 2905 278 2979 suscepit,
308 2903 359 2963 sed
391 2909 555 2979 susceptam
584 2918 698 2961 servare
727 2919 784 2960 non
810 2904 911 2977 potuit.
963 2902 1091 2977 Cumque
1119 2903 1177 2962 hoc

137 2993 252 3067 saepius
278 2993 438 3066 actitasset,
466 2990 511 3064 die
540 2989 666 3063 quadam
695 2988 765 3046 dixit
794 2988 1006 3059 illisaeerdos:
1034 2989 1111 3048 Nihil
1133 2992 1177 3050 sic

137 3077 309 3154 proficimus.
352 3078 408 3136 Dic
430 3094 499 3153 ergo
523 3076 607 3133 mihi:
636 3075 725 3134 Estne
747 3075 854 3150 aliquid
877 3077 954 3151 quod
974 3093 1027 3151 pro
1049 3079 1177 3152 peccatis

137 3168 194 3226 tuis
208 3167 300 3242 possis
318 3163 481 3224 custodire?
503 3162 663 3238 Respondit
675 3162 736 3222 ille:
757 3163 810 3221 Est
824 3180 927 3238 pomus
943 3166 972 3221 in
993 3165 1177 3238 possessione

137 3269 204 3311 mea
224 3251 283 3324 tali,
306 3254 385 3312 cuius
406 3252 515 3310 fruetus
536 3256 596 3308 tam
618 3267 732 3308 amarus
755 3256 784 3308 et
804 3252 944 3325 pessimus
967 3257 1023 3325 est,
1045 3255 1078 3308 ut
1098 3267 1176 3308 nun-

138 3357 225 3414 quam
255 3357 290 3398 ex
319 3356 354 3398 eo
380 3337 533 3398 comedere
563 3353 687 3412 possem.
737 3335 768 3396 Si
796 3336 909 3395 videtur
943 3337 1023 3396 vobis
1052 3338 1176 3412 bonum,

121 3428 313 3502 ‘poenitentia
325 3441 390 3483 mee
404 3427 448 3499 sit,
469 3428 502 3482 ut
523 3415 710 3498 quoadusque
731 3425 829 3482 vivam
845 3423 881 3481 de
903 3424 1030 3483 eiusdem
1040 3420 1060 3503 ⁵)
1082 3425 1177 3499 pomis

137 3529 196 3572 non
230 3511 351 3590 gustem.
395 3511 495 3571 Sciens
528 3509 663 3569 sacerdos
695 3512 819 3570 maxime
846 3517 912 3586 post
939 3511 1176 3587 prohibitionem,

158 3699 189 3767 1)
208 3714 273 3749 mea
291 3712 332 3748 orn
350 3696 400 3751 ssc.
420 3725 451 3736 -
471 3696 503 3763 2)
520 3695 585 3748 Aur
607 3695 756 3766 insurgit.
777 3727 805 3736 -
827 3696 859 3762 3)
876 3696 933 3748 libri
956 3697 1121 3750 afflixisti.
1142 3727 1174 3738 -

207 3766 338 3889 2⁵33}
356 3770 387 3832 5,
413 3767 456 3820 23.
481 3767 582 3836 Origen.
601 3764 690 3818 llomil.
715 3767 739 3820 3.
758 3767 784 3818 iu
806 3766 886 3820 Exod.
906 3797 937 3808 -
965 3767 1035 3843 5)·B
1053 3767 1175 3833 eius,P
1215 3804 1224 3816 .
