2538 4314
79 363 82 368 ,
178 261 239 355 rra
477 293 706 357 nisumcmo
725 295 889 376 cunnus

177 419 231 477 fuit
249 415 329 477 iilum
348 418 536 495 interrogarer
565 417 611 477 Τιι
633 420 696 494 quis
718 435 762 493 es,
789 419 839 478 vel
864 436 921 495 quo
942 437 989 478 me
1012 416 1115 479 ducis?
1156 419 1205 479 In-

176 507 281 580 gressis
311 506 351 564 eis
381 506 564 580 cimiterium,
598 507 693 564 statim
726 511 825 582 aperta
852 512 919 565 sunt
940 504 1092 582 sepulchra
1113 507 1206 564 omnia

177 597 362 666 mortuorum,
390 597 497 650 etcum
519 608 688 651 conversum
710 592 835 651 duxisset
856 593 894 652 ad
914 592 1059 652 hominem
1080 599 1205 652 recenter

179 675 330 753 sepultum,
352 676 465 738 dicebat
485 677 540 737 illi:
561 676 651 738 Vides
672 678 749 738 hunc
769 678 936 738 homiuem?
971 679 1035 738 Cito
1056 679 1123 738 talis
1145 681 1205 738 eris.

180 764 244 840 Quo
273 781 340 841 ergo
362 767 406 824 vis
433 763 497 824 ire?
540 764 633 840 Quem
655 782 720 823 cum
741 765 836 824 adhuc
858 765 962 825 ducere
983 766 1071 826 vellet
1091 765 1131 825 ad
1152 765 1206 824 alia

179 867 299 926 corpora
319 849 433 927 putrida
460 850 638 926 multumque
664 851 814 926 foetentia,
837 854 930 928 eoepit
951 869 1106 912 conversus
1126 853 1206 911 reniti

179 944 209 997 et
229 937 369 998 clamare:
389 937 480 998 Parce
501 938 580 1013 mihi,
602 937 723 1013 domine,
743 957 839 1014 parce,
858 957 916 998 nou
935 942 1011 998 enim
1027 939 1076 998 illa
1089 955 1205 1015 possum

118 1039 125 1051 ·
179 1023 285 1084 videre.
327 1023 486 1101 Respondit
507 1024 622 1084 ductor:
643 1023 752 1087 Sinon
773 1032 855 1101 potes
876 1025 932 1084 hoc
950 1025 1027 1101 quod
1050 1027 1107 1085 cito
1129 1025 1205 1082 tintu-

179 1128 227 1169 ms
245 1128 276 1170 es
290 1111 395 1185 ridere,
416 1118 449 1169 ut
461 1110 529 1187 quid
541 1117 657 1187 propter
677 1111 819 1171 modicam
832 1113 997 1188 superbiam
1006 1114 1050 1171 vis
1066 1111 1103 1171 de
1123 1117 1205 1186 portu

179 1197 280 1256 salutis
301 1195 455 1258 recedere?
498 1197 528 1257 Si
551 1215 618 1274 ergo
639 1198 692 1272 vis,
713 1204 746 1257 ut
767 1203 884 1274 parcam
905 1199 964 1273 tibi,
985 1196 1205 1274 promittemihi,

180 1283 258 1358 quod
278 1301 336 1342 nou
357 1283 475 1344 recedas
496 1284 534 1343 ab
555 1284 705 1344 hocloco.
747 1284 786 1343 Et
798 1287 926 1361 promisit
948 1286 983 1344 ei.
1027 1285 1121 1362 Quem
1143 1289 1205 1343 cuni

178 1369 340 1446 reduceret,
362 1387 429 1430 mox
452 1369 549 1429 clama
569 1377 637 1429 sunt
663 1370 829 1447 sepulchra,
851 1372 949 1431 clausa
976 1377 1044 1430 sunt
1071 1376 1138 1447 post
1158 1385 1204 1428 eos

181 1459 253 1516 ostia
273 1457 392 1533 singula.
423 1455 461 1514 Et
483 1473 548 1516 cum
568 1459 700 1516 transiret
721 1463 787 1518 ante
808 1458 897 1518 altare
919 1474 1131 1534 conversorum,
1151 1457 1204 1514 ibi·

180 1559 236 1619 que
249 1543 405 1619 inclinaret,
418 1542 511 1603 denuo
527 1543 562 1602 de
574 1543 630 1603 hoo
645 1561 710 1602 eum
725 1544 943 1618 commendavit,
963 1545 1033 1605 satis
1055 1542 1204 1604 ostendens

180 1629 258 1704 quod
269 1627 333 1689 Deo
344 1630 471 1706 placeret
478 1629 622 1702 inclinatio
636 1630 784 1706 profunda.
802 1630 941 1708 Ingressis
953 1633 993 1690 eis
1004 1631 1204 1702 dormitorium,

179 1717 276 1774 statim
289 1722 356 1792 post
368 1733 417 1777 eos
436 1715 565 1775 clausum
582 1724 626 1776 est
639 1719 751 1776 ostium.
779 1717 850 1776 Mox
871 1734 939 1776 vero
951 1723 984 1775 ut
1003 1733 1158 1778 conversus
1176 1717 1204 1772 in

142 1793 143 1801 '
177 1819 263 1862 suum
284 1803 390 1863 lectum
411 1819 443 1863 se
462 1802 623 1879 reclinavit,
651 1821 774 1879 persona
795 1803 923 1862 ducentis
946 1803 1098 1880 disparuit,
1121 1809 1149 1864 et
1168 1801 1202 1860 ab

179 1888 228 1948 illa
247 1890 319 1950 hora
339 1891 458 1951 tentatio
475 1891 602 1949 immissa
623 1893 754 1950 cessavit.
796 1889 997 1950 NOVIOIUS:
1019 1891 1096 1950 Puto
1118 1904 1203 1966 auge-

178 1973 239 2034 lum
259 1969 376 2036 Domini
395 1977 482 2036 druse
502 1993 655 2052 personam
675 1977 762 2050 illam,
785 1993 859 2052 quae
875 1973 891 2056 ¹)
914 1993 1083 2036 conversum
1107 1990 1203 2052 super-

178 2063 304 2124 bientem
324 2070 385 2123 tam
404 2062 546 2122 horrenda
566 2065 675 2123 visione
697 2063 834 2138 erudiret,
856 2069 885 2122 et
905 2063 943 2122 ad
964 2069 1071 2122 statum
1094 2061 1203 2122 humili-
1251 2095 1252 2098 =

177 2152 245 2209 tatis
265 2150 421 2209 reduceret.
463 2148 697 2209 MONAOHUS:
719 2150 798 2230 Bene
813 2153 909 2208 sentis.
951 2149 1046 2208 Tanta
1067 2153 1145 2208 enim
1164 2151 1203 2210 est

178 2236 329 2322 clementia
348 2235 544 2311 Redemtoris,
572 2241 605 2295 ut
632 2236 698 2295 licet
723 2238 798 2294 sinat
836 2253 904 2296 suos
933 2234 1086 2310 aliquando
1110 2249 1202 2296 servos

178 2323 314 2400 gravibus
334 2322 539 2382 tentationibus
559 2322 681 2399 pulsari,
708 2339 766 2382 nou
794 2327 891 2381 tamen
920 2322 1036 2382 eosdem
1056 2321 1202 2399 permittit,

178 2411 382 2469 tentationibus
411 2408 554 2484 cedendo,
582 2409 713 2468 mercede
730 2419 859 2468 'suorum
885 2408 1016 2468 laborum
1028 2405 1049 2488 ²)
1075 2407 1202 2468 fraudari.
1251 2459 1252 2466 ,

177 2494 381 2556 NOVIOIUS:
402 2496 503 2556 Timeo
525 2499 599 2554 enim
612 2492 742 2575 ³),quod
757 2512 848 2572 saepe
869 2497 960 2554 inanis
981 2495 1072 2571 gloria
1093 2495 1201 2570 religio-
1251 2531 1252 2564 ι

177 2599 273 2642 sorum
295 2585 396 2643 merita
416 2582 562 2658 impediat.
603 2580 840 2644 MONAOHUS:
867 2582 953 2641 Vana
974 2581 1066 2658 gloria
1094 2579 1201 2642 virtuti·
1251 2631 1252 2636 ,

178 2669 233 2729 bus
253 2672 404 2752 nimisest
423 2671 594 2746 importuna,
617 2674 646 2728 ct
667 2668 703 2728 de
725 2671 875 2728 sanctitate
886 2665 909 2748 ⁴)
930 2671 1066 2728 nascitur.

525 2857 757 2918 urrunnun
779 2852 858 2938 ut)

214 2984 262 3042 De
283 2989 364 3042 coeto
385 2981 540 3055 monacho,
562 2998 648 3056 quern
670 2978 805 3040 diabolus
827 2979 902 3040 dicit
922 2997 952 3039 sc
972 2996 1035 3039 non
1057 2982 1162 3050 lunae,
1251 2971 1252 2996 ⁴

493 3067 630 3143 eoquod
651 3073 721 3125 esset
741 3065 892 3141 superbus.

241 3206 400 3267 Obsessum
427 3205 572 3281 quendam
604 3206 688 3263 amici
715 3205 759 3263 sui
791 3203 827 3263 ad
861 3202 1007 3280 quoddam
1039 3201 1199 3263 coenobium

177 3293 282 3355 ordinis
303 3296 392 3352 nostri
422 3309 474 3368 spe
494 3292 669 3352 liberationis
690 3297 844 3350 traxerunt.
886 3290 935 3349 Ad
962 3307 1049 3367 quem
1078 3301 1200 3366 egressus
1251 3327 1252 3362 3

175 3381 265 3457 Prior,
293 3386 420 3440 assumto
432 3395 530 3438 secum
551 3377 693 3436 monacho
714 3391 836 3453 magnae
859 3379 997 3453 opinionis
1019 3375 1199 3443 adolescente,
1251 3395 1252 3428 ;

176 3485 262 3544 quem
282 3473 402 3527 noverat
422 3467 562 3541 virginem
584 3480 710 3539 corpore,
731 3466 772 3523 ait
794 3464 941 3524 daemoni.
980 3463 1012 3523 Si
1032 3458 1252 3546 praeceperit

175 3555 228 3615 tibi
259 3553 417 3613 monachus
438 3553 501 3625 iste,
521 3556 554 3609 ut
568 3567 661 3626 exeas,
683 3550 826 3625 quomodo
848 3551 967 3618 audebis
981 3547 1117 3609 manere?
1143 3545 1198 3604 Re·
1251 3583 1252 3652 l

176 3638 292 3718 spondit
313 3639 448 3699 daemon:
470 3638 536 3700 Nou
559 3654 624 3698 eum
640 3639 742 3715 time03
764 3638 904 3714 superbus
926 3644 970 3698 est
990 3639 1066 3697 emm
1078 3633 1107 3718 ⁵)
1133 3628 1197 3692 NO-

195 3789 401 3860 1)BPqui.-
370 3787 659 3856 2)BOlaborum
684 3803 871 3840 suorum
886 3787 1018 3856 3)an1m
1034 3781 1194 3838 omnen

243 3855 1195 3928 t)usuperura.-*)uomu.1.p.139.-spuconrmen
