2594 4302
355 273 411 338 nn
430 273 616 340 emensis
637 274 873 340 vmrosmus.
1081 217 1141 340 ιιι
1219 227 1222 248 ’

102 392 288 478 pietantiab,
311 396 343 458 id
370 403 493 460 estora
511 390 613 478 trixa²l
638 396 846 473 dividerentu,
874 389 1053 476 nescioquo
1074 415 1144 466 casu

104 502 164 544 una
191 500 227 544 ex
253 486 296 546 eis
322 483 456 562 neglecta
484 490 536 544 est
578 483 645 546 Non
673 491 770 547 tamen
797 486 920 548 arbitror
938 492 1037 549 aebun
1052 503 1143 563 casu,

104 569 158 630 sed
172 570 269 630 divino
282 576 363 646 nutu,
384 576 417 629 ut
436 569 494 630 Dei
514 570 605 648 gloria
626 571 882 631 manifestaretur
873 591 903 631 m
923 572 982 631 ills.
1022 573 1144 634 Patien-

103 658 213 718 tissime
239 663 337 718 autem
370 656 512 718 deiectum
540 656 621 718 illurn
648 660 806 748 sustinens,
844 660 902 718 imo
930 658 1091 736 neglectam
1111 675 1144 721 se

103 743 265 822 gratulans,
291 761 357 805 cum
377 743 443 803 Deo
465 745 571 821 gratim
592 735 727 820 referret,
756 761 884 804 summus
905 743 952 810 ille
972 744 1105 806 Αιιιι
1096 765 1144 806 rn-

102 830 246 892 rlsibllem
274 833 301 890 ιι
323 831 490 933 pictantiam
510 828 617 906 misit3
612 833 710 892 onim
729 831 911 894 ιιιιιιιιιιιιι
931 831 1081 893 dulcedine
1102 835 1144 894 sic

102 917 247 994 repletum
266 923 310 978 est
331 933 363 980 os
386 919 461 993 eius,
488 917 653 992 nucea·
626 934 737 978 vescera
758 924 788 978 ιι
808 929 923 994 aenne,
943 926 1144 996 utnusquam

38 1025 42 1034 ·
102 1002 213 1082 adquid
241 1003 298 1066 tale
325 1005 356 1064 in
382 1005 444 1066 vita
471 1021 525 1066 sua
553 1007 680 1064 sentiret
727 1003 861 1066 Dulcedc
889 1004 963 1066 haec
989 1005 1144 1082 corporalis

104 1096 175 1152 etat
216 1090 307 1151 Porro
328 1092 358 1150 in
379 1095 475 1150 mente
497 1097 526 1151 et
546 1093 576 1150 in
597 1094 709 1167 anima,
731 1090 880 1153 dulcedine
901 1092 1041 1170 spirituali
1061 1092 1144 1154 Deus

102 1183 165 1240 tam
193 1179 310 1254 copiose
335 1178 463 1250 visitavit
494 1193 573 1253 eam,
601 1184 634 1237 nt
662 1178 769 1238 diceret
794 1177 905 1240 Abbati
932 1184 1032 1240 nostre
1065 1177 1144 1256 quod

103 1263 238 1326 omnibus
267 1263 368 1324 diebus
395 1266 473 1324 vitae
503 1281 575 1340 snae
602 1267 747 1342 pictantiis
767 1267 900 1326 omnibns
921 1282 1019 1328 carere
1043 1265 1144 1341 veltet,

102 1349 261 1412 dummodo
294 1353 324 1410 in
356 1349 494 1411 consimili
523 1350 673 1412 dulcedine
701 1349 827 1432 adhud)
854 1370 915 1412 una
939 1358 1052 1414 tantem
1077 1354 1144 1416 vice

22 1459 37 1466 ··
101 1437 157 1500 sibi
169 1437 269 1500 liceret
281 1435 415 1498 deliciari.
444 1437 503 1497 Pro
524 1455 584 1513 qna
602 1438 681 1498 idem
694 1437 797 1501 Abbas
818 1445 916 1500 noster
930 1438 970 1500 ad
984 1441 1046 1502 eius
1066 1441 1144 1516 peti·

97 1526 211 1588 ,donem
227 1540 280 1602 pro
301 1525 457 1602 gratiarum
477 1527 599 1601 actione,
619 1525 768 1602 hymnum,
791 1525 832 1584 Te
851 1527 954 1589 Deum
973 1526 1143 1600 modmsm,

100 1610 222 1688 singulis
246 1611 332 1670 nobis
352 1611 481 1670 iniunxit
523 1609 727 1674 NOVICIUS:
753 1611 785 1675 Si
806 1612 889 1676 Dens
910 1615 952 1673 sic
973 1613 1145 1676 excellenter

103 1696 247 1758 tantillum
272 1702 435 1758 remunerat
455 1697 485 1756 in
506 1701 650 1774 praesenti
671 1699 746 1775 vita,
770 1715 829 1760 non
849 1701 965 1776 ambigo
987 1703 1057 1776 quin
1077 1717 1144 1762 ma·

97 1801 177 1864 gnus
189 1783 385 1846 tribulationes
399 1782 516 1844 mirifice
528 1787 717 1846 remuneret
708 1803 739 1846 ιιι
759 1785 865 1846 iuturo.
905 1784 1141 1848 MONAGHUS.

103 1869 191 1950 Quod
215 1871 300 1932 facile
325 1868 489 1932 huiusmodi
518 1871 764 1994 consolationes
754 1875 949 1949 inpraesenti
973 1873 1143 1951 perdantur,

97 1975 172 2024 ecce
193 1957 366 2036 exemplum

451 2147 685 2220 CAPITULUM
705 2149 802 2211 XCV.

97 2239 102 2252 l
233 2269 282 2332 De
302 2287 443 2334 converso
465 2273 518 2348 qui
539 2271 660 2332 dicendo
676 2271 809 2350 perdidit
829 2269 1033 2334 debcdioem'

463 2359 605 2419 diviniter
626 2375 799 2421 madescam.

166 2478 331 2540 Conversus
367 2479 525 2556 quidam·
515 2497 546 2540 ιιι
572 2478 787 2540 Hemmcnrode
815 2497 881 2541 enm
908 2481 938 2540 in
966 2479 1143 2543 orationibus
1268 2549 1272 2558 ,

98 2566 162 2630 anis
190 2566 356 2628 mellifluam
384 2567 519 2629 divinitrrs
550 2569 710 2644 accepisset
739 2566 932 2642 dnlcedinem,
963 2574 993 2628 et
1017 2568 1057 2628 ob
1085 2567 1143 2632 hoc

98 2669 189 2729 saepe
210 2653 326 2716 labores
347 2670 415 2714 suos
436 2653 608 2732 negligeret,
635 2655 771 2732 magides
792 2671 862 2715 snus
883 2655 984 2716 crebro
1005 2671 1072 2716 sum
1091 2672 1142 2719 ar-

96 2741 163 2820 guit
176 2737 290 2802 dicens:
302 2739 412 2816 Frater,
426 2743 510 2802 certis
523 2743 700 2816 temporibus
710 2748 756 2804 est
766 2741 915 2816 orandum,
930 2748 960 2802 et
970 2744 1056 2802 certis
1064 2749 1142 2806 tem·

96 2827 219 2903 poribus
229 2825 427 2890 laborandum.
446 2826 501 2888 ille
516 2829 591 2888 sicut
600 2827 687 2888 homo
696 2827 819 2905 simplex
829 2835 863 2888 ut
871 2831 1066 2905 increpantem
1073 2828 1142 2906 pla·-

98 2918 180 2988 caret
188 2911 350 2988 respondit·
367 2909 393 2972 0
406 2915 550 2991 magidor
561 2915 586 2974 si
599 2915 708 2976 sciretis
722 2931 849 2991 ¹eausam,
866 2932 924 2975 non
934 2915 1141 2991 mihiimprrta·

97 3000 178 3062 retis.
204 2997 289 3074 Rogo
307 3003 340 3058 ut
358 2996 429 3058 detis
446 2999 517 3060 miln
533 2999 672 3060 osculum.
699 3000 827 3062 Putabat
841 3003 916 3062 enim
928 3001 1026 3080 quod
1018 3019 1141 3078 rmpres·

97 3087 181 3164 sione
199 3083 341 3144 labiorum
361 3083 483 3146 eandem
502 3087 607 3146 sentire
622 3086 722 3162 posset
736 3084 923 3152 dulcedinem.
956 3088 1009 3150 Cui
1028 3094 1142 3152 moret

99 3169 232 3238 eaordum
247 3169 325 3232 dedit
338 3169 394 3247 ille,
410 3173 533 3248 gratiam
546 3171 800 3250 irrecuperabiliter
812 3182 845 3236 nt
858 3182 928 3252 pute
942 3175 1066 3253 perdidit
1077 3177 1141 3240 iste·
1154 3243 1157 3250 ,

96 3257 198 3322 Simile
207 3273 283 3338 pene
296 3257 388 3321 babes
401 3275 489 3334 snpra
504 3259 629 3336 capitulo
643 3259 863 3338 quadragesimo
877 3259 999 3342 tertio‘),
1018 3262 1054 3325 da
1067 3280 1141 3332 ιιι·

97 3363 184 3410 verso
198 3361 248 3424 qm
239 3343 395 3423 angelum
404 3361 492 3424 saepe
505 3345 585 3421 vidit,
598 3353 628 3408 et
640 3347 762 3422 dicendo
775 3350 898 3425 gratiam
907 3349 1040 3428 perdidit.
1060 3349 1140 3415 ileu

96 3451 147 3498 sas
169 3449 240 3498 vero
261 3433 464 3496 subtractionis
483 3434 595 3510 gratiae
614 3435 809 3510 inpraesenti
829 3435 925 3513 plnres
946 3453 1019 3513 csse,
1035 3433 1139 3519 alibir)

82 3520 153 3582 ‘tibi
173 3521 329 3600 assignavi.
362 3518 486 3598 Quidam
507 3525 603 3582 ιιιιιιιι
623 3519 691 3583 licet
711 3521 774 3586 aliis
794 3523 850 3585 sibi
867 3522 1003 3584 divinitus
1023 3530 1140 3591 ostensa

116 3634 187 3706 1)0
205 3636 360 3703 pitantia,
384 3635 615 3689 sicetinlra.
634 3636 856 3724 tilillxa-
875 3635 1139 3724 BJlibritetlroc,

166 3705 291 3759 ΗοιιιιΙιιι
315 3705 467 3777 „dummodo
488 3715 586 3760 tentum
610 3706 692 3760 adbuc
709 3724 759 3760 una
776 3711 833 3762 vice
850 3708 1023 3779 similigratia
1040 3708 1139 3762 visitari

111 3743 533 3922 ''ffereetldwcmw'h
551 3775 882 3850 4Jlibrisccnndc.»
851 3777 1137 3906 *5)ιιιιηιιμ30
