2622 4322
99 277 102 284 ·
176 265 238 325 aon
364 251 367 260 ‘
488 261 716 328 oleumcum
739 261 903 348 ponnus

178 385 276 446 audiri
297 385 334 446 ab
357 402 407 446 ore
423 387 572 447 cuiusdam
592 387 725 463 Abbatis,
747 390 796 464 qui
816 388 897 449 illum
917 387 998 449 novit
1018 348 1204 448 etfamiliaris

176 470 237 531 int.
279 471 338 533 Sed
360 478 389 533 et
410 490 471 551 ego,
484 474 564 534 illum
584 477 661 535 novi.

509 679 741 742 CAPITULUM
762 679 883 742 XXXI.

176 800 224 860 Do
244 799 374 862 Hernico
396 819 535 862 oenomao
564 797 741 876 Vdartenst,
764 806 816 879 qni
836 805 969 879 praviter
990 807 1120 863 tentatus
1140 802 1206 880 fuit,

402 906 435 949 ao
457 889 540 966 quod
558 907 620 948 nors
642 897 713 950 esset
731 890 809 966 filius
831 891 985 966 lapidimus.
1019 909 1022 920 ⁴

241 1023 353 1086 Nomen
380 1043 518 1086 converso
539 1026 682 1087 Henrieus
709 1028 776 1104 fuit,
805 1029 835 1086 in
856 1025 965 1088 Vilarlo
993 1027 1152 1104 professus,
1180 1033 1208 1087 et

178 1111 286 1171 domini
307 1112 460 1173 Christiani
481 1114 615 1173 monaehi
637 1115 672 1174 de
694 1113 825 1174 Claustra
846 1114 930 1173 filius.
971 1113 1019 1174 De
1041 1114 1097 1175 hoo
1127 1113 1207 1174 Chri-

177 1201 269 1259 stiano
291 1203 363 1260 mira
390 1201 442 1259 tibi
471 1200 565 1260 dicam
586 1203 615 1258 in
637 1201 816 1260 distinetione
838 1204 960 1277 septima
981 1200 1107 1277 capitulo
1129 1207 1207 1261 serto

74 1337 76 1344 .
176 1284 296 1346 decimo.
359 1285 541 1346 Ministrabat
582 1293 680 1346 autem
721 1287 798 1346 idem
827 1281 979 1346 ‘Henri'ous
1013 1291 1043 1346 in
1078 1286 1213 1364 hospitali

174 1373 356 1450 pauperibus,
384 1376 427 1433 vir
447 1373 554 1432 multae
569 1372 744 1449 humilitatis,
764 1377 918 1450 patientiae
940 1381 969 1433 et
989 1377 1209 1451 compassionis3

176 1465 205 1519 et
237 1465 345 1536 quanto
376 1460 440 1535 plus
475 1460 572 1520 Deum
597 1463 703 1535 timuit,
738 1467 818 1520 tanto
847 1461 912 1538 plus
941 1462 979 1520 ab
1006 1463 1054 1521 illo
1086 1465 1209 1538 separari

174 1547 346 1605 formidavit.
387 1547 549 1607 Immiserat
570 1550 644 1606 enim
663 1547 794 1607 diabolus
816 1547 961 1623 quandam
982 1548 1209 1625 desperationem
1282 1607 1283 1618 ,

177 1632 255 1692 eordi
281 1635 356 1707 eius,
384 1635 424 1692 ita
452 1640 485 1692 ut
514 1633 634 1694 diceret:
657 1634 730 1710 Quia
751 1651 809 1694 uon
831 1652 862 1694 es
884 1634 958 1694 filius
979 1636 1101 1713 legitimi
1121 1633 1209 1710 thori,

147 1735 151 1740 ·
175 1738 234 1779 non
261 1722 314 1779 eris
335 1719 418 1779 heres
446 1720 577 1780 eoelestis
597 1723 685 1798 regni.
729 1720 809 1797 Quae
832 1723 965 1798 cogitatio
987 1725 1016 1781 in
1039 1721 1128 1782 oorde
1150 1724 1209 1782 eius

175 1806 249 1868 adeo
277 1803 458 1891 creverati,
476 1813 509 1866 ut
530 1826 548 1867 a
570 1809 780 1868 confessoribus
808 1814 869 1868 tam
895 1808 931 1868 de
952 1813 1101 1886 seripturis
1124 1827 1209 1887 quam

175 1893 211 1954 de
226 1895 362 1970 exemplis
375 1894 515 1970 prolatam
532 1893 640 1954 nullam
659 1911 775 1971 prorsus
794 1892 959 1976 reciperet²)
975 1897 1209 1958 consolationem.

174 1980 309 2042 Misertus
345 1983 405 2040 eius
433 1981 589 2057 Dominus,
618 1988 701 2041 noete
731 1981 869 2058 quadam,
892 1999 959 2042 eum
986 1987 1121 2060 tentatio,
1136 1988 1210 2044 esset

174 2069 364 2144 validissima,
391 2070 420 2126 in
448 2068 564 2127 domum
594 2068 720 2143 amplam
749 2074 777 2127 et
803 2068 920 2146 longam
947 2068 1028 2128 illum
1048 2071 1208 2144 transtulit,
1282 2131 1283 2140 ,

173 2158 204 2216 in
224 2158 331 2216 somnis
344 2161 448 2214 tamem
490 2153 596 2230 Inque
613 2155 683 2214 vidit
705 2154 740 2213 de
762 2160 883 2232 utroque
904 2173 974 2215 sexu
996 2157 1210 2218 multitudinem

173 2259 325 2320 magnam:
359 2241 397 2300 Et
425 2241 502 2301 idota
519 2247 574 2300 'est
601 2240 639 2300 ad
668 2258 734 2314 eum
762 2258 832 2301 vox:
861 2242 1000 2318 Henriee,
1028 2245 1114 2305 vides
1134 2245 1209 2304 hane

77 2365 88 2384 .
173 2327 404 2390 multitudinem?
434 2326 541 2388 Omnes
570 2329 686 2404 quidem
714 2327 749 2386 de
777 2328 902 2405 legitimo
928 2330 1011 2390 tho'ro
1041 2339 1112 2390 sunt
1135 2333 1209 2406 nati,

174 2417 226 2478 sed
241 2433 339 2476 omnes
350 2416 463 2491 reprobi
477 2421 543 2473 sunt
555 2422 669 2491 praeter
680 2422 717 2474 te.
752 2413 899 2492 Evigilans
917 2419 1022 2492 statim,
1036 2417 1210 2479 laetificatus

174 2511 217 2566 est
238 2503 338 2577 valde,
365 2501 524 2578 intelligens
555 2504 694 2562 visionem
721 2508 837 2577 propter
864 2521 895 2562 se
921 2504 1036 2564 laetam.
1080 2504 1133 2566 Ab
1161 2505 1210 2564 illa

172 2592 245 2652 hora
266 2591 384 2649 tentatio
407 2591 535 2647 immissa
556 2592 692 2664 cessarit,
721 2591 832 2664 etipse
854 2591 992 2665 quamdiu
1011 2593 1101 2668 vixit,
1130 2592 1209 2667 Deo,

172 2681 222 2755 qui
248 2694 306 2761 non
333 2676 437 2735 deserit
456 2683 603 2751 sperantes
624 2677 653 2734 in
674 2671 742 2753 se³),
763 2679 870 2752 gratias
893 2680 959 2753 egit.
1000 2677 1209 2740 NOVIGIUS:

171 2765 262 2826 Estne
283 2762 408 2837 accidia,
427 2764 458 2821 iu
480 2761 567 2822 choro
590 2761 732 2822 dormire?
758 2759 993 2824 MONACHUS:
1020 2764 1225 2828 Consuetudo-

169 2855 272 2914 vitium
292 2850 419 2910 accidiae
441 2867 476 2908 ex
497 2866 528 2908 se
549 2845 682 2934 gignet),
704 2848 782 2925 quod
803 2850 919 2926 quidam
940 2851 1209 2926 per·infirmitatem
1236 2869 1238 2872 ·

168 2940 302 3017 palliant,
330 2954 396 2998 oum
430 2936 508 2997 idem
538 2939 640 2996 vitium
666 2939 758 3014 magis
788 2953 824 2996 ex
851 2937 993 2998 diabolica
1022 2943 1210 3016 operatione,

169 3045 256 3104 quam
278 3044 313 3086 ex
332 3025 495 3085 infirmitate
516 3024 560 3083 sit.

488 3230 721 3292 CAPITULUM
744 3230 880 3292 XXXII.

195 3356 243 3415 Da
263 3361 402 3432 emente,
426 3371 512 3430 quens
534 3351 608 3413 vidit
626 3353 726 3430 frater
749 3333 907 3414 donandus
928 3357 961 3414 in
982 3323 1071 3415 dorso
1099 3374 1177 3418 eost·

454 3444 530 3500 versi
552 3441 739 3501 domitentis
761 3445 793 3500 ta
814 3442 912 3501 choro.

225 3581 376 3658 Loquente
402 3596 449 3640 me
475 3577 520 3638 die
547 3578 672 3655 quadam
699 3595 766 3638 oum
793 3579 854 3640 viro
883 3578 969 3640 valde
1001 3579 1141 3658 religioso
1172 3599 1208 3643 ex

178 3769 208 3839 1)
226 3767 246 3821 0
264 3764 460 3833 crevit-2)
477 3763 497 3818 G
514 3771 697 3832 expeteret.
715 3763 786 3817 (loni.
804 3763 835 3829 ll,
853 3765 980 3834 35.-3)
996 3763 1083 3818 ludith
1101 3767 1147 3836 13,
1165 3769 1208 3822 17.

227 3867 260 3878 —
278 3837 310 3906 4)
328 3835 348 3890 G
366 3835 591 3890 somnolentia
608 3837 723 3890 vitium
740 3835 849 3906 giguit
866 3851 904 3888 ex
921 3851 953 3888 se
971 3835 1132 3890 accidiae.
