2622 4322
190 269 251 328 iso
302 270 305 278 “
506 267 735 332 orsnmcmo
758 267 923 347 oneum

170 391 218 452 ,id
239 397 291 466 est,
311 389 366 450 hoc
379 389 457 466 qnod
478 395 668 467 quaesierunt,
694 392 811 452 leudem
830 393 937 452 scilicet
957 391 1104 452 hominum
1125 399 1154 454 et
1172 391 1218 452 lu-

189 495 276 536 crum.
319 478 354 536 In
374 479 432 536 iam
447 478 529 537 dictis
545 480 679 555 operibus
700 482 806 538 sanctis
828 479 968 555 quosdam
988 485 1100 539 tantum
1120 498 1218 559 super-

190 564 240 624 bia
260 563 298 623 ad
311 567 444 624 meritum
454 562 470 645 ¹)
492 569 598 642 tangit3
619 566 692 624 alios
711 583 764 643 per
784 565 1003 639 delectationem
1022 564 1108 646 iam²)
1130 570 1217 644 angit,

188 650 340 727 plurimos,
368 658 402 712 ut
421 652 599 728 hypocritae,
627 669 679 728 per
700 669 868 712 consensum
890 659 918 712 et
940 653 1110 712 desiderium
1131 657 1218 714 victos

188 739 297 796 sortiter
316 741 426 813 premit
468 739 521 808 Vis
548 756 625 799 nnnc
646 740 743 814 aliqua
764 739 800 798 de
821 740 926 800 talibus
948 741 1046 800 audire
1068 739 1216 817 exempla?

189 822 391 885 NOVIOIUS:
417 823 484 884 Hoc
505 825 614 884 dudum
634 825 802 886 desideravi.
843 825 1078 888 MONAOHUS:
1100 829 1147 887 De
1168 845 1217 887 ex·

189 911 317 970 tollentia
341 913 474 971 orationis
509 912 600 972 habes
629 912 791 988 exemplum
818 915 847 972 in
873 913 1010 974 ,secunda
1045 914 1220 974 distinctione

181 998 314 1072 -ccpitulo
336 1000 471 1059 vicesimo
493 999 634 1074 secundo,
652 999 706 1058 ubi
727 999 917 1059 diabolus'ad
938 1000 1072 1060 monachi
1092 1001 1220 1061 lacrimas

189 1087 329 1162 respexit,
353 1103 420 1146 cum
449 1103 514 1145 cum
542 1089 634 1163 gratia
662 1082 792 1167 eadem³)
814 1087 970 1146 extulisset.
1013 1088 1159 1164 Quantum
1186 1089 1221 1146 sit

188 1171 346 1246 periculum
366 1176 395 1231 in
416 1174 497 1233 vocis
519 1172 696 1249 extollentia,
721 1172 851 1250 exempla
879 1180 908 1234 tc
929 1173 1097 1255 instruentt)
1120 1175 1219 1235 subse·

187 1261 311 1333 quentia
885 1261 888 1266 '
1207 1283 1209 1290 ’

520 1448 753 1511 sermonum
768 1421 895 1532 amr)

251 1571 300 1630 De
320 1571 465 1630 monacho
486 1571 597 1631 Montis
611 1570 743 1646 Uesuui,
765 1576 817 1649 qui
837 1577 870 1632 in
890 1575 992 1649 cipitia
1012 1574 1158 1648 Paschae,

446 1657 593 1720 bmedicto
614 1675 704 1733 cerco,
727 1660 891 1719 translatus
913 1667 962 1720 est.
1010 1693 1012 1709 .

254 1797 334 1857 Sicut
348 1797 441 1872 didici,
461 1815 519 1868 nou
537 1815 573 1857 ex
594 1795 724 1873 lectione,
746 1797 797 1858 sed
812 1816 848 1858 ex
870 1799 1018 1858 cuiusdam
1035 1802 1142 1877 magni,
1162 1806 1218 1859 tam

190 1887 250 1944 vita
271 1885 516 1960 quamdoctriua,
544 1888 597 1945 vin'
618 1885 769 1960 relatione,
790 1886 950 1944 monachus
972 1885 1088 1962 quidam
1111 1893 1172 1946 erat
1191 1888 1218 1943 in

188 1970 288 2032 Monte
311 1972 429 2033 Cassino
454 1983 557 2033 vocem
577 1973 687 2032 habens
709 1969 917 2032 suavissimam.
958 1971 1015 2032 Hic
1037 1989 1104 2032 cum
1126 1977 1155 2032 iu
1175 1975 1218 2032 vi·

189 2059 256 2136 gilla
277 2060 407 2119 Paschae
434 2062 463 2118 in
491 2065 572 2119 veste
600 2058 715 2118 levitica
738 2076 857 2118 cereum·
873 2059 1069 2134 benediceret,
1100 2066 1129 2120 et
1149 2075 1217 2119 voce
1273 2103 1274 2106 η

189 2145 352 2206 dulcissima
372 2146 565 2206 dsdcissimam
593 2144 721 2205 eiusdem
740 2145 945 2205 benedictionis
966 2146 1128 2217 melodiam.
1141 2163 1217 2206 reso·

190 2239 279 2309 naret,
300 2239 329 2292 et
347 2230 447 2313 esser)
474 2250 532 2292 vox
553 2235 613 2310 eius
625 2235 654 2290 in
675 2233 792 2291 auribus
807 2236 932 2292 omnium
952 2238 1090 2309 tanquam
1112 2235 1218 2292 musica

189 2322 219 2378 in
247 2322 378 2379 convivio
405 2317 507 2399 vini⁶),
536 2319 686 2378 benedicto
722 2335 824 2394 cereo,
851 2337 993 2395 nusquam
1025 2315 1218 2398 comparuit²).

189 2408 227 2466 Et
247 2409 374 2466 nescitur
393 2425 486 2483 usque
506 2407 536 2464 in
556 2404 725 2464 hodiernum
737 2405 820 2479 diem,
843 2423 929 2481 aquo
942 2409 979 2465 sit
991 2406 1154 2482 nandans,
1174 2405 1217 2465 vel
1272 2469 1273 2492 χ

189 2497 219 2552 in
240 2511 326 2570 quem
340 2494 436 2554 locum
458 2493 611 2569 depositus.
654 2490 858 2552 NOVIOIUS:
881 2492 956 2569 Quid
978 2495 1002 2552 si
1022 2493 1102 2552 illum
1124 2500 1217 2552 traus-

92 2611 94 2616 ·
190 2581 254 2639 tulit
286 2580 406 2658 angelus
438 2577 574 2640 Domini?
607 2577 842 2638 MONAOHUS:
869 2577 936 2638 Hoc
968 2596 1026 2639 non
1054 2587 1098 2640 est
1126 2583 1218 2640 visum

189 2668 322 2727 fratribus
341 2669 409 2742 eius,
431 2670 479 2743 qui
492 2669 581 2726 vitam
593 2662 696 2745 illiusl)
718 2672 866 2725 noverant
892 2665 988 2752 Magis
1007 2668 1130 2742 timetur,
1143 2665 1217 2743 quod

191 2772 278 2815 cansa
296 2761 395 2831 raptus
409 2757 470 2814 eius
483 2754 566 2813 fucrit
586 2755 688 2812 vitium
709 2752 844 2812 subortae
866 2753 1003 2827 elationis,
1025 2770 1111 2829 quum
1132 2755 1217 2813 meri·

188 2849 251 2901 tum
272 2842 441 2902 devotionis.
482 2839 561 2900 Audi
584 2839 653 2915 quid
673 2838 852 2916 Augustinus
875 2839 966 2899 dicat:
996 2839 1134 2916 Quotiens
1154 2840 1217 2916 plus

190 2946 237 2987 me
266 2928 398 3004 delectat,
423 2929 523 3003 inquit,
547 2933 656 3001 cantus,
678 2941 770 3001 qnam·
786 2943 831 2985 res
853 2943 927 3001 quae
949 2932 1094 3000 cantatur,
1116 2929 1217 2987 totiens

118 3046 121 3070 ;
188 3033 236 3076 me
266 3018 391 3092 graviter
422 3031 541 3090 peccare
573 3008 745 3093 confiteor⁹).
794 3012 833 3072 Et
865 3029 1004 3089 organum
1030 2999 1100 3072 illr'rd
1128 3013 1237 3088 saneti,

188 3101 310 3178 Spiritus
325 3099 370 3182 ¹⁰),
396 3104 499 3161 beatus
520 3099 627 3160 scilicet
646 3099 729 3174 Papa
751 3097 906 3176 Gregorius
927 3101 1013 3160 etiam
1034 3098 1116 3159 dicit:
1145 3099 1215 3158 Oum

188 3192 297 3252 blanda
309 3206 367 3250 vox
384 3188 545 3264 quaeritur,
566 3188 626 3246 vita
646 3187 742 3246 sobria
763 3186 907 3246 deseritur.
949 3186 1026 3246 Ecce
1047 3185 1215 3264 exemplum.

133 3341 137 3350 ¹
206 3360 276 3430 1)C
299 3355 468 3425 superbia,
492 3371 552 3407 non
575 3355 733 3406 meritum.
752 3384 781 3394 -
808 3353 840 3422 2)
862 3355 922 3406 iam
947 3353 1063 3407 addBG.
1087 3383 1118 3393 —
1143 3350 1215 3420 ³)c

183 3439 184 3448 ¹
257 3443 374 3482 eurum.
394 3456 425 3466 -
449 3425 716 3493 4)Dinstruant.
736 3453 765 3464 -
786 3424 819 3492 *)
842 3423 931 3476 Homil.
955 3424 974 3474 l.
998 3439 1023 3491 p.
1049 3423 1106 3476 101.
1134 3451 1165 3461 -
1184 3421 1214 3489 5)

255 3507 345 3552 esset
362 3496 412 3548 add
429 3494 479 3550 BC.
499 3523 529 3534 -
549 3494 581 3562 6)
598 3493 674 3546 Eccli.
692 3494 736 3558 49,
753 3494 778 3545 2.
798 3523 829 3533 -
849 3495 882 3561 ’7)
901 3493 919 3544 P
938 3492 1093 3548 aliorsum
1109 3501 1214 3543 trans-

255 3569 342 3620 latus
360 3580 514 3631 nusquam
533 3565 720 3630 comparuit.
741 3593 771 3604 —
791 3563 823 3630 8)
841 3561 862 3614 Β
880 3562 1041 3614 iratribus
1060 3563 1146 3623 cius,
1163 3559 1213 3628 qui

254 3639 353 3690 vitam
373 3632 680 3698 eins,0'lratribus,
697 3634 752 3700 qui
770 3633 843 3683 eins
860 3632 1003 3696 vitem,l'
1020 3633 1082 3694 eis,
1099 3631 1153 3699 qui
1170 3631 1213 3683 vi·

254 3714 317 3757 tum
340 3703 442 3756 illius.
453 3709 484 3744 -’-
503 3704 535 3770 9)
553 3704 685 3771 Angustin.
702 3701 815 3754 Oculess.
834 3703 866 3764 X,
882 3703 925 3765 ³3,
943 3702 967 3754 3.
978 3732 1010 3740 -
1029 3702 1078 3769 10)
1096 3703 1131 3752 sic
1148 3698 1179 3749 de
1188 3698 1212 3750 S.

254 3772 383 3828 Bernardo
401 3775 426 3824 in
444 3775 498 3824 eius
515 3772 572 3826 vita
589 3773 620 3839 V,
638 3773 662 3825 2.
681 3788 705 3839 p.
723 3772 786 3823 944:
806 3771 990 3838 ,dulcissimum
1013 3772 1093 3824 sancti
1109 3769 1213 3838 Spiritus

253 3845 398 3914 organum‘t
