2594 4302
178 214 241 272 rso
364 293 368 300 ¹
492 216 721 280 parmomo
743 218 900 280 nucum

177 333 231 393 illis
252 335 316 411 ieci,
336 343 369 395 ut
389 354 446 396 non
461 338 589 399 dubitem
611 343 679 416 quin
696 358 764 401 mox
785 347 818 402 ut
834 343 979 419 coeperint
998 359 1051 419 pro
1064 360 1110 402 me
1127 360 1214 420 orare,

179 420 322 482 Dominus
343 439 396 483 nos
416 428 557 502 respicere
579 427 691 487 debeat.
739 428 815 488 Mire
842 428 914 490 fides
935 429 1032 507 Regis.
1074 431 1215 492 Dominus

179 523 248 582 vero
279 513 327 584 qui
357 509 437 571 dicit:
466 513 499 572 Si
526 513 685 574 habueritis
711 515 799 590 riman
827 519 903 582 suut
929 535 1062 592 prauum
1082 523 1215 596 synapis,

180 595 277 654 dicetis
298 596 366 656 huic
386 602 495 673 moreti,
526 601 720 674 tranatico,
743 609 771 662 et
793 600 961 680 troadem),
983 603 1109 664 evidenti
1129 607 1216 664 mua-

182 681 245 741 culo
267 681 354 743 fidem
374 686 432 743 iam
454 685 522 745 dicti
537 686 626 764 Regis
647 691 846 748 remuneravit.
888 689 964 748 Nam
985 693 1063 751 circa
1084 699 1217 754 octavam

180 767 280 828 horam
300 772 392 830 noctis
404 778 533 848 tempore
546 774 713 850 matutinali,
734 775 941 836 monachorum
961 779 1139 854 surgentium
1152 779 1217 838 Do-

182 857 275 915 minus
295 859 471 918 orationibus
492 862 640 934 excitatus,
662 865 772 936 etipse
792 879 844 938 per
863 865 1023 938 potentiam
1036 882 1218 942 consurgens,

180 942 331 1019 imperavit
352 947 443 1004 ventis
466 953 494 1005 et
515 949 594 1021 mari,
616 954 645 1006 et
664 947 740 1006 iacta
762 955 805 1008 est
826 949 1013 1025 tranquillitas
1033 969 1154 1028 magna,
1178 945 1219 1013 ui

181 1035 213 1087 ut
234 1046 333 1090 omnes
362 1030 397 1090 de
419 1037 476 1090 tam
498 1032 593 1092 subita
615 1035 918 1095 maris-immutatione
938 1039 1114 1096 miserentur.
1157 1039 1217 1100 Re·

181 1132 281 1175 versus
302 1134 370 1176 vero
391 1117 467 1176 idern
488 1118 560 1194 Rex,
581 1121 673 1196 gratia
695 1121 821 1182 eiusdem
843 1123 973 1183 miraculi
993 1124 1116 1200 amplius
1139 1126 1218 1185 ordi·

181 1218 247 1262 nem
261 1204 421 1278 honoravit,
438 1205 577 1280 quasdem
601 1207 702 1266 domus
725 1207 913 1286 eleemosynis
935 1209 1062 1286 ditando,
1083 1211 1121 1270 de
1141 1230 1217 1273 novo

161 1289 252 1350 -alias
266 1291 436 1350 exstruendo
445 1288 475 1371 ²).
518 1290 600 1352 Haec
624 1293 659 1351 de
681 1293 824 1354 miraculis
845 1312 984 1372 aquarum
1007 1294 1112 1379 dicim)
1135 1299 1218 1358 suffi-

182 1378 264 1453 ciant,
287 1380 355 1452 quia
376 1378 413 1438 ad
436 1379 572 1438 miracula
593 1386 685 1440 terrae
707 1381 819 1441 festino.

509 1552 886 1615 CAPITULUM'XLVII.

223 1689 226 1694 ·
278 1675 326 1734 De
341 1678 490 1752 precem
511 1674 694 1752 quaefacta
716 1684 786 1736 suut
807 1682 915 1738 uostris
939 1681 1127 1756 temporibus.

245 1799 367 1858 Videtur
398 1800 502 1857 nostris
530 1799 706 1873 temporibus
735 1798 884 1873 impletum
912 1799 990 1875 quod
1016 1800 1162 1862 Dominus
1191 1807 1217 1864 in
1273 1801 1274 1822 ³

179 1885 337 1961 Evangelio
361 1884 442 1943 dicit:
467 1885 577 1960 Surget
597 1903 668 1960 peras
690 1891 795 1944 costra
816 1893 940 1960 pentem,
962 1894 991 1945 ei
1010 1907 1138 1964 regnum
1160 1893 1217 1950 ud-

180 1991 281 2032 oeraus
316 1989 456 2048 reguum,
487 1979 514 2031 et
547 1978 741 2030 temeraretur
770 1977 874 2046 mopui
895 1980 983 2032 eruut
999 1993 1056 2048 per
1077 1976 1161 2050 loco,
1192 1986 1218 2038 et
1273 1955 1274 2000 t

174 2061 358 2134 pestilentiae
381 2066 408 2117 et
427 2057 539 2133 fomes,
562 2065 745 2133 terroresque
768 2058 803 2118 de
824 2059 912 2132 coelo,
938 2067 966 2118 et
987 2064 1073 2136 cipue
1094 2080 1217 2139 magua

178 2146 261 2206 Licet
280 2146 316 2206 de
336 2145 381 2205 his
400 2144 497 2219 aliqua
513 2145 632 2203 dixerim
653 2143 792 2219 exempla,
813 2145 1005 2220 superaddam
1025 2165 1102 2207 nune
1124 2149 1217 2226 plura

177 2233 289 2293 Nostris
322 2232 499 2308 temporibus
534 2248 605 2308 gens
637 2230 860 2291 sarracenorum
890 2232 963 2293 duee
984 2232 1113 2294 Saletino
1133 2236 1217 2314 Rege

178 2320 279 2399 Syriae
293 2321 412 2380 surrexit
432 2324 532 2378 contra
552 2323 667 2394 gentem
690 2316 922 2394 Christianorum,
943 2337 962 2379 e
983 2337 1040 2395 quo
1063 2329 1150 2397 capta
1174 2332 1218 2385 est

176 2407 339 2468 Jerusalem
356 2424 421 2466 eum
433 2414 508 2466 terra
520 2411 627 2464 sancta.
658 2403 763 2463 Contra
776 2422 863 2480 quam
874 2412 989 2482 gentem
1004 2407 1144 2483 perfidam
1158 2417 1217 2472 tres

98 2507 100 2510 “
175 2494 298 2555 vidimus
320 2492 514 2568 expeditiones
535 2493 675 2565 maximas
696 2490 830 2550 fidelium.
873 2491 970 2551 Prima
989 2493 1043 2552 fuit
1063 2496 1117 2554 sub
1139 2495 1217 2559 Fre·

176 2583 271 2642 dorico
292 2580 483 2655 Imperatore3
506 2578 633 2637 secunda
654 2579 708 2637 sub
721 2577 847 2638 Henrico
868 2578 926 2637 filio
949 2582 1025 2656 eius;
1052 2584 1136 2641 tertia
1158 2586 1214 2645 sub

174 2668 327 2728 Frederico
341 2668 388 2742 qui
407 2666 493 2726 hodie
514 2653 644 2740 imperat.
671 2664 782 2723 Nostris
803 2667 921 2739 inquam
943 2668 1120 2742 temporibus
1139 2689 1215 2746 gens

151 2755 153 2765 “
174 2756 342 2816 Latinorum
356 2755 477 2812 surrexit
494 2757 592 2812 contra
614 2749 751 2826 Graecos,
771 2750 883 2810 illorum
904 2752 1021 2828 perfidia
1043 2765 1214 2834 provocata,

174 2845 305 2919 cepitque
318 2837 591 2914 Constantinopolim
607 2844 636 2896 et
652 2854 787 2914 magnam
808 2844 919 2914 partem
942 2838 1089 2900 Graeciae.
1127 2842 1214 2906 Circa
1272 2893 1273 2921 ,

173 2929 274 2989 eadem
310 2935 439 3002 tempora
472 2924 643 2985 manifestari
677 2931 832 2999 coeperunt
859 2923 991 2986 haereses
1020 2925 1214 2992 Albiensium.

171 3015 254 3076 Unde
276 3015 339 3077 selo
354 3012 420 3074 fidei
432 3011 626 3072 conturbatae
647 3018 718 3070 suut
739 3017 837 3086 peotes
859 3011 1102 3090 catholicorum,et
1123 3019 1212 3078 incli-

169 3111 245 3162 nato
266 3109 336 3162 cuni
357 3094 499 3177 reprea‘),
521 3104 624 3172 utputa
632 3094 652 3176 ⁵)
674 3097 813 3157 Franciae
836 3105 864 3157 et
885 3098 1051 3176 Hispaniae,
1073 3101 1112 3160 ed
1133 3103 1212 3166 illius

168 3191 404 3263 destructionem
426 3185 477 3246 sed
491 3184 618 3244 nondum
631 3190 675 3242 est
690 3183 762 3244 finis.
792 3183 831 3243 Ut
846 3187 920 3244 enim
934 3192 1046 3246 taceam
1062 3187 1097 3248 de
1112 3195 1212 3268 regnis

166 3279 294 3353 gentium
316 3273 488 3346 infidelium,
517 3277 626 3346 quanta
645 3271 749 3330 suerint
770 3271 846 3330 bella
867 3274 940 3332 inter
961 3267 1050 3350 regna
1071 3273 1172 3338 fidelia
1181 3277 1211 3358 ⁶),

165 3366 207 3423 uti
222 3360 343 3442 regum)
365 3361 540 3420 Francorum
559 3358 698 3416 adversus
719 3375 838 3434 reguum
859 3358 1035 3436 Anglorum,
1062 3363 1136 3422 inter
1159 3383 1210 3425 rc-

164 3468 252 3528 gnum
274 3447 462 3508 Alamanniae
485 3453 583 3506 contra
601 3443 749 3504 Gallorum
757 3442 779 3525 ⁰)
801 3461 929 3522 regnum,
950 3450 1209 3512 novimusomnes.
1271 3525 1272 3530 ἵ

165 3535 314 3614 Quaedam
343 3536 429 3594 etiam
459 3549 530 3610 gens
552 3549 627 3592 anno
649 3534 802 3607 praeterito
824 3534 939 3592 intravit
960 3551 1049 3611 regna
1069 3535 1207 3599 Ruteno-
1271 3533 1272 3546 ¹

180 3653 213 3721 1),
229 3651 315 3704 dietih.
336 3651 382 3713 17,
408 3651 449 3706 19.
467 3680 499 3689 -
518 3649 550 3718 2)
567 3647 656 3702 BCDF
676 3647 969 3770 gobbtibb’mndmr*
994 3649 1205 3774 3J6dilgtfedorn

218 3719 913 3859 -ii·..-.⁴a1'rt.ti.i:assiu?
936 3734 1012 3772 ⁰⁰·
1046 3720 1061 3789 ³
1133 3739 1144 3836 ¹.
1174 3739 1205 3774 ⁰·
