2654 4308
163 215 227 318 nr
473 255 703 320 parmomo
719 257 891 348 ,oornvn

469 451 701 514 CAPITULUM
728 452 913 516 LXXXVI„

212 559 288 629 Item
310 567 356 629 de*
372 571 489 632 duabus
509 573 673 650 oirpiaibae
693 573 829 634 namara
849 571 985 646 millium,
1008 589 1086 649 quae
1104 588 1161 649 pet·
1203 579 1209 588 '

298 657 506 718 revelationem
527 665 597 720 meat
620 663 757 722 inventae
778 668 807 721 et
826 660 911 720 aab&
933 659 1071 720 donatae.

233 775 307 838 Sunt
326 778 404 855 apud
425 799 478 843 nos
500 781 535 842 de
557 781 659 843 eodem
680 799 763 844 saero
785 781 906 860 collegio
927 781 1003 843 duae
1023 797 1133 860 sacrae¹
1146 781 1208 840 vir·

169 865 268 940 gines,
296 867 382 926 etiem
410 885 462 944 per
482 869 672 930 revelationes
683 867 701 949 ¹)
729 873 873 930 inventae.
919 868 1046 930 Domina
1073 867 1210 926 Euiemia

169 949 326 1012 Abbatissa
353 971 427 1030 quae
453 963 521 1016 ante
541 974 632 1018 anuos
652 973 762 1032 pausos
783 956 919 1018 defuncta
938 962 998 1032 est,
1022 972 1089 1015 oum
1109 953 1211 1014 adhue

168 1036 265 1112 puella
278 1045 354 1098 esset
373 1043 403 1098 in
417 1041 531 1118 scholis,
552 1041 627 1116 duae
649 1045 678 1112 ei¹
695 1045 819 1121 virgines
838 1046 868 1102 in
881 1045 988 1104 somnis
1004 1046 1213 1119 apparuerunt,

169 1141 244 1202 quae
271 1126 326 1187 sub
356 1133 482 1190 exneme
507 1137 589 1206 parte
616 1129 771 1190 dormitorii
799 1129 876 1207 quod
903 1130 1019 1191 cellario
1040 1131 1209 1204 configuum

169 1217 245 1286 erat,
277 1230 308 1272 se
335 1213 450 1292 indigne
478 1219 572 1276 iecere
600 1223 774 1294 conquestae
803 1222 877 1276 sunt.
925 1216 981 1276 Illa
1009 1218 1082 1276 sieut
1109 1213 1211 1290 puella

169 1301 264 1358 visum
276 1306 308 1358 nt
319 1302 412 1360 visum
422 1309 566 1379 reputans,
576 1305 674 1363 tacuit.
683 1303 790 1363 Postea
800 1321 867 1364 eum
878 1310 954 1364 esset
963 1302 1069 1377 adulta,
1080 1301 1209 1361 seeundo

170 1386 198 1446 ei
224 1387 254 1444 in
279 1385 343 1446 loeo
364 1389 472 1466 eodem
493 1390 660 1450 subsanna
681 1398 710 1449 et
731 1390 832 1451 habitu
853 1391 1126 1468 speciosissimarum
1147 1390 1210 1448 uir-

169 1474 268 1550 ginum
296 1474 410 1550 singulo
431 1483 514 1536 tenus
535 1483 737 1554 apparuerunt
780 1476 871 1554 Quasi
892 1477 1033 1536 dicerent:
1064 1475 1149 1534 Exire
1171 1474 1212 1535 de

170 1558 235 1620 loeo
263 1561 318 1620 isto
346 1578 405 1630 non
432 1579 602 1639 possumus,
628 1565 684 1622 nisi
712 1572 822 1640 perte.
865 1564 947 1624 Tune
969 1579 1078 1624 memor
1098 1565 1211 1638 primae

171 1648 297 1722 visionis,
318 1665 382 1710 eam
404 1666 479 1727 quae
499 1652 593 1726 potior
613 1649 765 1710 videbatur
785 1653 971 1728 interrogavit
987 1649 1098 1726 diceps:
1121 1645 1212 1724 Quod

171 1739 214 1794 est
246 1749 351 1795 nomen
382 1735 486 1796 tuum?
539 1736 699 1814 Respondit
729 1736 794 1812 illa,
829 1733 1032 1816 Anathasiar).
1082 1734 1130 1793 Ab
1159 1735 1210 1794 illo

170 1829 299 1898 tempore
319 1821 450 1898 Eusemia
470 1825 630 1898 importune
653 1827 805 1884 conventui
828 1827 922 1901 coepit
943 1839 1111 1904 suggerere,
1134 1839 1212 1898 qua-

170 1914 254 1967 tenus
275 1908 421 1968 aellarium
442 1910 592 1986 usquead
614 1910 700 1970 finem
721 1911 877 1970 dormitorii
898 1910 1091 1984 extenderent,
1112 1910 1214 1970 dieeus

172 1997 233 2056 sine
261 1996 447 2073 ambiguitate
469 1996 541 2056 duas
561 1999 602 2058 ibi
622 2000 747 2074 virgines
768 2005 831 2058 esse
852 1997 1041 2074 reperiendae.
1083 1995 1213 2056 Pollice-

172 2082 257 2143 batur
285 2085 371 2142 etiam
398 2083 479 2160 quod
506 2091 563 2144 tres
584 2084 691 2144 solidos
718 2079 917 2146 communibus
946 2086 1078 2160 expensis
1107 2101 1212 2158 super·

172 2167 299 2230 adderet.
346 2169 503 2248 Aequievit
529 2171 646 2230 tandem
675 2177 847 2246 conventus,
882 2177 911 2231 et
931 2176 1005 2231 sieut
1026 2170 1095 2231 mihi
1114 2170 1214 2231 retulit

172 2255 314 2316 Renbodo
341 2273 497 2318 conversus
522 2264 619 2318 noster
640 2260 686 2316 oui
707 2258 783 2318 idem
805 2276 878 2335 opus
897 2258 990 2318 fuerat
1011 2259 1214 2330 commissum,

174 2348 239 2403 eum
268 2351 343 2404 terra
371 2350 432 2404 tota
452 2345 551 2404 luisset
572 2347 713 2418 electain
735 2347 898 2422 praesentia
917 2345 1081 2426 praedictae
1102 2345 1213 2403 saneti-

106 2475 110 2482 .
174 2429 319 2508 monialis,
347 2430 402 2492 sub
430 2431 615 2492 fundamento
643 2433 717 2490 muri
744 2449 827 2492 saera
854 2431 904 2492 illa
925 2432 983 2492 duo
1005 2448 1124 2508 corpora
1145 2437 1215 2490 sunt

174 2523 295 2592 reperta.
338 2518 417 2594 Quas
426 2515 446 2598 ³)
468 2518 517 2578 illa
537 2521 704 2594 priusquam
722 2517 882 2579 Abbatissa
902 2518 991 2594 fieret,
1011 2518 1094 2578 nobis
1115 2523 1214 2579 trans-

174 2605 263 2678 misit,
286 2613 315 2664 et
335 2605 480 2664 celebrata
501 2612 545 2666 est
566 2605 602 2664 de
624 2606 665 2664 eis
687 2605 790 2666 eodem
809 2604 857 2680 die
879 2608 966 2664 missa
987 2604 1161 2666 sollemniter
1181 2607 1214 2667 iu

174 2699 326 2752 conventu.
367 2690 570 2752 NOVICIUS:
588 2691 657 2771 'Non
678 2693 817 2768 putabam
837 2691 977 2752 haetenus
998 2700 1058 2752 tam
1080 2691 1214 2752 efficaces

175 2794 239 2837 esse
271 2781 395 2838 visiones
422 2785 586 2838 nocturnas.
627 2777 862 2840 MONACHUS:
895 2779 989 2855 Saepe
1010 2797 1061 2854 per
1081 2777 1215 2840 ardentia

174 2865 327 2937 luminaria,
355 2882 475 2942 corpora
506 2861 636 2944 earum⁴)
669 2865 872 2939 ostenduntur,
903 2883 956 2926 neo
984 2872 1081 2925 tamen
1110 2864 1214 2924 eadem

173 2954 326 3034 luminaria
345 2960 378 3012 ut
399 2955 479 3012 aium
500 2954 563 3028 quis
583 2951 680 3012 videre
702 2959 810 3029 potest,
842 2955 896 3012 uisi
924 2970 1041 3029 corpore
1064 2955 1101 3014 sit
1121 2954 1215 3029 virgo.

181 3037 277 3100 Multa
304 3038 340 3100 de
367 3039 531 3106 huiusmodi
555 3039 712 3099 visionibus
734 3037 882 3102 conradus
902 3038 984 3100 Prior
1004 3040 1075 3104 Loci
1094 3046 1216 3102 sanotae

105 3153 111 3160 ·
175 3127 285 3186 Mariae
307 3126 400 3186 dicere
422 3128 591 3200 consuevit,
614 3143 688 3202 quae
710 3143 799 3190 causa
819 3126 966 3186 brevitatis
987 3130 1096 3186 omitto.
1138 3124 1215 3204 NO-

175 3213 324 3274 VICIUS:
357 3211 494 3274 Placetne
528 3215 616 3274 saenis
648 3212 704 3274 illis
736 3212 894 3290 virginibus
930 3213 1007 3289 quod
1043 3215 1084 3273 sie
1113 3229 1215 3274 earum
1311 3285 1312 3288 Ἴ

175 3318 296 3380 corpora
323 3316 375 3378 per
402 3298 529 3362 diversas
555 3300 718 3376 provincias
749 3295 948 3365 nndmturt,
974 3297 1214 3375 MONACHUS:

175 3387 225 3450 Au
250 3388 323 3448 'hoe
345 3387 420 3446 enim
444 3404 475 3448 se
510 3386 660 3447 ostendere
689 3386 856 3466 dignantur,
892 3393 925 3446 ut
955 3387 988 3448 in
1017 3385 1113 3458 medus
1141 3384 1216 3450 locis

175 3493 274 3540 eurum
302 3476 438 3534 memorie
458 3473 608 3536 habeatur.

194 3767 265 3836 nn
292 3765 540 3842 revelationem,
565 3791 596 3809 *-
621 3763 653 3836 2)
677 3764 717 3820 GP
740 3766 924 3821 Anastasis.
948 3795 978 3806 -
999 3766 1031 3838 3)
1048 3763 1070 3818 B
1088 3765 1219 3834 qualis,

245 3835 352 3908 Cqui,
370 3837 390 3892 R
408 3855 499 3926 quae.
520 3867 550 3878 -
570 3837 602 3908 4)
620 3835 707 3890 ΑΒΟΙ)
725 3851 843 3890 earum.
966 3861 969 3870 ·
