2664 4308
141 330 147 340 ·
172 301 190 362 6
476 295 704 362 DISTINCTIO
725 299 899 362 SEPTIMA

172 419 332 497 Respondit
351 421 499 482 sacerdos:
520 422 655 499 Domina,
674 439 728 500 ego
749 440 860 499 pauper
881 440 945 482 sum
968 428 997 481 et
1009 439 1133 499 persona
1155 421 1208 483 de·

133 583 137 588 Ι
172 515 280 585 specta,
300 525 357 568 non
379 526 424 568 me
446 509 558 585 audiet,
579 527 674 585 neque
695 510 764 569 mihi
785 512 895 586 patebit
915 526 1050 570 accessus
1071 509 1109 569 ad
1131 527 1207 570 eum.

172 595 266 655 Beata
285 595 376 672 Virgo
397 597 554 656 subiunxit:
583 596 682 671 Vade,
711 603 740 655 et
768 613 822 674 ego
849 597 901 656 tibi
922 599 999 656 viam
1020 597 1208 673 praeparabo.

109 685 112 690 '
173 683 212 741 Et
231 682 295 742 ille:
322 681 463 757 Domina,
491 700 550 742 non
571 683 668 743 credet
692 683 787 742 verbis
809 686 889 743 meis.
931 681 1091 758 Respondit
1110 683 1160 742 illa
1175 679 1208 762 ¹):

173 768 261 828 Dices
283 771 381 846 cipro
404 772 501 846 signo,
530 771 607 846 quod
636 787 702 829 cum
723 769 773 830 tali
794 768 866 830 hora
888 772 966 829 etin
988 769 1039 828 tali
1058 769 1123 829 ioco
1146 768 1209 829 cili-

174 857 250 916 cium
270 873 354 914 suum
376 849 515 915 dissutum
536 858 697 931 resarciret,
718 873 772 933 ego
793 856 864 920 illud
886 873 921 916 ex
943 863 1026 932 parte
1047 873 1105 915 una
1126 863 1209 916 tene-

174 943 242 1002 bam
264 941 404 1002 adiuvans
426 961 501 1002 eum.
544 942 703 1018 Statimque
732 942 828 1003 credet
857 944 916 1003 tibi.
959 943 1047 1002 Mane
1074 943 1209 1004 sacerdos
1273 949 1276 957 '

174 1031 235 1089 sine
246 1028 448 1105 impedimento
463 1034 571 1090 intrans
585 1029 622 1089 ad
634 1031 810 1106 Episcopum
827 1035 856 1089 et
869 1031 973 1089 beatae
988 1029 1044 1089 Dei
1059 1029 1211 1090 Genitricis

175 1117 200 1176 ci
223 1115 352 1176 deserens
372 1118 516 1191 nuncium,
537 1116 672 1177 camille
694 1116 808 1191 diceret,
828 1117 905 1176 unde
927 1115 1043 1176 credam
1063 1123 1093 1176 te
1114 1117 1152 1176 ab
1175 1133 1211 1176 ea

173 1201 312 1262 missum?
333 1202 511 1278 praedictum
531 1205 644 1280 signum
666 1202 701 1262 de
716 1203 807 1262 cilicio
821 1204 975 1263 subiunxit.
1017 1202 1082 1280 Quo
1104 1201 1211 1278 andito,

174 1290 277 1349 beatus
290 1290 422 1350 Pontifex
436 1296 554 1367 stupens
567 1289 651 1349 simul
664 1307 700 1349 ac
713 1306 831 1366 pavens,
852 1289 1010 1365 responditz
1031 1291 1107 1350 Ecce
1120 1290 1211 1350 reddo

174 1377 227 1435 tibi
254 1375 378 1436 officium
406 1383 500 1452 tuum,
530 1382 559 1435 et
586 1379 730 1452 praecipio
758 1377 809 1435 tibi
836 1383 870 1435 ut
897 1383 1008 1436 tannim
1035 1378 1154 1437 missam
1175 1373 1213 1437 do

174 1463 302 1533 Domina
321 1467 419 1544 nostra
440 1467 537 1524 cantes
559 1480 594 1524 ao
614 1463 792 1538 frequentes,
825 1480 945 1539 oresque
966 1481 1018 1540 pro
1041 1480 1096 1523 me.
1139 1462 1212 1524 NO-

175 1549 323 1610 VICIUS:
344 1548 420 1609 Satis
441 1543 527 1610 m'iror
547 1552 684 1625 pietatem
696 1550 840 1610 Dominae
853 1556 977 1625 nostrae,
999 1549 1076 1626 quod
1092 1548 1213 1610 idiotam

176 1636 353 1713 depositione
381 1635 499 1712 dignum
528 1639 568 1696 sic
597 1635 774 1712 defenderet,
803 1644 832 1697 et
859 1639 888 1695 in
900 1633 921 1716 ²)
950 1639 1103 1696 ministerio
1131 1643 1213 1698 tauto

176 1722 294 1800 dignum
315 1721 460 1782 iudicaret.
501 1722 737 1783 MONACHUS:
766 1723 832 1784 Hoc
860 1720 987 1803 aetum³)
1015 1730 1058 1782 est
1080 1741 1116 1783 ex
1137 1724 1214 1784 inei·

174 1810 254 1870 fabili
285 1812 345 1870 eius
377 1811 584 1885 misericordia,
616 1811 691 1871 sicut
717 1811 748 1868 iu
776 1811 909 1886 'sequenti
938 1809 1062 1886 capitulo
1090 1809 1214 1888 amplius

176 1898 270 1957 mirari
290 1898 406 1974 poteris.

546 2087 780 2150 CAPITULUM
808 2087 847 2148 V.

191 2211 265 2268 Item
288 2210 324 2269 dc
343 2210 494 2270 sccmdote
514 2213 547 2269 in
567 2211 681 2269 Durior
702 2211 802 2296 idiota
819 2215 845 2268 ct
868 2209 1006 2285 deposito,
1029 2211 1077 2268 cui
1097 2216 1205 2268 acuatu

398 2297 502 2356 Maria
535 2299 683 2356 ecclesiam
703 2299 819 2356 restitui
835 2300 995 2371 praecepit

243 2435 404 2494 Canonicus
427 2435 543 2510 quidam
571 2436 663 2495 sancti
685 2433 824 2494 Gereonio
845 2436 874 2492 in
897 2433 1031 2508 Colonia,
1052 2433 1216 2493 Harderar-

68 2599 70 2606 .
180 2517 262 2602 dus‘)
290 2524 418 2597 nomine,
449 2524 494 2582 vir
514 2522 632 2596 nobilis,
661 2522 797 2582 orirmdus
819 2520 855 2580 de
876 2517 1091 2601 Merenberg⁵),
1111 2521 1217 2580 Pastor

178 2614 240 2667 erat
261 2606 410 2668 cuiusdam
432 2608 570 2668 ecclesias
591 2625 676 2684 super
696 2609 816 2668 fluvium
837 2603 1016 2688 Logonam⁰)
1039 2609 1129 2682 sitae,
1159 2623 1217 2666 vo·

69 2697 71 2702 '
181 2695 283 2754 cabulo
305 2692 450 2774 Derlar1).
495 2695 568 2754 Cum
589 2701 664 2754 esset
684 2694 823 2770 liberalis,
853 2701 882 2754 et
910 2693 1000 2753 multa
1021 2699 1217 2768 consumeret,

179 2799 234 2859 nec
255 2783 343 2840 annui
365 2783 391 2842 ei
418 2782 544 2841 redditus
566 2781 736 2856 sufficerent,
755 2788 860 2858 putans
881 2783 939 2840 iam
960 2780 1053 2840 diotae
1074 2796 1144 2840 suae
1166 2797 1217 2840 ec·

180 2868 283 2929 clesiae
310 2870 448 2927 vicarium
480 2868 599 2929 multam
628 2868 735 2928 habere
763 2870 930 2944 pecuniam,
958 2869 1083 2944 cogitare
1108 2868 1218 2942 coepit,

181 2955 302 3031 qualiter
314 2954 420 3030 aliquid
434 2961 615 3030 extorqueret
627 2955 665 3014 ab
686 2954 744 3013 illo.
775 2953 932 3029 Scioneque
944 2971 1060 3029 prorsus
1073 2953 1218 3013 hominem

179 3042 369 3116 illitteratum,
404 3049 551 3118 assumpto
581 3059 680 3101 secum
709 3041 828 3102 Decano
857 3041 1071 3116 Limpurgensi,
1096 3043 1126 3100 in
1153 3043 1218 3115 ipsa

180 3128 333 3189 Dominiea
352 3128 424 3187 infra
444 3129 633 3206 Epyphaniae
655 3134 803 3202 octavam,
830 3130 910 3188 cuius
938 3127 1062 3186 officium
1083 3125 1218 3186 difficilli-

182 3233 261 3276 mum
283 3221 341 3290 est,
369 3233 436 3274 cum
457 3233 488 3274 se
510 3214 643 3275 sacerdos
665 3219 878 3290 praeparasset,
908 3213 1058 3274 ecclesiam
1079 3220 1218 3289 tanquam

181 3305 299 3362 missam
330 3302 480 3363 auditurus
514 3303 638 3361 intravit.
693 3300 819 3376 Expavit
849 3302 897 3360 ilie
924 3303 993 3360 visis
1024 3302 1111 3360 tantis
1139 3302 1218 3360 viris.

181 3390 273 3448 Facta
299 3395 395 3448 tamen
429 3388 618 3462 confessione,
646 3404 680 3447 eo
712 3387 790 3466 quod
822 3390 966 3464 ignoraret
993 3386 1117 3446 officium
1146 3381 1218 3462 diei,

180 3478 326 3536 introitum
347 3475 383 3536 dc
404 3482 504 3535 sancta
524 3474 633 3548 Maria,
661 3474 783 3549 scilicet,
818 3475 940 3534 Vultum
969 3479 1055 3533 tuum
1076 3474 1218 3549 depreco-

202 3663 231 3733 1)
248 3661 288 3716 GP
305 3662 343 3712 ci.
363 3689 393 3700 ·-
412 3661 444 3729 2)
461 3663 492 3713 in
513 3659 562 3713 add
580 3659 654 3714 sci).
675 3690 706 3700 -
731 3659 764 3728 3)
782 3660 802 3712 Β
819 3659 949 3712 iactum.
971 3689 1001 3700 -·
1027 3659 1060 3728 t)
1077 3658 1122 3712 ΑΙ)
1140 3659 1218 3712 iitr-

252 3729 402 3784 deradus.
422 3761 452 3770 —
478 3731 510 3798 5)
527 3729 676 3799 Mercnbcrg
698 3729 758 3783 viiia
781 3730 925 3800 Nasgoviac
948 3744 1027 3797 prope
1052 3729 1219 3799 Westerburg

251 3803 308 3853 sita.
331 3830 362 3840 -
382 3801 413 3868 6)
431 3801 506 3854 Lahn.
528 3801 548 3854 B
566 3801 732 3870 deganam.
746 3830 776 3841 -
796 3800 828 3870 7)
852 3799 871 3852 Β
895 3797 1009 3854 denar.
1034 3797 1140 3852 Videtur
1160 3815 1218 3853 esse

252 3870 318 3924 uem
336 3886 416 3939 prope
434 3870 512 3924 Dicta.
