2642 4330
166 305 227 366 aas
480 303 708 368 nnrmcrro
730 304 880 385 oumrn

515 496 747 560 oAPffULUM
767 498 851 562 Vm.

165 617 213 676 De
233 617 384 677 scandolo
412 617 448 677 de
467 619 641 697 Ditlcirpen,
669 624 722 696 qai
748 624 781 679 in
803 619 887 680 obitu
907 636 962 678 ouo
983 620 1207 680 multitudinem
1318 593 1319 628 l

229 705 303 765 cidit
325 705 557 766 duemmrimam
598 707 675 766 Iton
694 707 832 782 probatio
854 707 937 782 qaod
954 708 1055 783 planes
1076 710 1137 768 sint

398 790 502 869 wratiss
524 795 663 866 tomara,
686 813 778 869 quam
800 794 987 853 oloomones.¹

145 963 146 968 ,
229 911 265 970 In
284 911 434 989 Ditlrirgen
454 913 710 973 sanctimonialium
737 917 922 989 monasterio,
951 913 1030 989 quod
1056 915 1085 972 in
1116 913 1205 988 opido
1318 979 1319 992 ,

164 997 311 1058 Bonnensi
330 1001 415 1058 sitnm
437 1005 488 1075 est,
509 1000 643 1060 sacerdos
665 1001 782 1075 quidam
803 1000 953 1084 defunctis
975 1008 1027 1077 est,
1047 999 1204 1075 Adolphus

164 1087 293 1160 nomine,
313 1087 357 1144 vir
376 1085 462 1145 valde
483 1087 638 1146 saecularis
660 1093 689 1146 et
709 1087 929 1163 lubricus,=iam
951 1083 1021 1147 dicti
1038 1087 1205 1146 monasterii
1318 1077 1319 1090 ¹

164 1171 314 1248 plebanus.
355 1172 421 1247 Hic,
443 1175 516 1232 sicut
535 1173 604 1231 mihi
624 1173 721 1232 retulit
738 1174 855 1249 quidam
876 1173 1018 1249 sacerdos,
1040 1175 1089 1248 qui
1109 1173 1205 1233 luerat

164 1254 357 1336 Bonnensis2)
380 1261 548 1334 canonicus,
581 1259 646 1318 cuin
668 1260 713 1320 die
736 1261 860 1336 quadam
889 1279 955 1320 cnm
989 1260 1115 1336 quodam
1147 1275 1202 1319 suo
1318 1247 1319 1328 Ῑ

165 1351 288 1422 cognato
301 1341 322 1424 ³)
343 1344 455 1404 luderet
480 1347 510 1403 in
530 1345 615 1422 aleis,
644 1347 760 1424 quidam
789 1365 825 1406 ex
845 1347 1026 1424 parochianis
1048 1351 1109 1406 eius
1130 1346 1204 1406 flens
1318 1343 1319 1410 l

164 1432 342 1507 supervenit,
370 1438 399 1490 et
427 1437 460 1490 ut
485 1435 584 1492 matris
611 1451 681 1493 snae
711 1434 917 1494 consessionem
938 1433 1050 1509 audire,
1080 1449 1203 1508 eamque
1318 1469 1319 1516 3

165 1520 374 1578 communicare
396 1517 572 1595 dignaretur,
603 1519 747 1579 humiliter
768 1527 797 1580 et
807 1515 829 1600 ⁴)
860 1539 925 1581 cum
945 1520 1069 1580 lacrimis
1090 1519 1202 1595 suppli-

165 1607 250 1665 cavit.
292 1605 495 1680 Respondente
516 1607 679 1666 sacerdote:
701 1608 766 1667 Non
780 1610 895 1666 veniam
915 1610 970 1666 nisi
991 1608 1104 1683 expleto
1117 1605 1202 1683 ludo;

61 1743 64 1748 r
165 1699 195 1751 et
214 1691 261 1750 illc
281 1692 408 1766 instaret,
428 1709 558 1752 asserens
579 1693 721 1753 infirmam
738 1701 903 1770 exspectare
925 1711 983 1753 non
1004 1710 1098 1770 posse,
1120 1711 1202 1753 com-

164 1784 259 1838 motus
280 1778 414 1838 sacerdos
436 1796 533 1839 secum
554 1779 663 1840 ludenti
684 1781 768 1839 dixit:
799 1781 943 1857 Cognata,
965 1798 1019 1858 ego
1043 1797 1203 1855 conqueror

164 1865 248 1924 vobis
269 1865 305 1925 de
327 1865 441 1926 domino
462 1868 525 1942 isto,
548 1870 597 1942 qui
618 1885 664 1926 me
682 1871 825 1944 quiescere
847 1885 904 1926 non
922 1870 996 1927 sinit.
1037 1867 1147 1926 Videns
1168 1883 1203 1926 se

164 1951 212 2012 ille
233 1952 303 2010 nihil
323 1953 476 2029 proficere,
497 1955 584 2012 tristis
606 1973 641 2013 ac
660 1973 777 2030 gemens
800 1955 937 2030 discessit,
959 1962 988 2014 ct
1007 1953 1120 2012 infirma
1139 1955 1203 2013 sine

165 2039 343 2100 confessione
371 2046 477 2116 atque,
490 2042 594 2100 viatico
617 2043 654 2100 ab
682 2042 738 2101 hae
758 2042 823 2101 luce
843 2043 985 2118 migravit
1027 2040 1084 2100 Die
1105 2045 1203 2100 autem

164 2128 247 2186 tertio
276 2129 301 2186 is
331 2129 379 2200 qui
401 2144 466 2186 cnm
486 2127 635 2187 sacerdote
663 2129 784 2204 luserat,
814 2127 964 2188 defunctae
985 2127 1043 2186 filio
1065 2129 1204 2202 occurrit,
1318 2119 1319 2140 ¹

165 2219 194 2272 ct
215 2213 371 2273 sacerdotis
393 2215 583 2288 querimoniae
605 2215 778 2290 recordatus,
798 2215 878 2274 illum
898 2217 959 2274 sinc
981 2231 1069 2274 causa
1090 2213 1203 2273 occidIt

164 2299 236 2359 Post
257 2300 329 2359 hacc
354 2306 382 2358 et
403 2299 459 2359 alia
480 2307 600 2376 peccata
621 2301 743 2378 plurima
758 2301 891 2361 sacerdos
908 2301 985 2360 idem
1001 2303 1203 2376 peremtoriam

164 2386 263 2446 incidit
283 2386 482 2448 infirmitatem.
527 2387 583 2464 Qui
605 2405 671 2447 cum
693 2395 768 2448 esset
788 2391 817 2448 in
833 2388 1037 2465 desperatione,
1059 2386 1204 2463 quaedam

165 2479 289 2549 cognata
310 2475 371 2532 eius
393 2473 495 2533 sedens
517 2492 613 2534 coram
635 2476 692 2551 illo,
715 2492 780 2536 curn
794 2479 906 2552 signum
924 2476 1097 2534 contritionis
1118 2473 1203 2532 ride-

164 2565 208 2619 ret
228 2562 257 2617 in
280 2576 314 2618 eo
336 2559 446 2619 nullum
459 2557 488 2640 ⁵),
510 2564 596 2620 tristis
614 2565 655 2621 sic
677 2565 731 2622 ait:
752 2563 886 2639 Domine,
908 2562 1007 2622 debilis
1020 2563 1087 2620 estis
1108 2559 1204 2635 valde,

164 2653 333 2722 praeparate
362 2664 414 2706 vos
442 2655 559 2724 propter
586 2645 691 2709 Deum.
734 2649 872 2709 invocate
898 2649 994 2724 illum,
1022 2653 1204 2724 ut„peccata
1318 2711 1319 2734 ᾖ

164 2739 261 2794 vestra
281 2735 364 2795 vobis
380 2733 509 2810 dimittat,
531 2742 561 2794 et
578 2738 702 2811 spatium
723 2735 817 2796 adhuc
836 2737 998 2795 fructuosae
1011 2737 1204 2810 poenitentiae

165 2819 312 2879 concedat.
354 2819 404 2879 Ad
426 2820 504 2897 quod
525 2822 572 2881 ille
595 2822 761 2898 desperatus
776 2823 940 2898 respondit?
956 2821 1048 2882 Vides
1069 2821 1204 2881 horreum

164 2905 235 2964 illud
255 2925 393 2984 magnum
415 2925 450 2968 ex
471 2911 603 2985 opposito
624 2909 735 2968 nostri?
756 2909 822 2968 Non
842 2917 910 2968 sunt
929 2911 959 2967 in
981 2911 1042 2967 eius
1062 2914 1138 2967 tecto
1159 2913 1205 2967 tot

166 2993 283 3069 calami,
312 3000 383 3070 quot
411 3001 477 3054 sunt
505 2998 580 3054 circa
607 3012 655 3054 me
683 2995 836 3056 daemones
865 2997 1038 3072 congregati.
1080 2994 1119 3053 Et
1146 2993 1204 3054 hoc

166 3078 251 3155 dicto,
272 3098 339 3141 mox
360 3084 523 3158 agonizans,
546 3084 707 3158 exspiravit,
729 3099 778 3142 eos
799 3083 900 3143 videns
921 3081 1022 3142 adesse
1043 3083 1205 3155 moriturus,

165 3183 287 3242 qnorum
316 3168 432 3227 consilio
465 3171 576 3228 vixerat
604 3187 700 3229 sanus.
750 3169 844 3228 Multa
871 3171 923 3228 tibi
943 3167 991 3227 ⁴de
1023 3166 1205 3229 multitudine

166 3253 338 3312 daemonum
359 3254 454 3314 adhuc
476 3255 572 3334 dicere
590 3274 722 3332 possem,
753 3256 805 3315 sed
832 3272 923 3330 usque
945 3254 983 3315 ad
1005 3254 1205 3314 duodecimam

61 3351 65 3356 '
166 3339 376 3401 distinctionem
396 3339 467 3399 illud
478 3338 499 3421 ⁶)
532 3359 657 3402 reservo.
699 3341 903 3402 NOVICIUS:
938 3342 1011 3400 Cum
1032 3341 1100 3400 mali
1127 3339 1204 3402 male

142 3495 144 3502 ¹
165 3427 289 3487 vivendo
310 3427 416 3487 mrdtos
428 3427 555 3488 habeant
576 3429 730 3489 daemones
745 3432 913 3504 incentores,
934 3428 1040 3505 multos
1061 3431 1091 3487 in
1111 3434 1204 3488 morte

165 3520 355 3588 accusatores,
376 3516 463 3573 miror
484 3517 509 3574 si
526 3521 569 3575 tot
588 3518 618 3574 in
630 3519 729 3594 poenis
744 3516 869 3575 habituri
889 3518 946 3575 sint
959 3515 1063 3592 singuli
1074 3521 1205 3574 tortores.

136 3765 140 3776 ς
183 3699 215 3769 t)
232 3699 308 3752 mali
326 3699 398 3752 abest
415 3716 430 3753 a
447 3700 517 3753 libris
534 3702 634 3754 nostris.
647 3733 678 3743 -
698 3703 730 3768 2)
747 3700 769 3755 G
785 3699 836 3754 add
853 3701 1026 3754 ecclcsiae.
1039 3731 1070 3741 -
1089 3700 1121 3768 3)
1139 3698 1205 3752 ADP

235 3785 292 3854 sno
306 3779 457 3856 cognato
482 3771 628 3840 quodam.
648 3803 678 3812 -
703 3773 736 3855 t)
754 3780 786 3823 et
808 3771 968 3892 ungit-t
996 3768 1206 3908 5-)Βθ)ιιὲι11ἰὶιιιὲ

234 3839 976 3978 tzittaitatfltltfflat.“ittam·
