<?xml version="1.0" encoding="UTF-8"?>
<!DOCTYPE html PUBLIC "-//W3C//DTD XHTML 1.0 Transitional//EN"
    "http://www.w3.org/TR/xhtml1/DTD/xhtml1-transitional.dtd">
<html xmlns="http://www.w3.org/1999/xhtml" xml:lang="en" lang="en">
 <head>
  <title>
</title>
<meta http-equiv="Content-Type" content="text/html;charset=utf-8" />
  <meta name='ocr-system' content='tesseract 3.04.00' />
  <meta name='ocr-capabilities' content='ocr_page ocr_carea ocr_par ocr_line ocrx_word'/>
</head>
<body>
  <div class='ocr_page' id='page_1' title='image "./caesariiheister05stragoog/caesariiheister05stragoog_0361.png"; bbox 0 0 2642 4330; ppageno 0'>
   <div class='ocr_carea' id='block_1_1' title="bbox 129 268 893 332">
    <p class='ocr_par' dir='ltr' id='par_1_1' title="bbox 129 268 893 332">
     <span class='ocr_line' id='line_1_1' title="bbox 129 268 893 332; baseline 0 -2"><span class='ocrx_word' id='word_1_1' title='bbox 129 303 132 309; x_wconf 79' lang='lat'>,</span> <span class='ocrx_word' id='word_1_2' title='bbox 182 273 244 330; x_wconf 84' lang='grc'>346</span> <span class='ocrx_word' id='word_1_3' title='bbox 502 268 731 332; x_wconf 80' lang='lat' dir='ltr'>DISTINCTIO</span> <span class='ocrx_word' id='word_1_4' title='bbox 759 268 893 332; x_wconf 79' lang='lat' dir='ltr'>SEXTA</span> 
     </span>
    </p>
   </div>
   <div class='ocr_carea' id='block_1_2' title="bbox 182 389 1217 903">
    <p class='ocr_par' dir='ltr' id='par_1_2' title="bbox 182 389 1217 903">
     <span class='ocr_line' id='line_1_2' title="bbox 182 389 1215 473; baseline -0.002 -21"><span class='ocrx_word' id='word_1_5' title='bbox 182 396 275 469; x_wconf 93' lang='lat' dir='ltr'>patuit</span> <span class='ocrx_word' id='word_1_6' title='bbox 295 394 397 452; x_wconf 89' lang='lat' dir='ltr'>viatori</span> <span class='ocrx_word' id='word_1_7' title='bbox 411 389 437 473; x_wconf 84' lang='lat'>¹).</span> <span class='ocrx_word' id='word_1_8' title='bbox 479 393 566 452; x_wconf 89' lang='lat' dir='ltr'>Pater</span> <span class='ocrx_word' id='word_1_9' title='bbox 582 399 642 452; x_wconf 90' lang='lat' dir='ltr'>erat</span> <span class='ocrx_word' id='word_1_10' title='bbox 659 393 817 468; x_wconf 88' lang='lat' dir='ltr'>viduarum,</span> <span class='ocrx_word' id='word_1_11' title='bbox 838 389 1001 451; x_wconf 80' lang='lat' dir='ltr'>consolator</span> <span class='ocrx_word' id='word_1_12' title='bbox 1015 389 1215 466; x_wconf 89' lang='lat' dir='ltr'>orphanorum,</span> 
     </span>
     <span class='ocr_line' id='line_1_3' title="bbox 182 478 1216 555; baseline -0.003 -16"><span class='ocrx_word' id='word_1_13' title='bbox 182 480 251 539; x_wconf 91' lang='lat' dir='ltr'>lima</span> <span class='ocrx_word' id='word_1_14' title='bbox 271 488 463 555; x_wconf 89' lang='lat' dir='ltr'>peccatorum.</span> <span class='ocrx_word' id='word_1_15' title='bbox 504 479 580 540; x_wconf 88' lang='lat' dir='ltr'>Nam</span> <span class='ocrx_word' id='word_1_16' title='bbox 602 498 667 540; x_wconf 92' lang='lat' dir='ltr'>cum</span> <span class='ocrx_word' id='word_1_17' title='bbox 687 483 716 538; x_wconf 89' lang='lat' dir='ltr'>in</span> <span class='ocrx_word' id='word_1_18' title='bbox 739 480 824 539; x_wconf 88' lang='lat' dir='ltr'>domo</span> <span class='ocrx_word' id='word_1_19' title='bbox 847 481 907 538; x_wconf 87' lang='lat' dir='ltr'>eius</span> <span class='ocrx_word' id='word_1_20' title='bbox 928 478 1023 554; x_wconf 87' lang='lat' dir='ltr'>plures</span> <span class='ocrx_word' id='word_1_21' title='bbox 1044 480 1216 538; x_wconf 84' lang='lat' dir='ltr'>nutrirentur</span> 
     </span>
     <span class='ocr_line' id='line_1_4' title="bbox 184 565 1215 642; baseline -0.003 -16"><span class='ocrx_word' id='word_1_22' title='bbox 184 567 337 642; x_wconf 81' lang='lat' dir='ltr'>scholares,</span> <span class='ocrx_word' id='word_1_23' title='bbox 359 573 388 625; x_wconf 91' lang='lat' dir='ltr'>et</span> <span class='ocrx_word' id='word_1_24' title='bbox 408 572 484 625; x_wconf 88' lang='lat' dir='ltr'>esset</span> <span class='ocrx_word' id='word_1_25' title='bbox 504 567 683 626; x_wconf 79' lang='lat' dir='ltr'>columbinae</span> <span class='ocrx_word' id='word_1_26' title='bbox 706 567 905 642; x_wconf 73' lang='lat' dir='ltr'>simplicitatis,</span> <span class='ocrx_word' id='word_1_27' title='bbox 927 572 1053 640; x_wconf 89' lang='lat' dir='ltr'>tempore</span> <span class='ocrx_word' id='word_1_28' title='bbox 1072 565 1135 639; x_wconf 92' lang='lat' dir='ltr'>illo,</span> <span class='ocrx_word' id='word_1_29' title='bbox 1157 581 1215 640; x_wconf 92' lang='lat' dir='ltr'>quo</span> 
     </span>
     <span class='ocr_line' id='line_1_5' title="bbox 184 650 1217 733; baseline -0.003 -20"><span class='ocrx_word' id='word_1_30' title='bbox 184 660 296 713; x_wconf 87' lang='lat' dir='ltr'>matura</span> <span class='ocrx_word' id='word_1_31' title='bbox 318 659 398 714; x_wconf 89' lang='lat' dir='ltr'>erant</span> <span class='ocrx_word' id='word_1_32' title='bbox 418 671 518 712; x_wconf 91' lang='lat' dir='ltr'>cerusa</span> <span class='ocrx_word' id='word_1_33' title='bbox 529 650 565 733; x_wconf 81' lang='lat'>²),</span> <span class='ocrx_word' id='word_1_34' title='bbox 587 653 702 713; x_wconf 90' lang='lat' dir='ltr'>dicebat</span> <span class='ocrx_word' id='word_1_35' title='bbox 722 653 867 713; x_wconf 89' lang='lat' dir='ltr'>cellerario</span> <span class='ocrx_word' id='word_1_36' title='bbox 888 669 954 711; x_wconf 90' lang='lat' dir='ltr'>suo:</span> <span class='ocrx_word' id='word_1_37' title='bbox 981 653 1076 727; x_wconf 90' lang='lat' dir='ltr'>Bone,</span> <span class='ocrx_word' id='word_1_38' title='bbox 1101 651 1217 711; x_wconf 90' lang='lat' dir='ltr'>licentia</span> 
     </span>
     <span class='ocr_line' id='line_1_6' title="bbox 184 736 1216 819; baseline -0.003 -20"><span class='ocrx_word' id='word_1_39' title='bbox 184 743 288 817; x_wconf 89' lang='lat' dir='ltr'>pueris,</span> <span class='ocrx_word' id='word_1_40' title='bbox 301 748 333 799; x_wconf 90' lang='lat' dir='ltr'>ut</span> <span class='ocrx_word' id='word_1_41' title='bbox 341 740 501 811; x_wconf 51' lang='lat' dir='ltr'>,ascendant</span> <span class='ocrx_word' id='word_1_42' title='bbox 511 742 636 814; x_wconf 88' lang='lat' dir='ltr'>arbores,</span> <span class='ocrx_word' id='word_1_43' title='bbox 654 746 686 798; x_wconf 93' lang='lat' dir='ltr'>ut</span> <span class='ocrx_word' id='word_1_44' title='bbox 697 736 718 819; x_wconf 83' lang='lat'>³)</span> <span class='ocrx_word' id='word_1_45' title='bbox 733 740 769 799; x_wconf 92' lang='lat' dir='ltr'>de</span> <span class='ocrx_word' id='word_1_46' title='bbox 784 742 889 800; x_wconf 91' lang='lat' dir='ltr'>cerusis</span> <span class='ocrx_word' id='word_1_47' title='bbox 907 738 1065 814; x_wconf 87' lang='lat' dir='ltr'>comedant,</span> <span class='ocrx_word' id='word_1_48' title='bbox 1079 745 1216 814; x_wconf 89' lang='lat' dir='ltr'>quantum</span> 
     </span>
     <span class='ocr_line' id='line_1_7' title="bbox 185 824 1217 903; baseline 0 -19"><span class='ocrx_word' id='word_1_49' title='bbox 185 827 286 887; x_wconf 86' lang='lat' dir='ltr'>volunt</span> <span class='ocrx_word' id='word_1_50' title='bbox 307 834 335 886; x_wconf 88' lang='lat' dir='ltr'>et</span> <span class='ocrx_word' id='word_1_51' title='bbox 356 833 494 903; x_wconf 90' lang='lat' dir='ltr'>quantum</span> <span class='ocrx_word' id='word_1_52' title='bbox 514 835 649 903; x_wconf 85' lang='lat' dir='ltr'>possunt,</span> <span class='ocrx_word' id='word_1_53' title='bbox 681 844 734 886; x_wconf 89' lang='lat' dir='ltr'>nec</span> <span class='ocrx_word' id='word_1_54' title='bbox 756 837 800 886; x_wconf 89' lang='lat' dir='ltr'>est</span> <span class='ocrx_word' id='word_1_55' title='bbox 820 843 937 885; x_wconf 88' lang='lat' dir='ltr'>necesse</span> <span class='ocrx_word' id='word_1_56' title='bbox 958 832 987 884; x_wconf 89' lang='lat' dir='ltr'>to</span> <span class='ocrx_word' id='word_1_57' title='bbox 1008 826 1065 885; x_wconf 88' lang='lat' dir='ltr'>alia</span> <span class='ocrx_word' id='word_1_58' title='bbox 1086 828 1126 884; x_wconf 91' lang='lat' dir='ltr'>eis</span> <span class='ocrx_word' id='word_1_59' title='bbox 1148 824 1217 884; x_wconf 92' lang='lat' dir='ltr'>dare</span> 
     </span>
    </p>
   </div>
   <div class='ocr_carea' id='block_1_3' title="bbox 187 911 1295 989">
    <p class='ocr_par' dir='ltr' id='par_1_3' title="bbox 187 911 1295 989">
     <span class='ocr_line' id='line_1_8' title="bbox 187 911 1295 989; baseline -0.002 -17"><span class='ocrx_word' id='word_1_60' title='bbox 187 915 307 989; x_wconf 89' lang='lat' dir='ltr'>cibaria,</span> <span class='ocrx_word' id='word_1_61' title='bbox 340 917 409 989; x_wconf 88' lang='lat' dir='ltr'>quia</span> <span class='ocrx_word' id='word_1_62' title='bbox 436 916 465 972; x_wconf 89' lang='lat' dir='ltr'>in</span> <span class='ocrx_word' id='word_1_63' title='bbox 493 913 572 974; x_wconf 91' lang='lat' dir='ltr'>nullo</span> <span class='ocrx_word' id='word_1_64' title='bbox 602 916 666 973; x_wconf 94' lang='lat' dir='ltr'>cibo</span> <span class='ocrx_word' id='word_1_65' title='bbox 694 919 805 972; x_wconf 89' lang='lat' dir='ltr'>tantum</span> <span class='ocrx_word' id='word_1_66' title='bbox 834 913 1017 973; x_wconf 90' lang='lat' dir='ltr'>delectantur.</span> <span class='ocrx_word' id='word_1_67' title='bbox 1065 912 1132 972; x_wconf 90' lang='lat' dir='ltr'>Non</span> <span class='ocrx_word' id='word_1_68' title='bbox 1160 911 1216 970; x_wconf 91' lang='lat' dir='ltr'>hoc</span> <span class='ocrx_word' id='word_1_69' title='bbox 1294 953 1295 958; x_wconf 19' lang='grc' dir='ltr'>η</span> 
     </span>
    </p>
   </div>
   <div class='ocr_carea' id='block_1_4' title="bbox 187 993 1216 1077">
    <p class='ocr_par' dir='ltr' id='par_1_4' title="bbox 187 993 1216 1077">
     <span class='ocr_line' id='line_1_9' title="bbox 187 993 1216 1077; baseline -0.006 -17"><span class='ocrx_word' id='word_1_70' title='bbox 187 1001 301 1060; x_wconf 91' lang='lat' dir='ltr'>dicebat</span> <span class='ocrx_word' id='word_1_71' title='bbox 323 1018 358 1059; x_wconf 82' lang='lat' dir='ltr'>ex</span> <span class='ocrx_word' id='word_1_72' title='bbox 379 999 475 1075; x_wconf 89' lang='lat' dir='ltr'>ahqua</span> <span class='ocrx_word' id='word_1_73' title='bbox 487 1003 647 1075; x_wconf 84' lang='lat' dir='ltr'>tenacitate,</span> <span class='ocrx_word' id='word_1_74' title='bbox 669 1000 720 1077; x_wconf 81' lang='lat' dir='ltr'>sed</span> <span class='ocrx_word' id='word_1_75' title='bbox 742 1018 778 1059; x_wconf 87' lang='lat' dir='ltr'>cx</span> <span class='ocrx_word' id='word_1_76' title='bbox 793 1000 883 1058; x_wconf 88' lang='lat' dir='ltr'>multa</span> <span class='ocrx_word' id='word_1_77' title='bbox 897 999 989 1059; x_wconf 86' lang='lat' dir='ltr'>cordis</span> <span class='ocrx_word' id='word_1_78' title='bbox 1005 1002 1048 1070; x_wconf 89' lang='lat' dir='ltr'>sui</span> <span class='ocrx_word' id='word_1_79' title='bbox 1068 993 1216 1076; x_wconf 61' lang='lat' dir='ltr'>pietates).</span> 
     </span>
    </p>
   </div>
   <div class='ocr_carea' id='block_1_5' title="bbox 103 1086 1295 1596">
    <p class='ocr_par' dir='ltr' id='par_1_5' title="bbox 103 1086 1295 1596">
     <span class='ocr_line' id='line_1_10' title="bbox 119 1086 1295 1163; baseline -0.003 -17"><span class='ocrx_word' id='word_1_80' title='bbox 119 1103 126 1120; x_wconf 92' lang='lat'><strong>·</strong></span> <span class='ocrx_word' id='word_1_81' title='bbox 188 1086 273 1163; x_wconf 82' lang='lat' dir='ltr'>Quod</span> <span class='ocrx_word' id='word_1_82' title='bbox 295 1103 361 1146; x_wconf 92' lang='lat' dir='ltr'>cum</span> <span class='ocrx_word' id='word_1_83' title='bbox 380 1105 433 1162; x_wconf 88' lang='lat' dir='ltr'>per</span> <span class='ocrx_word' id='word_1_84' title='bbox 460 1087 520 1146; x_wconf 90' lang='lat' dir='ltr'>dies</span> <span class='ocrx_word' id='word_1_85' title='bbox 547 1087 656 1162; x_wconf 88' lang='lat' dir='ltr'>aliquot</span> <span class='ocrx_word' id='word_1_86' title='bbox 675 1086 781 1146; x_wconf 86' lang='lat' dir='ltr'>factum</span> <span class='ocrx_word' id='word_1_87' title='bbox 801 1087 915 1160; x_wconf 84' lang='lat' dir='ltr'>suisset,</span> <span class='ocrx_word' id='word_1_88' title='bbox 947 1093 976 1146; x_wconf 91' lang='lat' dir='ltr'>et</span> <span class='ocrx_word' id='word_1_89' title='bbox 1002 1086 1116 1145; x_wconf 86' lang='lat' dir='ltr'>licentia</span> <span class='ocrx_word' id='word_1_90' title='bbox 1146 1101 1215 1144; x_wconf 91' lang='lat' dir='ltr'>con·</span> <span class='ocrx_word' id='word_1_91' title='bbox 1294 1089 1295 1100; x_wconf 62' lang='lat'>¹</span> 
     </span>
     <span class='ocr_line' id='line_1_11' title="bbox 188 1171 1295 1252; baseline -0.005 -17"><span class='ocrx_word' id='word_1_92' title='bbox 188 1191 269 1235; x_wconf 85' lang='lat' dir='ltr'>cessa</span> <span class='ocrx_word' id='word_1_93' title='bbox 281 1177 376 1250; x_wconf 90' lang='lat' dir='ltr'>pueris</span> <span class='ocrx_word' id='word_1_94' title='bbox 390 1177 463 1232; x_wconf 90' lang='lat' dir='ltr'>sicut</span> <span class='ocrx_word' id='word_1_95' title='bbox 482 1177 577 1248; x_wconf 91' lang='lat' dir='ltr'>pueris</span> <span class='ocrx_word' id='word_1_96' title='bbox 597 1175 751 1249; x_wconf 91' lang='lat' dir='ltr'>placuisset</span> <span class='ocrx_word' id='word_1_97' title='bbox 762 1171 791 1252; x_wconf 64' lang='grc' dir='ltr'>ὅ),</span> <span class='ocrx_word' id='word_1_98' title='bbox 812 1176 852 1234; x_wconf 90' lang='lat' dir='ltr'>ait</span> <span class='ocrx_word' id='word_1_99' title='bbox 873 1173 913 1232; x_wconf 90' lang='lat' dir='ltr'>illi</span> <span class='ocrx_word' id='word_1_100' title='bbox 924 1173 1100 1232; x_wconf 88' lang='lat' dir='ltr'>cellerarius:</span> <span class='ocrx_word' id='word_1_101' title='bbox 1124 1171 1216 1245; x_wconf 84' lang='lat' dir='ltr'>Certe,</span> <span class='ocrx_word' id='word_1_102' title='bbox 1294 1205 1295 1208; x_wconf 61' lang='lat'><em>=</em></span> 
     </span>
     <span class='ocr_line' id='line_1_12' title="bbox 188 1258 1295 1342; baseline -0.004 -23"><span class='ocrx_word' id='word_1_103' title='bbox 188 1261 309 1335; x_wconf 90' lang='lat' dir='ltr'>domine,</span> <span class='ocrx_word' id='word_1_104' title='bbox 329 1263 384 1319; x_wconf 90' lang='lat' dir='ltr'>uisi</span> <span class='ocrx_word' id='word_1_105' title='bbox 404 1262 485 1335; x_wconf 88' lang='lat' dir='ltr'>pueri</span> <span class='ocrx_word' id='word_1_106' title='bbox 505 1261 575 1318; x_wconf 78' lang='lat' dir='ltr'>aliis</span> <span class='ocrx_word' id='word_1_107' title='bbox 584 1267 699 1320; x_wconf 87' lang='lat' dir='ltr'>utantur</span> <span class='ocrx_word' id='word_1_108' title='bbox 721 1263 806 1319; x_wconf 88' lang='lat' dir='ltr'>etiam</span> <span class='ocrx_word' id='word_1_109' title='bbox 823 1263 933 1320; x_wconf 91' lang='lat' dir='ltr'>cibariis</span> <span class='ocrx_word' id='word_1_110' title='bbox 945 1258 975 1339; x_wconf 75' lang='grc'>6),</span> <span class='ocrx_word' id='word_1_111' title='bbox 998 1263 1053 1319; x_wconf 90' lang='lat' dir='ltr'>cito</span> <span class='ocrx_word' id='word_1_112' title='bbox 1076 1259 1214 1318; x_wconf 87' lang='lat' dir='ltr'>deficient</span> <span class='ocrx_word' id='word_1_113' title='bbox 1294 1303 1295 1342; x_wconf 61' lang='lat'>,</span> 
     </span>
     <span class='ocr_line' id='line_1_13' title="bbox 187 1345 1295 1426; baseline -0.004 -18"><span class='ocrx_word' id='word_1_114' title='bbox 187 1349 224 1408; x_wconf 85' lang='lat' dir='ltr'>Et</span> <span class='ocrx_word' id='word_1_115' title='bbox 245 1350 388 1422; x_wconf 86' lang='lat' dir='ltr'>acquievit</span> <span class='ocrx_word' id='word_1_116' title='bbox 408 1349 512 1405; x_wconf 88' lang='lat' dir='ltr'>statim.</span> <span class='ocrx_word' id='word_1_117' title='bbox 545 1347 616 1406; x_wconf 90' lang='lat' dir='ltr'>Post</span> <span class='ocrx_word' id='word_1_118' title='bbox 628 1347 701 1406; x_wconf 86' lang='lat' dir='ltr'>haee</span> <span class='ocrx_word' id='word_1_119' title='bbox 714 1345 733 1426; x_wconf 79' lang='lat'>²)</span> <span class='ocrx_word' id='word_1_120' title='bbox 755 1348 847 1407; x_wconf 87' lang='lat' dir='ltr'>sactus</span> <span class='ocrx_word' id='word_1_121' title='bbox 866 1354 908 1406; x_wconf 89' lang='lat' dir='ltr'>est</span> <span class='ocrx_word' id='word_1_122' title='bbox 921 1347 1056 1406; x_wconf 82' lang='lat' dir='ltr'>Coloniae</span> <span class='ocrx_word' id='word_1_123' title='bbox 1077 1349 1106 1405; x_wconf 91' lang='lat' dir='ltr'>in</span> <span class='ocrx_word' id='word_1_124' title='bbox 1121 1345 1214 1405; x_wconf 88' lang='lat' dir='ltr'>eccle·</span> <span class='ocrx_word' id='word_1_125' title='bbox 1294 1371 1295 1384; x_wconf 50' lang='lat'>¹</span> 
     </span>
     <span class='ocr_line' id='line_1_14' title="bbox 103 1432 1295 1509; baseline -0.004 -15"><span class='ocrx_word' id='word_1_126' title='bbox 103 1444 108 1454; x_wconf 91' lang='grc'><em>·</em></span> <span class='ocrx_word' id='word_1_127' title='bbox 188 1437 230 1494; x_wconf 92' lang='lat' dir='ltr'>sia</span> <span class='ocrx_word' id='word_1_128' title='bbox 249 1437 342 1494; x_wconf 89' lang='lat' dir='ltr'>sancti</span> <span class='ocrx_word' id='word_1_129' title='bbox 362 1432 497 1493; x_wconf 87' lang='lat' dir='ltr'>Andreae</span> <span class='ocrx_word' id='word_1_130' title='bbox 519 1436 687 1509; x_wconf 87' lang='lat' dir='ltr'>canonicus,</span> <span class='ocrx_word' id='word_1_131' title='bbox 716 1440 745 1493; x_wconf 92' lang='lat' dir='ltr'>et</span> <span class='ocrx_word' id='word_1_132' title='bbox 765 1451 822 1492; x_wconf 90' lang='lat' dir='ltr'>nou</span> <span class='ocrx_word' id='word_1_133' title='bbox 848 1433 937 1492; x_wconf 89' lang='lat' dir='ltr'>multo</span> <span class='ocrx_word' id='word_1_134' title='bbox 959 1440 1040 1509; x_wconf 91' lang='lat' dir='ltr'>post,</span> <span class='ocrx_word' id='word_1_135' title='bbox 1069 1434 1106 1492; x_wconf 89' lang='lat' dir='ltr'>ob</span> <span class='ocrx_word' id='word_1_136' title='bbox 1137 1435 1213 1491; x_wconf 88' lang='lat' dir='ltr'>ritae</span> <span class='ocrx_word' id='word_1_137' title='bbox 1294 1497 1295 1500; x_wconf 8' lang='grc' dir='ltr'><strong>Ἴ</strong></span> 
     </span>
     <span class='ocr_line' id='line_1_15' title="bbox 186 1520 1295 1596; baseline -0.004 -16"><span class='ocrx_word' id='word_1_138' title='bbox 186 1524 325 1595; x_wconf 88' lang='lat' dir='ltr'>meritum,</span> <span class='ocrx_word' id='word_1_139' title='bbox 346 1523 375 1578; x_wconf 90' lang='lat' dir='ltr'>iu</span> <span class='ocrx_word' id='word_1_140' title='bbox 396 1520 547 1579; x_wconf 91' lang='lat' dir='ltr'>Decanum</span> <span class='ocrx_word' id='word_1_141' title='bbox 565 1520 742 1592; x_wconf 84' lang='lat' dir='ltr'>sublimatus.</span> <span class='ocrx_word' id='word_1_142' title='bbox 786 1521 842 1596; x_wconf 84' lang='lat' dir='ltr'>Qui</span> <span class='ocrx_word' id='word_1_143' title='bbox 862 1521 929 1579; x_wconf 89' lang='lat' dir='ltr'>licet</span> <span class='ocrx_word' id='word_1_144' title='bbox 949 1523 1025 1579; x_wconf 89' lang='lat' dir='ltr'>vitae</span> <span class='ocrx_word' id='word_1_145' title='bbox 1047 1525 1125 1578; x_wconf 88' lang='lat' dir='ltr'>esset</span> <span class='ocrx_word' id='word_1_146' title='bbox 1144 1521 1214 1578; x_wconf 89' lang='lat' dir='ltr'>irre-</span> <span class='ocrx_word' id='word_1_147' title='bbox 1294 1553 1295 1592; x_wconf 71' lang='lat'><em>5</em></span> 
     </span>
    </p>
   </div>
   <div class='ocr_carea' id='block_1_6' title="bbox 186 1605 1214 1864">
    <p class='ocr_par' dir='ltr' id='par_1_6' title="bbox 186 1605 1214 1864">
     <span class='ocr_line' id='line_1_16' title="bbox 186 1605 1213 1686; baseline -0.002 -20"><span class='ocrx_word' id='word_1_148' title='bbox 186 1607 393 1684; x_wconf 85' lang='lat' dir='ltr'>prehensibilis,</span> <span class='ocrx_word' id='word_1_149' title='bbox 414 1614 443 1666; x_wconf 91' lang='lat' dir='ltr'>et</span> <span class='ocrx_word' id='word_1_150' title='bbox 462 1607 582 1682; x_wconf 89' lang='lat' dir='ltr'>polleret</span> <span class='ocrx_word' id='word_1_151' title='bbox 601 1605 736 1686; x_wconf 74' lang='lat' dir='ltr'>virtute⁸l</span> <span class='ocrx_word' id='word_1_152' title='bbox 758 1610 953 1682; x_wconf 86' lang='lat' dir='ltr'>castimoniae,</span> <span class='ocrx_word' id='word_1_153' title='bbox 974 1609 1097 1666; x_wconf 85' lang='lat' dir='ltr'>maxime</span> <span class='ocrx_word' id='word_1_154' title='bbox 1118 1613 1213 1664; x_wconf 86' lang='lat' dir='ltr'>tamen</span> 
     </span>
     <span class='ocr_line' id='line_1_17' title="bbox 186 1685 1213 1769; baseline -0.003 -17"><span class='ocrx_word' id='word_1_155' title='bbox 186 1695 317 1754; x_wconf 83' lang='lat' dir='ltr'>fervebat</span> <span class='ocrx_word' id='word_1_156' title='bbox 336 1697 366 1752; x_wconf 94' lang='lat' dir='ltr'>in</span> <span class='ocrx_word' id='word_1_157' title='bbox 393 1695 527 1769; x_wconf 89' lang='lat' dir='ltr'>operibus</span> <span class='ocrx_word' id='word_1_158' title='bbox 548 1694 765 1754; x_wconf 89' lang='lat' dir='ltr'>misericordiae.</span> <span class='ocrx_word' id='word_1_159' title='bbox 808 1693 842 1752; x_wconf 93' lang='lat' dir='ltr'>In</span> <span class='ocrx_word' id='word_1_160' title='bbox 863 1694 999 1768; x_wconf 88' lang='lat' dir='ltr'>parochia</span> <span class='ocrx_word' id='word_1_161' title='bbox 1020 1685 1110 1752; x_wconf 80' lang='lat' dir='ltr'>san&#39;cti</span> <span class='ocrx_word' id='word_1_162' title='bbox 1124 1691 1213 1763; x_wconf 88' lang='lat' dir='ltr'>Pauli,</span> 
     </span>
     <span class='ocr_line' id='line_1_18' title="bbox 187 1779 1214 1864; baseline -0.005 -24"><span class='ocrx_word' id='word_1_163' title='bbox 187 1800 262 1857; x_wconf 91' lang='lat' dir='ltr'>quae</span> <span class='ocrx_word' id='word_1_164' title='bbox 283 1784 384 1840; x_wconf 91' lang='lat' dir='ltr'>attinet</span> <span class='ocrx_word' id='word_1_165' title='bbox 404 1781 541 1840; x_wconf 88' lang='lat' dir='ltr'>ecclesiae</span> <span class='ocrx_word' id='word_1_166' title='bbox 562 1784 653 1864; x_wconf 88' lang='lat' dir='ltr'>sancti</span> <span class='ocrx_word' id='word_1_167' title='bbox 674 1780 817 1854; x_wconf 87' lang='lat' dir='ltr'>Andreae,</span> <span class='ocrx_word' id='word_1_168' title='bbox 837 1797 947 1856; x_wconf 87' lang='lat' dir='ltr'>pauper</span> <span class='ocrx_word' id='word_1_169' title='bbox 967 1779 1054 1840; x_wconf 86' lang='lat' dir='ltr'>vidua</span> <span class='ocrx_word' id='word_1_170' title='bbox 1074 1796 1133 1838; x_wconf 93' lang='lat' dir='ltr'>uon</span> <span class='ocrx_word' id='word_1_171' title='bbox 1154 1779 1214 1850; x_wconf 81' lang='lat' dir='ltr'>fuit,</span> 
     </span>
    </p>
   </div>
   <div class='ocr_carea' id='block_1_7' title="bbox 188 1867 1295 1943">
    <p class='ocr_par' dir='ltr' id='par_1_7' title="bbox 188 1867 1295 1943">
     <span class='ocr_line' id='line_1_19' title="bbox 188 1867 1295 1943; baseline -0.006 -14"><span class='ocrx_word' id='word_1_172' title='bbox 188 1871 268 1929; x_wconf 88' lang='lat' dir='ltr'>cuius</span> <span class='ocrx_word' id='word_1_173' title='bbox 295 1868 370 1926; x_wconf 88' lang='lat' dir='ltr'>lares</span> <span class='ocrx_word' id='word_1_174' title='bbox 398 1869 554 1943; x_wconf 86' lang='lat' dir='ltr'>ignoraret,</span> <span class='ocrx_word' id='word_1_175' title='bbox 584 1885 670 1942; x_wconf 91' lang='lat' dir='ltr'>quam</span> <span class='ocrx_word' id='word_1_176' title='bbox 698 1870 756 1926; x_wconf 90' lang='lat' dir='ltr'>suis</span> <span class='ocrx_word' id='word_1_177' title='bbox 784 1867 970 1942; x_wconf 89' lang='lat' dir='ltr'>eleemosynis</span> <span class='ocrx_word' id='word_1_178' title='bbox 995 1884 1053 1925; x_wconf 93' lang='lat' dir='ltr'>non</span> <span class='ocrx_word' id='word_1_179' title='bbox 1079 1868 1213 1925; x_wconf 86' lang='lat' dir='ltr'>visitaret.</span> <span class='ocrx_word' id='word_1_180' title='bbox 1294 1937 1295 1942; x_wconf 8' lang='grc' dir='ltr'>ἵ</span> 
     </span>
    </p>
   </div>
   <div class='ocr_carea' id='block_1_8' title="bbox 186 1953 1244 2030">
    <p class='ocr_par' dir='ltr' id='par_1_8' title="bbox 186 1953 1244 2030">
     <span class='ocr_line' id='line_1_20' title="bbox 186 1953 1244 2030; baseline -0.006 -15"><span class='ocrx_word' id='word_1_181' title='bbox 186 1955 311 2015; x_wconf 84' lang='lat' dir='ltr'>Tantum</span> <span class='ocrx_word' id='word_1_182' title='bbox 327 1957 408 2030; x_wconf 89' lang='lat' dir='ltr'>panis</span> <span class='ocrx_word' id='word_1_183' title='bbox 430 1971 465 2012; x_wconf 86' lang='lat' dir='ltr'>ex</span> <span class='ocrx_word' id='word_1_184' title='bbox 486 1956 546 2012; x_wconf 89' lang='lat' dir='ltr'>eius</span> <span class='ocrx_word' id='word_1_185' title='bbox 567 1972 667 2013; x_wconf 89' lang='lat' dir='ltr'>mensa</span> <span class='ocrx_word' id='word_1_186' title='bbox 687 1956 810 2012; x_wconf 88' lang='lat' dir='ltr'>ostiatim</span> <span class='ocrx_word' id='word_1_187' title='bbox 831 1955 1058 2013; x_wconf 88' lang='lat' dir='ltr'>mendicantibus</span> <span class='ocrx_word' id='word_1_188' title='bbox 1080 1953 1215 2024; x_wconf 87' lang='lat' dir='ltr'>dabatur,</span> <span class='ocrx_word' id='word_1_189' title='bbox 1242 1974 1244 1977; x_wconf 91' lang='grc'><em>·</em></span> 
     </span>
    </p>
   </div>
   <div class='ocr_carea' id='block_1_9' title="bbox 186 2039 1214 2117">
    <p class='ocr_par' dir='ltr' id='par_1_9' title="bbox 186 2039 1214 2117">
     <span class='ocr_line' id='line_1_21' title="bbox 186 2039 1214 2117; baseline -0.005 -16"><span class='ocrx_word' id='word_1_190' title='bbox 186 2049 297 2102; x_wconf 90' lang='lat' dir='ltr'>tantum</span> <span class='ocrx_word' id='word_1_191' title='bbox 320 2044 391 2100; x_wconf 88' lang='lat' dir='ltr'>aeris</span> <span class='ocrx_word' id='word_1_192' title='bbox 405 2057 440 2099; x_wconf 87' lang='lat' dir='ltr'>ex</span> <span class='ocrx_word' id='word_1_193' title='bbox 463 2043 522 2099; x_wconf 86' lang='lat' dir='ltr'>eius</span> <span class='ocrx_word' id='word_1_194' title='bbox 538 2042 671 2100; x_wconf 90' lang='lat' dir='ltr'>manibus</span> <span class='ocrx_word' id='word_1_195' title='bbox 693 2043 721 2098; x_wconf 91' lang='lat' dir='ltr'>in</span> <span class='ocrx_word' id='word_1_196' title='bbox 734 2040 960 2117; x_wconf 85' lang='lat' dir='ltr'>gazophilacium</span> <span class='ocrx_word' id='word_1_197' title='bbox 982 2039 1093 2114; x_wconf 84' lang='lat' dir='ltr'>Christi,</span> <span class='ocrx_word' id='word_1_198' title='bbox 1113 2039 1144 2097; x_wconf 94' lang='lat' dir='ltr'>id</span> <span class='ocrx_word' id='word_1_199' title='bbox 1165 2043 1214 2109; x_wconf 89' lang='lat' dir='ltr'>est,</span> 
     </span>
    </p>
   </div>
   <div class='ocr_carea' id='block_1_10' title="bbox 183 2127 1295 3161">
    <p class='ocr_par' dir='ltr' id='par_1_10' title="bbox 183 2127 1295 3161">
     <span class='ocr_line' id='line_1_22' title="bbox 187 2127 1295 2208; baseline -0.005 -21"><span class='ocrx_word' id='word_1_200' title='bbox 187 2127 246 2208; x_wconf 79' lang='lat' dir='ltr'>in⁹)</span> <span class='ocrx_word' id='word_1_201' title='bbox 267 2147 368 2186; x_wconf 91' lang='lat' dir='ltr'>manus</span> <span class='ocrx_word' id='word_1_202' title='bbox 390 2145 562 2202; x_wconf 88' lang='lat' dir='ltr'>pauperum,</span> <span class='ocrx_word' id='word_1_203' title='bbox 584 2128 764 2201; x_wconf 87' lang='lat' dir='ltr'>mittebatur,</span> <span class='ocrx_word' id='word_1_204' title='bbox 785 2135 818 2185; x_wconf 88' lang='lat' dir='ltr'>ut</span> <span class='ocrx_word' id='word_1_205' title='bbox 839 2128 931 2201; x_wconf 91' lang='lat' dir='ltr'>multi,</span> <span class='ocrx_word' id='word_1_206' title='bbox 954 2130 1002 2202; x_wconf 94' lang='lat' dir='ltr'>qui</span> <span class='ocrx_word' id='word_1_207' title='bbox 1024 2129 1084 2186; x_wconf 91' lang='lat' dir='ltr'>eius</span> <span class='ocrx_word' id='word_1_208' title='bbox 1106 2140 1213 2186; x_wconf 88' lang='lat' dir='ltr'>annuos</span> <span class='ocrx_word' id='word_1_209' title='bbox 1294 2127 1295 2190; x_wconf 83' lang='lat' dir='ltr'>l</span> 
     </span>
     <span class='ocr_line' id='line_1_23' title="bbox 187 2207 1295 2293; baseline -0.005 -19"><span class='ocrx_word' id='word_1_210' title='bbox 187 2216 313 2276; x_wconf 90' lang='lat' dir='ltr'>redditus</span> <span class='ocrx_word' id='word_1_211' title='bbox 334 2220 488 2288; x_wconf 90' lang='lat' dir='ltr'>noverant,</span> <span class='ocrx_word' id='word_1_212' title='bbox 508 2216 685 2272; x_wconf 86' lang='lat' dir='ltr'>mirarentur.</span> <span class='ocrx_word' id='word_1_213' title='bbox 727 2213 864 2272; x_wconf 87' lang='lat' dir='ltr'>Habebat</span> <span class='ocrx_word' id='word_1_214' title='bbox 884 2221 981 2272; x_wconf 91' lang='lat' dir='ltr'>autem</span> <span class='ocrx_word' id='word_1_215' title='bbox 996 2211 1025 2293; x_wconf 65' lang='grc' dir='ltr'>ιο)</span> <span class='ocrx_word' id='word_1_216' title='bbox 1048 2219 1213 2289; x_wconf 84' lang='lat' dir='ltr'>cognatum,</span> <span class='ocrx_word' id='word_1_217' title='bbox 1294 2207 1295 2278; x_wconf 75' lang='lat' dir='ltr'>l</span> 
     </span>
     <span class='ocr_line' id='line_1_24' title="bbox 186 2298 1295 2380; baseline -0.008 -18"><span class='ocrx_word' id='word_1_218' title='bbox 186 2303 369 2362; x_wconf 87' lang='lat' dir='ltr'>Fredericum</span> <span class='ocrx_word' id='word_1_219' title='bbox 399 2303 528 2375; x_wconf 87' lang='lat' dir='ltr'>nomine,</span> <span class='ocrx_word' id='word_1_220' title='bbox 567 2301 694 2360; x_wconf 89' lang='lat' dir='ltr'>eiusdem</span> <span class='ocrx_word' id='word_1_221' title='bbox 732 2300 868 2360; x_wconf 87' lang='lat' dir='ltr'>ecclesiae</span> <span class='ocrx_word' id='word_1_222' title='bbox 903 2303 1083 2374; x_wconf 91' lang='lat' dir='ltr'>canonicum,</span> <span class='ocrx_word' id='word_1_223' title='bbox 1123 2298 1212 2359; x_wconf 90' lang='lat' dir='ltr'>officio</span> <span class='ocrx_word' id='word_1_224' title='bbox 1294 2303 1295 2380; x_wconf 65' lang='lat' dir='ltr'>i</span> 
     </span>
     <span class='ocr_line' id='line_1_25' title="bbox 187 2387 1295 2463; baseline -0.01 -13"><span class='ocrx_word' id='word_1_225' title='bbox 187 2391 371 2450; x_wconf 89' lang='lat' dir='ltr'>cellerarium.</span> <span class='ocrx_word' id='word_1_226' title='bbox 402 2387 462 2446; x_wconf 90' lang='lat' dir='ltr'>Iste</span> <span class='ocrx_word' id='word_1_227' title='bbox 483 2387 657 2446; x_wconf 87' lang='lat' dir='ltr'>avunculum</span> <span class='ocrx_word' id='word_1_228' title='bbox 670 2390 782 2463; x_wconf 88' lang='lat' dir='ltr'>saepius</span> <span class='ocrx_word' id='word_1_229' title='bbox 804 2405 921 2463; x_wconf 78' lang='lat' dir='ltr'>arguere</span> <span class='ocrx_word' id='word_1_230' title='bbox 944 2389 1091 2446; x_wconf 91' lang='lat' dir='ltr'>consuevit</span> <span class='ocrx_word' id='word_1_231' title='bbox 1113 2387 1148 2445; x_wconf 93' lang='lat' dir='ltr'>de</span> <span class='ocrx_word' id='word_1_232' title='bbox 1168 2387 1212 2441; x_wconf 90' lang='lat' dir='ltr'>in·</span> <span class='ocrx_word' id='word_1_233' title='bbox 1294 2411 1295 2450; x_wconf 65' lang='grc' dir='ltr'>ς</span> 
     </span>
     <span class='ocr_line' id='line_1_26' title="bbox 187 2469 1295 2556; baseline -0.01 -20"><span class='ocrx_word' id='word_1_234' title='bbox 187 2476 310 2536; x_wconf 87' lang='lat' dir='ltr'>discreta</span> <span class='ocrx_word' id='word_1_235' title='bbox 335 2473 518 2548; x_wconf 87' lang='lat' dir='ltr'>liberalitate,</span> <span class='ocrx_word' id='word_1_236' title='bbox 533 2479 577 2532; x_wconf 77' lang='lat' dir='ltr'>‘et</span> <span class='ocrx_word' id='word_1_237' title='bbox 601 2477 662 2550; x_wconf 91' lang='lat' dir='ltr'>ipse</span> <span class='ocrx_word' id='word_1_238' title='bbox 689 2491 772 2534; x_wconf 88' lang='lat' dir='ltr'>versa</span> <span class='ocrx_word' id='word_1_239' title='bbox 799 2477 861 2532; x_wconf 88' lang='lat' dir='ltr'>vice</span> <span class='ocrx_word' id='word_1_240' title='bbox 882 2475 1082 2550; x_wconf 88' lang='lat' dir='ltr'>increpabatur</span> <span class='ocrx_word' id='word_1_241' title='bbox 1108 2469 1211 2532; x_wconf 93' lang='lat' dir='ltr'>abillo</span> <span class='ocrx_word' id='word_1_242' title='bbox 1294 2499 1295 2556; x_wconf 65' lang='lat'>3</span> 
     </span>
     <span class='ocr_line' id='line_1_27' title="bbox 186 2560 1295 2636; baseline -0.004 -12"><span class='ocrx_word' id='word_1_243' title='bbox 186 2565 222 2624; x_wconf 86' lang='lat' dir='ltr'>dc</span> <span class='ocrx_word' id='word_1_244' title='bbox 243 2565 331 2622; x_wconf 92' lang='lat' dir='ltr'>nimia</span> <span class='ocrx_word' id='word_1_245' title='bbox 350 2564 497 2636; x_wconf 89' lang='lat' dir='ltr'>parcitate.</span> <span class='ocrx_word' id='word_1_246' title='bbox 538 2560 696 2620; x_wconf 86' lang='lat' dir='ltr'>Habebunt</span> <span class='ocrx_word' id='word_1_247' title='bbox 717 2563 791 2620; x_wconf 90' lang='lat' dir='ltr'>enim</span> <span class='ocrx_word' id='word_1_248' title='bbox 814 2577 978 2620; x_wconf 87' lang='lat' dir='ltr'>communes</span> <span class='ocrx_word' id='word_1_249' title='bbox 999 2577 1153 2636; x_wconf 84' lang='lat' dir='ltr'>expensas,</span> <span class='ocrx_word' id='word_1_250' title='bbox 1185 2561 1212 2616; x_wconf 89' lang='lat' dir='ltr'>et</span> <span class='ocrx_word' id='word_1_251' title='bbox 1294 2585 1295 2620; x_wconf 70' lang='lat' dir='ltr'>i</span> 
     </span>
     <span class='ocr_line' id='line_1_28' title="bbox 186 2637 1295 2724; baseline -0.008 -15"><span class='ocrx_word' id='word_1_252' title='bbox 186 2652 292 2710; x_wconf 89' lang='lat' dir='ltr'>idcirco</span> <span class='ocrx_word' id='word_1_253' title='bbox 308 2651 375 2707; x_wconf 86' lang='lat' dir='ltr'>satis</span> <span class='ocrx_word' id='word_1_254' title='bbox 388 2649 567 2724; x_wconf 68' lang='lat' dir='ltr'>gravabatuq</span> <span class='ocrx_word' id='word_1_255' title='bbox 584 2647 760 2721; x_wconf 81' lang='lat' dir='ltr'>Fredericus,</span> <span class='ocrx_word' id='word_1_256' title='bbox 782 2649 849 2722; x_wconf 91' lang='lat' dir='ltr'>quia</span> <span class='ocrx_word' id='word_1_257' title='bbox 871 2647 1005 2722; x_wconf 90' lang='lat' dir='ltr'>quiequid</span> <span class='ocrx_word' id='word_1_258' title='bbox 1026 2664 1126 2722; x_wconf 87' lang='lat' dir='ltr'>rapere</span> <span class='ocrx_word' id='word_1_259' title='bbox 1146 2647 1210 2721; x_wconf 87' lang='lat' dir='ltr'>pot·</span> <span class='ocrx_word' id='word_1_260' title='bbox 1294 2637 1295 2718; x_wconf 54' lang='grc' dir='ltr'>ζ</span> 
     </span>
     <span class='ocr_line' id='line_1_29' title="bbox 187 2731 1295 2809; baseline -0.011 -12"><span class='ocrx_word' id='word_1_261' title='bbox 187 2744 247 2798; x_wconf 90' lang='lat' dir='ltr'>erat</span> <span class='ocrx_word' id='word_1_262' title='bbox 267 2737 419 2809; x_wconf 90' lang='lat' dir='ltr'>Decanus,</span> <span class='ocrx_word' id='word_1_263' title='bbox 446 2733 556 2795; x_wconf 89' lang='lat' dir='ltr'>occulte</span> <span class='ocrx_word' id='word_1_264' title='bbox 575 2733 671 2808; x_wconf 43' lang='lat' dir='ltr'>‚dabat</span> <span class='ocrx_word' id='word_1_265' title='bbox 698 2734 879 2809; x_wconf 88' lang='lat' dir='ltr'>pauperibus.</span> <span class='ocrx_word' id='word_1_266' title='bbox 922 2733 1063 2809; x_wconf 82' lang='lat' dir='ltr'>Tempore</span> <span class='ocrx_word' id='word_1_267' title='bbox 1088 2731 1211 2808; x_wconf 88' lang='lat' dir='ltr'>quodam</span> <span class='ocrx_word' id='word_1_268' title='bbox 1294 2759 1295 2762; x_wconf 60' lang='lat'><em>=</em></span> 
     </span>
     <span class='ocr_line' id='line_1_30' title="bbox 184 2820 1295 2897; baseline -0.012 -13"><span class='ocrx_word' id='word_1_269' title='bbox 184 2825 262 2884; x_wconf 92' lang='lat' dir='ltr'>idem</span> <span class='ocrx_word' id='word_1_270' title='bbox 294 2822 463 2882; x_wconf 87' lang='lat' dir='ltr'>Fredericus</span> <span class='ocrx_word' id='word_1_271' title='bbox 495 2821 531 2880; x_wconf 92' lang='lat' dir='ltr'>de</span> <span class='ocrx_word' id='word_1_272' title='bbox 557 2820 649 2880; x_wconf 88' lang='lat' dir='ltr'>officio</span> <span class='ocrx_word' id='word_1_273' title='bbox 679 2836 731 2880; x_wconf 90' lang='lat' dir='ltr'>suo</span> <span class='ocrx_word' id='word_1_274' title='bbox 760 2820 864 2880; x_wconf 89' lang='lat' dir='ltr'>multos</span> <span class='ocrx_word' id='word_1_275' title='bbox 893 2827 922 2880; x_wconf 87' lang='lat' dir='ltr'>et</span> <span class='ocrx_word' id='word_1_276' title='bbox 949 2837 1069 2897; x_wconf 83' lang='lat' dir='ltr'>magnos</span> <span class='ocrx_word' id='word_1_277' title='bbox 1104 2820 1210 2880; x_wconf 88' lang='lat' dir='ltr'>habens</span> <span class='ocrx_word' id='word_1_278' title='bbox 1294 2843 1295 2872; x_wconf 60' lang='lat' dir='ltr'>r</span> 
     </span>
     <span class='ocr_line' id='line_1_31' title="bbox 185 2897 1295 2988; baseline -0.008 -17"><span class='ocrx_word' id='word_1_279' title='bbox 185 2917 305 2988; x_wconf 84' lang='lat' dir='ltr'>porcos,</span> <span class='ocrx_word' id='word_1_280' title='bbox 333 2908 449 2983; x_wconf 92' lang='lat' dir='ltr'>occidit,</span> <span class='ocrx_word' id='word_1_281' title='bbox 478 2913 507 2967; x_wconf 90' lang='lat' dir='ltr'>et</span> <span class='ocrx_word' id='word_1_282' title='bbox 526 2905 564 2965; x_wconf 80' lang='lat' dir='ltr'>in&#39;</span> <span class='ocrx_word' id='word_1_283' title='bbox 577 2925 679 2983; x_wconf 87' lang='lat' dir='ltr'>pernas</span> <span class='ocrx_word' id='word_1_284' title='bbox 701 2908 847 2980; x_wconf 86' lang='lat' dir='ltr'>formavit,</span> <span class='ocrx_word' id='word_1_285' title='bbox 870 2924 975 2982; x_wconf 89' lang='lat' dir='ltr'>easque</span> <span class='ocrx_word' id='word_1_286' title='bbox 995 2909 1024 2965; x_wconf 90' lang='lat' dir='ltr'>in</span> <span class='ocrx_word' id='word_1_287' title='bbox 1047 2909 1167 2981; x_wconf 89' lang='lat' dir='ltr'>coquina</span> <span class='ocrx_word' id='word_1_288' title='bbox 1180 2897 1209 2979; x_wconf 87' lang='lat'>¹¹)</span> <span class='ocrx_word' id='word_1_289' title='bbox 1294 2923 1295 2976; x_wconf 67' lang='lat'>1</span> 
     </span>
     <span class='ocr_line' id='line_1_32' title="bbox 183 2990 1208 3074; baseline -0.011 -16"><span class='ocrx_word' id='word_1_290' title='bbox 183 2999 303 3074; x_wconf 89' lang='lat' dir='ltr'>tempori</span> <span class='ocrx_word' id='word_1_291' title='bbox 332 3012 456 3072; x_wconf 86' lang='lat' dir='ltr'>congruo</span> <span class='ocrx_word' id='word_1_292' title='bbox 484 2994 670 3054; x_wconf 88' lang='lat' dir='ltr'>reservandas</span> <span class='ocrx_word' id='word_1_293' title='bbox 698 2993 855 3069; x_wconf 90' lang='lat' dir='ltr'>suspendit.</span> <span class='ocrx_word' id='word_1_294' title='bbox 897 2993 977 3069; x_wconf 88' lang='lat' dir='ltr'>Quas</span> <span class='ocrx_word' id='word_1_295' title='bbox 998 2994 1134 3053; x_wconf 88' lang='lat' dir='ltr'>Decanus</span> <span class='ocrx_word' id='word_1_296' title='bbox 1154 2990 1208 3049; x_wconf 85' lang='lat' dir='ltr'>ire·</span> 
     </span>
     <span class='ocr_line' id='line_1_33' title="bbox 183 3075 1295 3161; baseline -0.01 -16"><span class='ocrx_word' id='word_1_297' title='bbox 183 3089 302 3161; x_wconf 86' lang='lat' dir='ltr'>quanter</span> <span class='ocrx_word' id='word_1_298' title='bbox 332 3085 463 3156; x_wconf 89' lang='lat' dir='ltr'>intuens,</span> <span class='ocrx_word' id='word_1_299' title='bbox 496 3075 649 3155; x_wconf 78' lang='lat' dir='ltr'>salumque</span> <span class='ocrx_word' id='word_1_300' title='bbox 681 3081 834 3156; x_wconf 89' lang='lat' dir='ltr'>suspendio</span> <span class='ocrx_word' id='word_1_301' title='bbox 866 3083 934 3140; x_wconf 90' lang='lat' dir='ltr'>satis</span> <span class='ocrx_word' id='word_1_302' title='bbox 964 3081 1109 3155; x_wconf 89' lang='lat' dir='ltr'>invidens,</span> <span class='ocrx_word' id='word_1_303' title='bbox 1146 3091 1208 3137; x_wconf 87' lang='lat' dir='ltr'>cum</span> <span class='ocrx_word' id='word_1_304' title='bbox 1294 3089 1295 3144; x_wconf 64' lang='lat' dir='ltr'>i</span> 
     </span>
    </p>
   </div>
   <div class='ocr_carea' id='block_1_11' title="bbox 180 3145 1208 3331">
    <p class='ocr_par' dir='ltr' id='par_1_11' title="bbox 180 3145 1208 3331">
     <span class='ocr_line' id='line_1_34' title="bbox 181 3145 1208 3245; baseline -0.013 -13"><span class='ocrx_word' id='word_1_305' title='bbox 181 3145 398 3232; x_wconf 53' lang='lat' dir='ltr'>nuhamleueis</span> <span class='ocrx_word' id='word_1_306' title='bbox 420 3187 438 3227; x_wconf 90' lang='lat' dir='ltr'>a</span> <span class='ocrx_word' id='word_1_307' title='bbox 460 3174 582 3245; x_wconf 86' lang='lat' dir='ltr'>cognato</span> <span class='ocrx_word' id='word_1_308' title='bbox 593 3175 689 3242; x_wconf 88' lang='lat' dir='ltr'>petere</span> <span class='ocrx_word' id='word_1_309' title='bbox 710 3175 807 3242; x_wconf 88' lang='lat' dir='ltr'>posset</span> <span class='ocrx_word' id='word_1_310' title='bbox 827 3166 874 3226; x_wconf 87' lang='lat' dir='ltr'>vel</span> <span class='ocrx_word' id='word_1_311' title='bbox 889 3165 917 3244; x_wconf 84' lang='lat'>¹²)</span> <span class='ocrx_word' id='word_1_312' title='bbox 935 3170 1136 3242; x_wconf 81' lang='lat' dir='ltr'>praesumeret,</span> <span class='ocrx_word' id='word_1_313' title='bbox 1157 3163 1208 3221; x_wconf 93' lang='lat' dir='ltr'>do-</span> 
     </span>
     <span class='ocr_line' id='line_1_35' title="bbox 180 3254 1208 3331; baseline -0.011 -13"><span class='ocrx_word' id='word_1_314' title='bbox 180 3258 240 3318; x_wconf 92' lang='lat' dir='ltr'>lum</span> <span class='ocrx_word' id='word_1_315' title='bbox 261 3263 406 3331; x_wconf 88' lang='lat' dir='ltr'>sanctum,</span> <span class='ocrx_word' id='word_1_316' title='bbox 436 3255 532 3314; x_wconf 91' lang='lat' dir='ltr'>dolum</span> <span class='ocrx_word' id='word_1_317' title='bbox 552 3257 646 3330; x_wconf 90' lang='lat' dir='ltr'>pium,</span> <span class='ocrx_word' id='word_1_318' title='bbox 667 3254 763 3314; x_wconf 91' lang='lat' dir='ltr'>dolum</span> <span class='ocrx_word' id='word_1_319' title='bbox 784 3255 921 3315; x_wconf 88' lang='lat' dir='ltr'>memoria</span> <span class='ocrx_word' id='word_1_320' title='bbox 943 3254 1137 3330; x_wconf 87' lang='lat' dir='ltr'>dignissimum</span> <span class='ocrx_word' id='word_1_321' title='bbox 1158 3265 1208 3309; x_wconf 84' lang='lat' dir='ltr'>ex·</span> 
     </span>
    </p>
   </div>
   <div class='ocr_carea' id='block_1_12' title="bbox 199 3401 1295 3925">
    <p class='ocr_par' dir='ltr' id='par_1_12' title="bbox 199 3401 1295 3925">
     <span class='ocr_line' id='line_1_36' title="bbox 199 3401 1295 3496; baseline -0.01 -16"><span class='ocrx_word' id='word_1_322' title='bbox 199 3423 810 3496; x_wconf 59' lang='lat' dir='ltr'>1)10u31‚32.-amaneum-</span> <span class='ocrx_word' id='word_1_323' title='bbox 838 3413 1206 3491; x_wconf 57' lang='lat' dir='ltr'>amores-quor</span> <span class='ocrx_word' id='word_1_324' title='bbox 1294 3401 1295 3486; x_wconf 55' lang='grc' dir='ltr'>ζ</span> 
     </span>
     <span class='ocr_line' id='line_1_37' title="bbox 249 3493 1295 3578; baseline -0.011 -30"><span class='ocrx_word' id='word_1_325' title='bbox 249 3495 477 3578; x_wconf 75' lang='lat' dir='ltr'>simplicitate,</span> <span class='ocrx_word' id='word_1_326' title='bbox 493 3523 524 3577; x_wconf 51' lang='lat'>-7</span> <span class='ocrx_word' id='word_1_327' title='bbox 545 3494 575 3561; x_wconf 89' lang='grc'>5)</span> <span class='ocrx_word' id='word_1_328' title='bbox 593 3493 705 3578; x_wconf 66' lang='lat' dir='ltr'>nocer</span> <span class='ocrx_word' id='word_1_329' title='bbox 729 3494 866 3546; x_wconf 87' lang='lat' dir='ltr'>licentia</span> <span class='ocrx_word' id='word_1_330' title='bbox 890 3495 1008 3576; x_wconf 39' lang='lat' dir='ltr'>pueris·</span> <span class='ocrx_word' id='word_1_331' title='bbox 1029 3501 1115 3544; x_wconf 88' lang='lat' dir='ltr'>esset</span> <span class='ocrx_word' id='word_1_332' title='bbox 1136 3502 1205 3542; x_wconf 88' lang='lat' dir='ltr'>oon·</span> <span class='ocrx_word' id='word_1_333' title='bbox 1294 3543 1295 3566; x_wconf 18' lang='grc' dir='ltr'>ἶ</span> 
     </span>
     <span class='ocr_line' id='line_1_38' title="bbox 210 3561 1295 3698; baseline -0.004 -10"><span class='ocrx_word' id='word_1_334' title='bbox 210 3561 1205 3698; x_wconf 52' lang='lat' dir='ltr'>·{teth,Ythtttthtthsrihhilt{itttitt?</span> <span class='ocrx_word' id='word_1_335' title='bbox 1294 3599 1295 3684; x_wconf 77' lang='lat' dir='ltr'>i</span> 
     </span>
     <span class='ocr_line' id='line_1_39' title="bbox 246 3693 1295 3780; baseline -0.005 -23"><span class='ocrx_word' id='word_1_336' title='bbox 246 3706 295 3757; x_wconf 89' lang='lat' dir='ltr'>bis</span> <span class='ocrx_word' id='word_1_337' title='bbox 313 3711 455 3756; x_wconf 85' lang='lat' dir='ltr'>utantur.</span> <span class='ocrx_word' id='word_1_338' title='bbox 475 3733 506 3744; x_wconf 90' lang='lat'>-</span> <span class='ocrx_word' id='word_1_339' title='bbox 532 3703 601 3772; x_wconf 84' lang='lat' dir='ltr'>7)c</span> <span class='ocrx_word' id='word_1_340' title='bbox 625 3702 691 3754; x_wconf 91' lang='lat' dir='ltr'>hoc.</span> <span class='ocrx_word' id='word_1_341' title='bbox 711 3733 741 3744; x_wconf 93' lang='lat'>-</span> <span class='ocrx_word' id='word_1_342' title='bbox 766 3701 900 3778; x_wconf 83' lang='grc' dir='ltr'>8)ΑοοΡ</span> <span class='ocrx_word' id='word_1_343' title='bbox 923 3703 953 3753; x_wconf 93' lang='lat' dir='ltr'>in</span> <span class='ocrx_word' id='word_1_344' title='bbox 975 3704 1108 3756; x_wconf 86' lang='lat' dir='ltr'>virtute.</span> <span class='ocrx_word' id='word_1_345' title='bbox 1128 3727 1156 3740; x_wconf 84' lang='lat'>—</span> <span class='ocrx_word' id='word_1_346' title='bbox 1174 3693 1204 3758; x_wconf 84' lang='grc'>9)</span> <span class='ocrx_word' id='word_1_347' title='bbox 1294 3737 1295 3780; x_wconf 62' lang='lat'>,</span> 
     </span>
     <span class='ocr_line' id='line_1_40' title="bbox 244 3771 1295 3842; baseline -0.007 -14"><span class='ocrx_word' id='word_1_348' title='bbox 244 3778 275 3829; x_wconf 94' lang='lat' dir='ltr'>in</span> <span class='ocrx_word' id='word_1_349' title='bbox 293 3790 333 3826; x_wconf 88' lang='lat' dir='ltr'>orn</span> <span class='ocrx_word' id='word_1_350' title='bbox 352 3773 378 3826; x_wconf 83' lang='lat' dir='ltr'>G.</span> <span class='ocrx_word' id='word_1_351' title='bbox 399 3803 429 3813; x_wconf 95' lang='lat'>—</span> <span class='ocrx_word' id='word_1_352' title='bbox 456 3772 605 3841; x_wconf 81' lang='grc' dir='ltr'>10)ΑοοΡ</span> <span class='ocrx_word' id='word_1_353' title='bbox 628 3775 725 3825; x_wconf 85' lang='lat' dir='ltr'>eninr.</span> <span class='ocrx_word' id='word_1_354' title='bbox 746 3803 775 3814; x_wconf 90' lang='lat'>·-</span> <span class='ocrx_word' id='word_1_355' title='bbox 797 3773 845 3842; x_wconf 90' lang='grc'>11)</span> <span class='ocrx_word' id='word_1_356' title='bbox 863 3771 949 3826; x_wconf 73' lang='lat' dir='ltr'>acob</span> <span class='ocrx_word' id='word_1_357' title='bbox 977 3773 1200 3841; x_wconf 73' lang='lat' dir='ltr'>coquinent-</span> <span class='ocrx_word' id='word_1_358' title='bbox 1294 3813 1295 3838; x_wconf 70' lang='lat'>,</span> 
     </span>
     <span class='ocr_line' id='line_1_41' title="bbox 245 3842 615 3925; baseline -0.008 -27"><span class='ocrx_word' id='word_1_359' title='bbox 245 3845 293 3914; x_wconf 82' lang='lat'>12)</span> <span class='ocrx_word' id='word_1_360' title='bbox 311 3853 424 3925; x_wconf 78' lang='lat' dir='ltr'>posset</span> <span class='ocrx_word' id='word_1_361' title='bbox 442 3843 491 3896; x_wconf 89' lang='lat' dir='ltr'>vel</span> <span class='ocrx_word' id='word_1_362' title='bbox 508 3859 548 3896; x_wconf 91' lang='lat' dir='ltr'>om</span> <span class='ocrx_word' id='word_1_363' title='bbox 566 3842 615 3897; x_wconf 83' lang='lat' dir='ltr'>Bc.</span> 
     </span>
    </p>
   </div>
   <div class='ocr_carea' id='block_1_13' title="bbox 0 0 1326 4330">
    <p class='ocr_par' dir='ltr' id='par_1_13' title="bbox 0 0 1326 4330">
     <span class='ocr_line' id='line_1_42' title="bbox 0 0 1326 4330; baseline 0 1"><span class='ocrx_word' id='word_1_364' title='bbox 0 0 1326 4330; x_wconf 95' lang='lat' dir='ltr'> </span> 
     </span>
    </p>
   </div>
  </div>
 </body>
</html>
