2538 4314
394 223 475 294 'DE
498 229 773 295 commone
1068 233 1107 295 et

97 360 176 416 anet
198 354 346 434 singularis
369 356 598 417 Christiemrum
626 357 770 417 advocata
795 355 854 416 lilio
882 353 1054 433 loquebatur
1081 357 1110 416 in

97 441 152 500 haec
169 445 262 502 verbe:
284 443 467 504 Dulcissimo
488 445 537 520 lili,
557 444 770 506 misererehuic
783 444 900 503 homini.
943 443 1020 502 Puer
1040 461 1109 508 vero

94 532 158 588 nati
175 529 211 588 nil
230 532 380 606 respondit
397 529 423 612 ¹),
445 532 548 591 faciem
561 533 598 591 ab
621 549 656 591 ea
677 538 819 591 avertens.
857 529 986 606 Cumque
1007 533 1110 590 iterum

93 624 189 692 rogaret,
208 617 355 678 hominem
377 615 533 679 'seductum
546 635 686 692 asserens,
707 621 792 677 matri
811 616 927 677 dorsum
948 619 1041 692 vortit,
1063 617 1109 676 di·

91 719 154 762 oens:
178 703 271 764 Homo
299 709 357 764 istc
387 707 508 784 negavit
535 723 597 781 me,
625 705 695 781 quid
725 707 750 764 ei
777 702 902 764 iaciam‘l
944 704 1016 764 Post
1036 704 1109 764 haec

47 797 50 804 '
89 791 159 848 verba
182 793 276 868 imago
299 796 438 868 surrexit,
467 809 588 868 puemm
617 809 703 866 super
731 791 820 850 altaro
848 793 958 867 posuit,
991 793 1109 868 eiusque

86 876 186 951 pedibus
206 896 236 936 se
258 897 356 955 prone
370 881 537 956 prostravit
567 879 606 938 Et
627 882 681 938 eit:
703 879 796 955 Rogo,
817 878 866 953 lili,
887 885 919 936 ut
932 885 1048 954 propter
1062 895 1109 939 me

86 963 188 1024 dimittas
209 967 235 1024 ei
256 975 420 1042 peccatum
441 966 507 1026 hoc.
549 965 620 1025 Mox
641 966 733 1024 infans
754 973 875 1024 matrem
898 965 1029 1038 elevans,
1060 983 1108 1026 ro·

83 1051 177 1125 spondit
194 1053 249 1110 illi:
278 1053 396 1128 Mater,
426 1070 575 1128 nunquam
596 1055 649 1112 tibi
668 1051 776 1128 aliquid
797 1070 904 1130 negare
926 1055 1021 1128 potui,
1041 1069 1108 1114 ecce

82 1145 177 1214 propter
202 1145 232 1198 te
261 1147 360 1200 toturn
390 1141 513 1199 dimitto.
560 1141 644 1200 Prius
674 1140 818 1199 dimiserat
851 1139 964 1214 culpam
994 1146 1109 1215 propter

82 1228 274 1301 contritionem,
305 1227 413 1286 deindo
435 1244 558 1302 poenam
579 1229 691 1304 peccati
713 1233 828 1302 propter
848 1228 948 1285 matris
970 1229 1109 1286 interces-

80 1311 178 1372 sionem.
220 1313 435 1374 NOVICIUS:
465 1313 559 1390 Quare
592 1321 652 1372 tam
681 1313 768 1372 durus
800 1320 861 1372 tarn
883 1312 1004 1372 dilectae
1025 1315 1109 1372 mani

78 1396 136 1456 luit?
175 1399 420 1461 MONACHUS:
453 1399 493 1460 Ut
521 1403 617 1460 iuveni
645 1399 823 1473 ostenderet,
852 1406 990 1476 qnantum
1019 1402 1049 1458 in
1076 1417 1108 1460 sc

78 1494 223 1562 peccasset,
253 1495 284 1548 et
314 1497 349 1547 ut
370 1505 425 1564 per
447 1486 573 1546 dolorem
596 1487 689 1547 cordis
710 1487 832 1562 emplius
851 1489 881 1544 in
903 1503 935 1547 sc
956 1493 1108 1562 peceatum

78 1572 156 1644 ipsum
180 1577 306 1649 puniret.
351 1575 481 1650 Surgere
509 1582 606 1634 autern
634 1577 760 1648 iuvenis,
790 1576 878 1634 exivit
906 1573 942 1633 de
971 1574 1108 1650 ecclesia,

78 1660 148 1717 tristis
169 1662 287 1736 quidem
321 1662 357 1722 de
388 1661 489 1736 eulpa,
521 1660 573 1721 sed
600 1661 698 1720 hilaris
727 1660 763 1721 de
784 1660 969 1738 indulgentia.
1011 1661 1108 1721 Exivit

78 1753 131 1819 post
149 1763 214 1807 eum
235 1748 427 1826 saepedictus
448 1748 529 1808 miles
550 1747 687 1822 latenter,
716 1753 745 1808 et
766 1749 850 1824 quasi
869 1765 930 1806 rem
949 1751 1109 1826 ignoraret,

78 1837 215 1910 quaedvit,
238 1854 334 1914 quare
356 1843 418 1894 tam
439 1834 571 1894 humidos
594 1841 623 1894 et
643 1842 703 1894 tem
723 1834 849 1894 tumidos
860 1834 959 1894 oculos
980 1835 1109 1896 haberet.

78 1916 235 1996 Respondit:
266 1925 319 1983 De
347 1923 436 2002 rento
466 1929 518 1982 est
560 1922 598 1980 Et
626 1921 689 1981 illex
716 1921 857 1995 Domine,
885 1938 944 1980 non
970 1922 1108 1982 maletot

78 2021 151 2067 musa
170 2013 307 2075 tristitiae
329 2016 462 2084 vestrae,
490 2008 584 2068 habeo
607 2011 683 2068 enim
703 2011 818 2080 unicam
839 2007 943 2083 filiam,
976 2011 998 2066 si
1021 2008 1108 2068 vultis

77 2090 141 2152 illam
160 2095 266 2158 ducere
290 2093 456 2176 uxoremll,
478 2098 574 2155 omnia
587 2103 683 2157 vestra
704 2097 787 2157 vobis
809 2113 874 2155 curn
886 2095 935 2153 illa
951 2097 1108 2171 restituam,

78 2179 176 2256 insuper
198 2191 227 2242 et
249 2185 420 2244 divitiarum
448 2200 575 2242 mearum
596 2182 732 2242 heredem
753 2199 806 2242 vos
827 2184 974 2240 instituam
985 2179 1015 2262 ³).
1058 2181 1108 2242 Ad

78 2263 136 2326 laec
155 2271 271 2330 iuvenis
293 2271 389 2330 laetus
420 2271 536 2329 effectus
562 2271 723 2346 respondit:
752 2269 783 2329 Si
810 2269 867 2328 hoc
887 2269 982 2328 facere
1004 2269 1108 2346 digna·

78 2357 175 2432 amni,
205 2359 371 2434 plurimum
393 2357 463 2414 mihi
482 2357 617 2432 placeret.
659 2356 805 2415 Reversus
826 2357 908 2414 miles
929 2356 967 2415 ad
988 2375 1107 2416 uxorem
1166 2401 1171 2408 .

78 2455 154 2517 tutu,
173 2463 240 2506 rem
262 2447 289 2504 ci
310 2462 364 2520 per
386 2443 515 2504 ordinem
536 2443 646 2519 retulit;
669 2445 813 2503 consensit
833 2443 894 2519 ille3
917 2446 1033 2520 nuptiae
1056 2462 1107 2505 cc-

78 2523 222 2609 lebrantur;
244 2533 356 2591 iuveni
385 2531 439 2590 sub
469 2533 583 2590 nomine
613 2531 686 2589 dotis
716 2533 811 2590 omnia
839 2547 893 2590 sua
914 2533 1108 2590 restituuntur.

80 2611 176 2695 rldlrnc,
197 2626 234 2680 ut
255 2625 336 2694 puto,
359 2620 440 2692 vivit,
462 2620 564 2678 vivunt
586 2623 615 2676 ot
635 2618 735 2692 soceri,
756 2623 822 2692 post
844 2635 965 2692 quorum
986 2626 1107 2678 mortem

80 2715 163 2764 eorum
182 2706 333 2766 hereditas
355 2705 510 2780 adipsum
537 2711 705 2765 revertetur.
749 2703 952 2764 NOVICIUS:
981 2705 1106 2764 Multum

81 2787 174 2852 iuvenis
202 2798 260 2853 istc
282 2794 433 2868 regratiari
454 2796 567 2850 tenetur
587 2792 690 2851 beatae
712 2791 832 2867 Virgini,
854 2793 921 2866 quia
942 2809 994 2867 per
1013 2796 1106 2868 ipsam

81 2882 168 2938 meruit
181 2883 387 2940 remissionem
399 2886 591 2954 peccatorum,
611 2881 728 2955 insuper
750 2884 779 2937 et
792 2877 1015 2938 consolationem
1030 2886 1107 2938 tem-

82 2960 205 3036 poralium
233 2968 389 3028 bonorum.
437 2963 674 3026 MONACHUS:
703 2965 813 3025 Verum
836 2964 914 3040 dicis,
947 2968 1015 3041 quia
1042 2969 1107 3041 ipsa

83 3049 255 3116 utercedente
270 3054 416 3112 Dominus
439 3052 516 3111 cordi
537 3055 599 3111 eins
613 3052 716 3112 infudit
728 3054 935 3126 contritionem,
955 3069 1006 3128 per
1019 3069 1107 3128 quarn

84 3146 175 3210 nauti
195 3144 302 3202 meruit
324 3141 529 3200 remissionem.
572 3138 674 3198 Poena
695 3141 914 3214 otiampeccati,
933 3142 997 3215 ipss
1016 3141 1107 3198 intor-

84 3225 198 3305 tedente,
222 3232 332 3288 iuvene
354 3219 502 3301 lendiente,
524 3226 642 3285 dimissa
662 3233 714 3286 est.
755 3225 834 3308 Ecce
854 3226 942 3284 homo
963 3229 1017 3284 iste
1037 3243 1109 3304 gra-
1158 3239 1174 3268 ¹

84 3313 180 3376 tissime
201 3315 317 3390 cecidit,
339 3313 391 3373 sed
413 3315 522 3388 ceteris,
544 3312 580 3372 de
602 3314 705 3389 quibus
724 3313 934 3388 supradictum
956 3319 1007 3388 est,
1029 3313 1106 3373 cele-

85 3399 129 3459 n'us
156 3406 288 3464 surrexit
344 3399 453 3460 Cecidit
482 3403 654 3476 intempesta
685 3406 780 3475 nocte,
800 3403 932 3465 surrexit.
952 3401 981 3458 in
1013 3417 1109 3460 mane.

85 3481 270 3552 NOVICIUS:
299 3487 378 3565 Quid
406 3489 458 3546 tibi
479 3487 592 3548 videtur
613 3487 649 3547 de
670 3486 731 3562 his,
753 3489 852 3564 quiin
873 3486 930 3546 line
952 3493 1106 3547 conterun-

100 3742 123 3812 1)
136 3745 174 3800 BG
188 3743 418 3813 respondens,
435 3752 461 3796 et
478 3744 553 3812 poulo
571 3752 630 3814 post
647 3743 783 3798 avertit.
803 3741 905 3810 -2]i³
923 3743 949 3794 in
966 3754 1105 3792 uxorem

139 3817 166 3858 '-
184 3818 216 3887 3)
234 3814 324 3870 aec?
342 3815 509 3866 constituens.⁴
