2654 4308
359 317 414 378 nn
435 313 620 378 urvsnas
641 307 887 408 vacuamus..
1093 317 1132 376 er

96 440 212 517 Duplex
233 444 279 500 est
294 438 489 516 religiosorum
512 437 664 516 crucifixio,
685 437 807 502 hominis
827 437 969 497 interioris
989 453 1042 512 per
1062 436 1135 498 alie-

95 544 161 586 nam
183 529 419 602 compassionem,
446 532 475 586 et
495 525 617 584 hominis
638 525 783 584 exterioris
804 541 855 600 per
876 525 1020 599 propriam
1042 525 1136 584 carnis

96 613 351 676 mortificationem.
393 612 472 674 cna
489 612 592 673 dicitur
612 629 631 670 a
653 613 788 671 muciam.
831 610 908 670 Crux
928 611 1136 672 monachorum

95 702 170 778 rigor
194 700 300 760 ordinis
322 707 381 775 est,
401 706 464 758 tum
484 704 601 776 propter
622 697 733 774 vigilias
755 703 784 756 et
805 700 955 773 orationes,
976 705 1038 757 tum
1065 717 1135 776 pro-

95 793 157 863 pter
177 789 284 848 ieiunia
313 793 341 848 et
370 789 585 864 castigationes,
612 790 674 844 tum
694 790 811 862 propter
832 783 974 869 silentium
998 792 1027 846 ct
1049 803 1136 862 opera
1208 840 1211 847 .

95 892 248 950 manuum,
276 879 338 932 tum
369 879 486 950 propter
514 874 606 932 carnis
628 873 830 931 continentiam
853 877 881 931 et
901 873 1136 934 vestimentorum

95 963 234 1037 stratique
263 959 403 1020 duritiam.
447 958 504 1038 Qui
532 965 630 1017 autem
659 964 726 1016 sunt
747 955 865 1032 Christi,
893 960 1029 1033 quicum
1050 959 1135 1036 Apo-

95 1047 168 1108 stolo
191 1047 285 1108 dicere
313 1052 449 1124 possuntt
480 1045 595 1105 obruto
618 1045 725 1121 emutat
746 1062 848 1104 sumus
870 1042 999 1122 cruci¹)‚·
1022 1064 1137 1112 earnem

95 1151 178 1195 suam
202 1123 410 1209 cmcifixernnt,
430 1131 461 1191 id
483 1137 526 1192 est
548 1134 623 1192 eruci
645 1131 803 1206 affixerunt,
826 1147 891 1190 cum
912 1131 987 1192 vitiis
1009 1150 1136 1210 operum,

96 1227 124 1280 et
150 1222 387 1298 concupiscentiis
410 1218 614 1280 desideriorum
635 1224 806 1294 pugnantes.
849 1217 910 1278 Nec
932 1226 1076 1293 ponuntm
1096 1221 1138 1281 illi

96 1307 151 1370 duo
180 1309 300 1385 genitivi
320 1305 445 1383 plurales
465 1304 731 1380 instrumentaliter,
765 1303 817 1364 sed
837 1303 968 1382 passive,
1001 1307 1136 1384 eoquod

94 1413 146 1471 per
160 1398 281 1455 virtutes
302 1394 332 1452 in
354 1395 446 1456 carnis
468 1394 660 1453 maceratione
682 1391 887 1451 mortificentur
895 1388 925 1471 ²).
968 1391 1039 1453 Tres
1062 1395 1137 1456 clavi

95 1484 200 1557 quihus
228 1498 331 1556 eorpus
363 1479 497 1540 monachi
526 1480 604 1539 eruci
630 1477 716 1538 debet
745 1495 808 1538 esse
830 1479 962 1555 affixum,
991 1486 1049 1540 tres
1071 1489 1137 1544 sunt

95 1571 223 1644 virtutes,
245 1585 296 1645 per
309 1585 381 1643 quas
396 1572 469 1626 teste
489 1563 656 1626 Hieronimo
679 1571 817 1642 martyres
840 1565 1006 1641 efficiuntur,
1028 1569 1138 1630 seihcet

95 1655 274 1730 ohedientia,
301 1656 453 1730 patientia,
484 1652 638 1714 humilitas.
680 1649 801 1712 Manum
830 1653 963 1712 monachi
991 1653 1160 1718 dexteram

96 1741 222 1820 configat
256 1741 419 1801 obedientia
454 1743 516 1800 siue
550 1741 789 1815 murmuratione3
823 1741 965 1798 sinistram
1000 1745 1139 1817 patientia

96 1831 157 1890 sine
173 1825 363 1892 simulatione.
408 1827 529 1886 Clavum
547 1825 727 1886 obedientiae
748 1823 875 1900 impellat
896 1843 977 1884 amor
997 1845 1139 1906 supernae

94 1915 248 1990 libertatis,
282 1914 396 1974 clavum
417 1915 571 1992 patientiae
592 1914 676 1971 timor
697 1929 807 1988 poenae
828 1911 1002 1988 gehennalis.
1044 1915 1139 1978 Pedes

95 2003 170 2062 illius
192 2019 264 2062 vera
285 1999 430 2060 humilitas
453 1999 591 2076 configat,
613 2005 725 2057 utnon
746 1998 839 2058 sulum
859 1999 1008 2074 praelatis,
1035 2001 1087 2082 sed
1109 2010 1138 2063 et

94 2089 229 2150 trabibus
259 2105 289 2148 se
310 2093 428 2168 propter
449 2087 596 2146 Christum
616 2086 761 2161 subiiciat,
792 2092 825 2144 ut
846 2085 938 2144 dicere
960 2090 1051 2162 possit
1071 2107 1146 2159 cum

95 2177 265 2238 Psalmista:
294 2175 480 2234 Humiltatus
508 2191 576 2232 aum
597 2190 810 2250 usquequaque
831 2171 1001 2246 Dosutuc³).
1050 2175 1088 2235 Et
1107 2178 1138 2236 in

95 2263 151 2325 alio
174 2263 256 2322 loco:
278 2261 448 2336 Imposuisti
464 2262 594 2320 busiaco
607 2277 696 2334 super
709 2263 809 2334 capitu
819 2257 963 2335 nostum).
1002 2260 1070 2322 Duo
1081 2281 1136 2346 pe-

95 2349 156 2426 des,
175 2349 283 2426 duplex
305 2353 348 2408 est
369 2349 511 2424 superbia,
532 2347 636 2407 mentis
658 2345 765 2406 scilicet
786 2352 815 2406 et
836 2349 971 2421 corporis.
1012 2349 1051 2408 Et
1071 2349 1138 2413 lieet

94 2437 234 2514 superbia
262 2440 351 2511 capnt
377 2435 413 2493 sit
435 2437 568 2504 ‚omnium
595 2434 745 2507 vitiorum,
773 2449 831 2491 non
858 2439 955 2492 tamen
981 2436 1137 2514 incongrue

94 2542 148 2600 per
169 2522 260 2602 pedes
282 2523 331 2598 qui
351 2518 495 2602 infimae⁵)
523 2525 590 2580 sunt
610 2525 706 2594 partes
728 2521 868 2596 corporis,
890 2521 1063 2597 quandoque
1084 2524 1136 2584 de-

94 2613 235 2690 signatur.
279 2605 364 2686 Quod
386 2609 462 2668 euim
482 2606 568 2667 valde
590 2605 702 2665 odimus
724 2613 752 2666 et
775 2606 953 2682 despicimus,
976 2607 1032 2670 hoc
1053 2611 1139 2686 pedi-

94 2699 152 2758 bus
183 2695 394 2758 conculcamus.
436 2693 520 2757 Unde
541 2693 633 2754 Josue
654 2693 718 2752 tiliis
738 2692 844 2768 Israel,
875 2700 908 2752 ut
929 2695 1003 2756 colla
1023 2697 1136 2774 Regum

96 2785 242 2844 calcarent
269 2773 452 2860 praecepit⁶).
504 2777 709 2840 NOVIOIUS:
737 2780 814 2839 Satis
842 2781 911 2840 mihi
936 2781 1032 2859 placet
1060 2784 1138 2860 quod

95 2872 185 2948 dicis3
218 2887 294 2928 nunc
325 2867 455 2928 residuas
487 2867 657 2928 Dominioae
685 2869 827 2943 passionis
855 2870 979 2929 visiones
1007 2871 1138 2945 explana.

95 2955 333 3018 MONACHUS:
359 2953 445 3034 Quod
458 2954 601 3014 Dominus
622 2970 704 3014 suam
725 2955 889 3030 passionem
910 2973 986 3016 nune
1007 2955 1044 3016 ad
1067 2975 1138 3018 cou-

95 3043 277 3120 solationem‚
297 3059 375 3102 nunc
397 3041 435 3102 ad
457 3042 664 3118 correptionem
684 3042 766 3100 iustis
787 3040 933 3117 ostendat,
959 3051 1081 3118 praesto
1096 3052 1140 3107 est

95 3129 272 3208 exemplum.
653 3159 655 3162 ·

116 3265 149 3334 i)
170 3263 251 3317 Galat.
269 3263 295 3328 2,
314 3262 355 3314 19.
376 3291 407 3305 -·
427 3261 459 3330 2)
476 3261 567 3314 blumii.
584 3260 652 3314 ined.
670 3261 736 3332 „Qui
753 3275 804 3313 non
817 3261 1065 3329 sequiturchriscsnr
1082 3281 1143 3318 cru·

169 3331 1064 3465 tttttmctltttltt¹<¹⁰ai¹ttt⁰tttb‘stitittit
1082 3345 1143 3402 Μ

170 3473 226 3536 lus,
250 3487 349 3524 carnem
372 3486 443 3523 suana
457 3419 642 3523 pcrucifixerunt
665 3486 721 3522 curo
739 3471 807 3520 vitiis
825 3479 852 3522 et
870 3414 1143 3539 con'cupisclentilijgftdd

171 3551 213 3593 est
231 3557 287 3592 cunr
306 3541 424 3608 operibus
443 3550 469 3592 et
486 3539 626 3592 desideriis.
648 3540 715 3593 Crux
732 3539 823 3591 dicitur
834 3556 848 3590 a
860 3542 982 3606 cruciatu,
999 3545 1144 3611 significans

171 3611 278 3663 alicuius
302 3610 395 3662 ordinis
420 3612 590 3676 asperitatem.
625 3609 674 3674 Qui
691 3617 774 3660 autent
792 3609 884 3662 Christi
903 3621 976 3675 sunt,
1001 3613 1094 3680 vigiliis
1118 3623 1145 3666 et

172 3681 282 3740 ieiuniis,
298 3680 394 3748 frigore
412 3687 438 3731 et
455 3679 578 3741 nuditate,
594 3676 723 3730 laboribus
742 3687 767 3729 et
785 3682 927 3744 aerumnis,
949 3697 1049 3733 carnern
1074 3699 1145 3736 suam
1255 3675 1278 3722 Ἢ

172 3749 303 3816 affligunt,
326 3759 351 3801 ct
370 3750 430 3800 vitiu
449 3765 505 3801 curn
524 3749 749 3816 concupiscentiis,
770 3749 798 3800 iu
816 3763 843 3800 se
861 3749 1042 3818 restringunt.“
1061 3782 1092 3792 —
1112 3753 1144 3821 3)

174 3817 240 3870 Psal.
260 3819 319 3882 118,
337 3820 395 3870 107.
416 3837 445 3857 *-
466 3816 581 3886 istest.
599 3821 647 3884 65,
665 3817 706 3870 12.
727 3846 757 3856 -
778 3818 810 3885 5)
827 3818 891 3871 ab?
909 3821 940 3871 in
958 3819 1038 3883 tine,
1061 3820 1147 3874 Bin-
1174 3849 1177 3853 ·

173 3888 272 3940 firmi.
291 3916 321 3927 -
341 3888 372 3955 c)
389 3886 441 3940 Jos.
461 3888 502 3952 10,
520 3887 562 3938 24.
865 3963 887 4034 5

566 4033 576 4068 d
