2564 4306
170 257 233 318 346
441 256 670 322 umrmomu
695 255 937 322 uuooucma

459 451 694 514 CAPITULUM
713 453 879 514 XXXVII.
889 449 918 534 ⁴)

397 573 444 633 Dc
462 577 643 651 purputorio
669 570 981 634 Wsilrclmr'monucbi.

234 693 312 756 Ante
339 693 394 756 hoe
420 693 573 756 duodecim
600 713 692 758 annos
715 696 873 758 monachus
896 695 1013 772 quidam
1034 693 1199 756 wilhelmus

171 784 287 842 nominc
313 781 392 858 apud
419 799 473 842 nos
502 782 652 842 defunctus
681 790 733 844 ert.
774 783 852 844 Puer
880 781 995 860 quidem
1020 781 1058 842 ad
1079 783 1199 844 ordinem

172 871 259 945 veuit,
279 877 309 930 et
329 886 397 930 vere
416 887 497 944 puer,
521 872 588 946 quia
608 887 697 946 purus
720 874 748 930 et
768 870 942 946 impollutus.
986 867 1099 930 Genera
1122 869 1200 929 nobi·

169 953 204 1014 lie
226 964 302 1031 erut,
322 955 374 1014 sed
395 958 485 1015 rirtus
505 958 609 1014 mentis
630 959 721 1034 magis
741 956 821 1016 illum
842 955 1020 1017 nobilitabat
1056 955 1200 1034 completo
1269 967 1270 978 ¹

169 1059 245 1102 anuo
267 1043 460 1119 probationis,
488 1045 617 1118 sequenti
640 1042 686 1102 die
708 1047 802 1118 coepit
822 1043 972 1119 infirmari,
993 1050 1022 1102 et
1042 1053 1111 1120 poet
1131 1061 1201 1122 peu·

170 1145 220 1190 cos
242 1129 302 1190 dies
322 1137 422 1188 sancto
444 1129 501 1190 fine
522 1129 679 1206 decedens,
707 1130 831 1207 explevit
851 1138 982 1208 tempora
1002 1130 1102 1190 multa.
1147 1129 1198 1205 Qui
1269 1139 1270 1206 l

167 1219 264 1276 statim
284 1224 351 1293 post
371 1223 492 1276 mortem
514 1216 628 1276 cuidam
644 1217 786 1277 monacho
809 1234 958 1293 apparens,
980 1235 1047 1276 cum
1069 1218 1105 1277 de
1128 1223 1199 1276 statu

167 1319 221 1364 suo
242 1305 438 1378 requireretur,
457 1302 604 1380 respondit
625 1319 656 1362 se
679 1320 742 1364 csse
763 1307 791 1362 in
812 1306 922 1379 poeuis.
964 1303 1011 1364 De
1033 1321 1090 1379 quo
1115 1305 1199 1364 verbo

168 1405 234 1450 cum
255 1389 304 1450 illc
323 1392 436 1450 territus
449 1390 530 1450 fleret
551 1396 580 1450 et
601 1389 723 1465 diceret,
744 1392 768 1450 ei
789 1396 824 1460 tu,
843 1407 874 1450 es
894 1393 923 1450 iu
940 1393 1041 1467 poeuis
1064 1394 1114 1468 qui
1129 1409 1200 1450 nuu-

167 1493 255 1552 quam
275 1479 415 1552 peccasti,
435 1477 504 1551 quid
525 1476 575 1536 fiet
596 1474 632 1535 de
653 1494 700 1536 me
720 1484 886 1553 peccatore,
907 1480 1021 1553 meique
1042 1475 1200 1538 similibus?

167 1563 320 1636 conectens
348 1580 415 1624 eum
443 1563 593 1624 defunctus
621 1565 674 1622 ait:
700 1563 766 1622 Noli
786 1564 870 1640 flere,
899 1563 1096 1640 quianullum
1118 1564 1200 1625 uliam

166 1653 259 1726 patior
286 1667 409 1728 poenam
437 1652 490 1710 nisi
518 1649 597 1726 quod
620 1650 746 1710 nondum
776 1651 834 1710 vidi
861 1651 973 1727 Deum;
1002 1653 1096 1727 ipsam
1133 1651 1202 1711 dila·

166 1739 274 1798 tionem
307 1737 413 1814 gloriae
447 1753 570 1813 poenam
609 1743 753 1812 reputans.
809 1737 871 1797 Nec
899 1739 1050 1798 immerito.
1099 1737 1173 1815 Spes
1184 1734 1200 1816 ¹)

167 1841 242 1900 quae
264 1823 398 1896 differtur,
417 1824 518 1900 affligit
538 1824 662 1884 animam
671 1819 702 1903 ²).
744 1823 782 1882 Et
803 1824 920 1884 adiecit:
942 1823 1008 1884 Ach
1031 1841 1120 1899 quam
1143 1825 1201 1892 cla·
1271 1841 1272 1868 i

165 1928 229 1972 rum
252 1913 304 1972 crit
325 1910 402 1986 quod
423 1914 520 1970 statim
541 1911 638 1970 veniet
658 1917 725 1969 aute
746 1910 852 1970 Deum.
894 1910 1022 1988 Rogata,
1045 1913 1148 1988 inquit,
1169 1929 1201 1972 ex

165 2005 248 2076 parte
268 2015 334 2058 mee
355 1997 501 2056 dominum
517 1995 672 2072 Abbatem,
694 2003 726 2055 ut
746 1999 775 2056 in
791 1996 922 2074 Capitulo
944 2001 1085 2058 orationes
1107 2001 1202 2058 iniun-

165 2093 217 2162 gat
237 2102 289 2163 pro
310 2101 357 2146 me
379 2083 566 2160 adtempus,
596 2090 625 2144 et
653 2090 685 2142 ut
712 2085 774 2159 ipse
795 2102 853 2162 pro
869 2102 915 2144 me
938 2084 1015 2144 dicat
1036 2084 1201 2162 collectam,

166 2174 264 2249 sicque
285 2173 437 2232 liberabor.
480 2171 602 2230 Dicente
631 2170 789 2245 monacho,
817 2170 893 2230 unde
916 2173 968 2230 crit
989 2171 1112 2232 collecta
1132 2169 1201 2232 illei
1272 2213 1273 2242 ,

166 2259 327 2337 respondit:
355 2258 402 2318 De
431 2263 530 2318 sancto
560 2256 722 2334 Mychaele.
771 2256 859 2316 Mane
889 2275 954 2318 cum
985 2259 1055 2319 visio
1084 2262 1204 2319 recitate

165 2347 265 2408 luisset
284 2346 400 2406 domino
422 2343 547 2404 Hemico
569 2343 680 2404 Abbati
700 2350 811 2419 nostro,
832 2347 893 2421 ipse
915 2344 951 2403 de
980 2345 1081 2404 eodem
1104 2345 1201 2406 Arch-

166 2435 270 2512 angelo
316 2434 412 2492 statim
444 2434 562 2490 missam
603 2430 773 2519 celebravit,
806 2433 834 2489 in
875 2431 1008 2507 Capitulo
1045 2432 1203 2508 Psalmum,
1231 2456 1234 2462 ·

168 2519 426 2600 Quemadmodum
471 2517 617 2578 desiderat
651 2535 753 2578 cernue
791 2518 833 2576 ad
862 2517 961 2594 fontes
1000 2517 1201 2596 uquarum³),

166 2607 317 2668 dicendum
338 2623 390 2682 per
410 2612 520 2681 septem
543 2605 620 2679 dies,
641 2605 774 2664 omuibus
794 2621 846 2680 pro
869 2622 902 2664 eo
924 2606 1083 2682 iniungens.
1125 2605 1202 2668 Mira

165 2698 256 2756 virtus
277 2695 446 2754 orationum.
491 2690 622 2752 Conrado
651 2708 727 2750 nunc
747 2691 847 2750 Priore
867 2691 937 2763 Loci
953 2699 1070 2752 sanctae
1091 2691 1202 2754 Mariae

150 2785 259 2843 'stante
286 2783 316 2840 in
345 2779 432 2840 choro
461 2795 527 2837 cum
555 2781 583 2836 in
613 2795 670 2836 uno
698 2777 838 2838 versiculo
866 2777 940 2838 illius
968 2777 1088 2856 Psalmi,
1116 2781 1202 2840 Deru

165 2872 249 2930 Deua
278 2885 361 2926 meua
390 2867 431 2924 ad
467 2873 494 2923 tc
522 2865 558 2923 de
586 2865 650 2922 luce
678 2861 815 2940 uipilol),
848 2863 947 2924 leniter
961 2860 981 2944 ε)
1019 2865 1200 2942 dormitaret,

164 2955 360 3033 saepedictum
391 2950 579 3029 illilhelmum
613 2952 667 3011 sub
702 2951 789 3026 pallio
822 2952 926 3012 beatae
958 2951 1015 3012 Dei
1047 2951 1200 3014 Genitricis

165 3052 240 3104 stare
270 3042 432 3116 conspexit,
468 3056 534 3098 cum
570 3038 659 3096 multa
695 3035 884 3114 gratulatione
917 3038 1073 3099 dicentem:
1109 3039 1199 3101 Modo

163 3132 278 3191 omnino
291 3128 428 3188 liberatus
442 3144 515 3186 sum.
549 3124 660 3184 Eodem
672 3131 799 3200 tempore
819 3125 965 3200 praedicto
986 3127 1128 3188 monacho
1150 3144 1199 3206 se-

164 3216 258 3278 cundo
280 3231 437 3291 apperens,
464 3218 585 3272 testatus
607 3219 650 3270 eet
671 3217 782 3270 tautum
803 3219 915 3289 septem
936 3212 1038 3272 diebus
1059 3232 1091 3274 se
1112 3213 1198 3274 sanese

162 3308 191 3366 in
212 3305 385 3380 purgatorio,
407 3301 435 3359 id
458 3306 501 3358 cst
522 3301 551 3358 in
573 3300 698 3360 carentia
713 3298 825 3359 divinae
844 3300 967 3372 visionis,
986 3299 1080 3360 multa
1102 3301 1141 3360 illi
1162 3300 1197 3360 de

162 3398 239 3462 statu
266 3387 444 3466 quarundam
473 3389 632 3446 animarum
659 3383 816 3453 revelans„
849 3384 1050 3446 NOVICIUS:
1086 3385 1198 3448 Secun-

163 3479 231 3540 dum
252 3476 309 3537 hoo
329 3475 480 3552 paradisus
501 3474 644 3550 terrestris¹
658 3475 854 3550 purgatorium
877 3479 929 3531 est.
961 3471 1195 3536 MONACHUS:

160 3567 275 3626 Revera
295 3565 319 3622 si
339 3566 425 3634 ineo
448 3563 560 3620 animae
582 3566 649 3619 sunt
670 3561 835 3637 corporibus
864 3570 984 3636 exutae,
1012 3566 1041 3620 et
1063 3563 1104 3622 eis
1124 3562 1195 3621 visio

175 3768 208 3837 a)
225 3765 314 3819 llcmil.
332 3765 350 3818 l.
363 3783 386 3834 p.
408 3764 555 3831 tau-1]
574 3762 616 3816 CF
634 3755 684 3816 ad'd
702 3764 792 3816 enirn.
812 3792 842 3803 -
856 3763 888 3832 2)
905 3761 1029 3817 Proverb.
1050 3765 1091 3830 13,
1110 3765 1149 3818 ta.
1162 3793 1190 3806 ·-

228 3836 345 3906 3)Psa1.
364 3837 405 3888 41.
427 3865 456 3874 -
476 3835 508 3903 4)
526 3833 590 3886 Psal.
609 3835 652 3889 62.
672 3863 703 3874 -
720 3835 755 3904 ’5)
773 3834 836 3888 lllll’
852 3832 984 3888 leviter.
