2642 4330
139 279 201 340 soa
453 275 680 340 nmnmcuro
704 276 854 356 quusna

137 400 301 460 bonnensis.
343 398 500 459 Venientes
529 400 568 460 ad
596 402 740 461 civitatem
768 417 918 478 magnam,
947 417 1021 476 quae
1042 399 1145 462 Bidens
1161 397 1180 482 ι)

137 493 272 561 vocabu,
303 487 333 545 in
361 502 420 561 qua
440 487 505 563 plus
527 505 614 564 quam
637 495 752 548 centum
773 489 861 547 millia
882 487 1030 548 hominum
1057 489 1145 548 inisse
1156 485 1179 568 ²)

138 573 318 648 dicebantur,
346 573 519 634 obsederunt
539 574 644 632 illam'
669 575 704 633 In
726 592 847 650 quorum
868 580 988 651 aspectu
1000 572 1020 654 ³)
1043 575 1179 635 haeretici

137 677 223 736 super
244 660 379 720 volumen
401 662 474 720 sacri
485 660 637 737 Evangelii
651 664 817 738 mingentes,
840 661 876 720 de
896 679 978 721 muro
999 661 1068 720 illud
1080 668 1181 729 contra

138 747 313 808 Christianos
334 748 528 823 proiecerunt,
550 755 579 806 et
599 750 710 824 sagittis
737 756 804 823 post
824 748 894 808 illud
916 750 1009 808 missis
1031 748 1180 808 clamave-

138 840 218 892 runt:
240 834 316 894 Ecce
337 834 384 893 lex
405 840 515 909 vestra,
543 835 645 893 miseri.
689 833 817 894 Christus
838 851 908 894 vero
929 835 1079 911 Evangelii
1100 841 1180 896 sator

135 922 266 980 iniuriam
287 921 342 980 sibi
354 920 463 980 illatam
483 937 542 979 non
554 921 668 997 reliquit
687 921 816 981 inultam.
847 922 922 982 Nam
938 921 1054 997 quidam
1068 921 1179 981 satelli·

136 1014 180 1066 tes
201 1007 263 1068 uelo
284 1006 351 1067 fidei
372 1009 499 1082 accensi,
527 1008 658 1067 leonibus
679 1007 798 1083 similes,
828 1009 959 1084 exemplo
980 1008 1106 1083 illorum,
1141 1007 1179 1068 de

136 1095 240 1170 quibus
256 1094 360 1170 legitur
370 1097 406 1173 'in
418 1094 490 1153 libro
505 1094 750 1154 Machabaeorum
760 1091 791 1174 ⁴),
813 1095 897 1155 scalis
912 1098 1058 1171 appositis,
1079 1111 1178 1156 muros

135 1180 274 1256 intrepide
296 1180 497 1256 ascenderunt3
526 1181 733 1258 haereticisque
756 1181 889 1242 diunius
911 1184 1013 1243 territis
1034 1191 1063 1241 et
1085 1181 1177 1241 decli-

135 1266 290 1342 nantibus,
305 1268 490 1343 sequentibus
511 1274 608 1343 portas
630 1270 797 1343 aperientes,
820 1271 964 1328 civitatem
985 1270 1180 1328 obtinuerunt.

141 1354 353 1432 cognoscentes
367 1371 403 1413 ex
424 1354 647 1414 confessioribus
668 1354 780 1413 illorum
789 1352 809 1432 ⁵)
824 1355 981 1416 catholicos
994 1373 1060 1415 cum
1073 1355 1180 1416 haere-

137 1443 200 1502 ticis
223 1458 286 1500 esse
307 1443 471 1516 permixtos,
493 1440 623 1500 dixerunt
636 1439 759 1500 Abbati:
782 1441 858 1517 Quid
875 1443 1022 1517 faciemus,
1044 1439 1179 1502 domiue?

138 1527 204 1588 Non
224 1545 376 1603 possumus
399 1527 558 1587 discernere
579 1529 651 1588 inter
672 1529 766 1588 bonos
787 1534 816 1587 ct
837 1528 937 1588 malos.
980 1529 1095 1588 limene
1116 1534 1178 1588 tam

138 1613 240 1675 Abbas
262 1632 349 1691 quam
369 1614 485 1689 reliqui,
513 1631 550 1673 nc
578 1620 690 1674 tantum
717 1616 818 1675 timore
847 1619 946 1679 mortis
967 1633 998 1675 se
1020 1611 1180 1676 catholicds

139 1701 318 1776 simrdercnt,
348 1706 376 1760 et
396 1706 463 1777 post
483 1703 609 1776 ipsorum
621 1696 642 1779 ⁶)
672 1701 823 1760 abcessum
846 1704 948 1762 iterum
970 1701 1007 1760 ad
1028 1701 1179 1777 perfidiam

138 1787 276 1863 redirent,
304 1788 392 1846 fertur
422 1788 542 1847 dixisse:
574 1787 691 1868 Caedite
720 1805 778 1847 eos.
820 1789 909 1848 Novit
937 1792 1012 1848 euim
1034 1789 1178 1848 Dominus

140 1877 189 1950 qui
210 1880 277 1934 sunt
299 1876 359 1934 eius
372 1871 401 1952 ⁷).
444 1873 549 1949 Sicque
569 1874 791 1934 innumerabiles
813 1877 900 1935 occisi
921 1881 987 1934 sunt
1008 1879 1037 1934 in
1060 1877 1178 1935 civitate

138 1961 196 2021 illa.
238 1960 335 2022 Aliam
355 1960 454 2020 itidem
476 1963 620 2020 civitatem
643 1979 791 2037 magnam,
824 1977 895 2022 are
915 1961 1178 2022 Pulchramvallcm

32 2045 36 2055 '
138 2055 285 2124 vocamm,
314 2065 388 2124 quae
410 2050 468 2106 sita
487 2053 541 2106 est·
551 2049 630 2107 iuxta
651 2047 823 2123 Tholosa‘m,
855 2051 959 2108 virtute
981 2050 1077 2108 divina
1098 2050 1178 2108 obti-

137 2141 268 2194 nuerunt.
311 2134 345 2192 In
367 2151 425 2209 qua
445 2132 552 2209 populo
575 2136 751 2209 examinato,
773 2152 839 2194 cum
860 2152 959 2195 omnes
980 2138 1180 2210 promitterent

138 2239 169 2281 se
190 2222 264 2282 velle
292 2220 384 2280 redire
411 2220 449 2280 ad
477 2219 564 2280 fidem
572 2217 584 2295 ,'
608 2220 805 2297 quadringenti
833 2225 1039 2299 quinquaginta
1066 2225 1095 2287 in
1121 2239 1179 2283 sua

137 2311 295 2384 pertinacia
323 2307 447 2366 indurati
475 2324 494 2366 a
523 2306 636 2367 diabolo
658 2315 888 2383 permanserunt,
918 2325 954 2368 ex
976 2311 1078 2384 quibus
1100 2325 1178 2383 qua-

138 2394 278 2472 dringenti
306 2395 448 2453 combusti
476 2398 542 2452 sunt
569 2396 599 2454 in
626 2391 741 2473 igne⁸),
771 2397 857 2455 ceteri
883 2396 1018 2471 patibulis
1047 2396 1178 2471 appensi.

136 2481 218 2541 Idem
239 2488 336 2541 actum
358 2482 451 2540 estin
472 2482 573 2539 ceteris
601 2482 764 2542 civitatibus
790 2487 877 2557 atque
899 2481 1037 2558 castellis,
1066 2483 1178 2542 miseris

137 2585 168 2628 se
190 2568 263 2629 ultro
285 2570 368 2627 morti
379 2563 400 2646 ⁹)
421 2568 625 2642 ingerentibus.
667 2567 823 2628 Tholosani
844 2586 912 2628 vero
935 2571 1034 2645 artati,
1061 2585 1179 2628 omnem

136 2657 325 2731 promiserunt
360 2653 594 2728 satisfactionem,
637 2653 689 2714 sed
721 2661 754 2714 ut
780 2660 882 2730 postca
907 2657 1014 2732 patuit,
1042 2657 1071 2714 in
1099 2653 1178 2714 dolo.

136 2743 211 2802 Nam
232 2741 357 2819 perfidus
371 2740 474 2800 Comes
496 2742 587 2799 sancti
603 2739 731 2817 Aegidii,
752 2744 883 2818 princeps
912 2748 942 2814 et
973 2747 1059 2818 caput
1081 2743 1178 2800 omni-

136 2847 185 2890 um
214 2829 444 2903 haereticorum,
477 2828 610 2886 omnibus
638 2828 693 2887 sibi
723 2830 753 2886 in
782 2828 908 2888 Concilio
923 2825 953 2908 ¹⁰)
988 2827 1181 2888 Laterancnsi

136 2916 314 2990 abiudicatis,
334 2914 424 2975 leodis
446 2912 580 2973 videlicet
601 2919 630 2972 et
643 2913 762 2990 allodiis,
784 2911 945 2975 civitatibus
968 2921 997 2974 et
1017 2916 1123 2989 castris,
1146 2921 1181 2975 et

137 3021 172 3062 cx
200 3006 325 3063 maxima
352 3008 433 3078 parte
456 2999 563 3059 eisdem
591 3017 610 3058 a
640 2999 749 3060 Comite
778 3001 893 3062 Simone
923 3002 958 3061 de
985 3001 1177 3078 Fortimonte,

135 3092 197 3149 viro
220 3089 376 3164 catholico,
398 3089 457 3146 iure
479 3085 547 3146 belli
570 3089 730 3162 occupatis,
751 3090 780 3146 in
794 3087 951 3150 Tholosam
973 3105 1004 3147 se
1025 3087 1180 3164 transtulit,

137 3176 172 3236 dc
194 3195 252 3254 qua
273 3193 365 3251 usque
394 3173 479 3233 hodic
500 3171 599 3232 fideles
621 3190 725 3233 vexare
756 3181 784 3234 et
804 3178 971 3252 impugnare
992 3192 1050 3234 non
1073 3181 1180 3236 cessat.
1242 3159 1252 3178 ⁰

134 3263 173 3322 Et
194 3267 266 3324 sieut
288 3262 344 3322 hoc
366 3278 441 3320 anno
464 3259 595 3318 dominus
618 3258 766 3321 Conradus
779 3259 940 3338 Episcopus
958 3261 1124 3321 Portuensis
1147 3268 1182 3322 ct

137 3350 309 3424 causalis,
334 3355 432 3409 contra
453 3345 606 3405 Albienses
627 3349 730 3407 missus
751 3349 879 3425 legatus,
909 3350 1022 3424 scripsit
1043 3347 1181 3423 Capitulo

136 3437 324 3511 cisterciensi,
347 3434 464 3510 quidam
479 3435 689 3508 expetentibus
704 3434 887 3504 Tholosanac
903 3437 1025 3496 civitatis
1039 3434 1180 3512 quiddam

158 3641 188 3710 l)
205 3640 333 3700 Biterrae,
358 3635 434 3688 hodie
452 3635 563 3687 Baziers.
582 3665 614 3674 —
638 3637 708 3706 2)c
731 3654 812 3690 esse.
835 3669 866 3678 —-
892 3638 962 3707 3)Ο
988 3645 1179 3705 conspectu.

205 3739 236 3749 —-
264 3709 296 3777 4)
315 3705 426 3759 Machab.
446 3705 477 3770 ll,
495 3704 540 3768 ll,
560 3704 600 3756 tt.
618 3734 650 3746 -
676 3707 707 3774 5)
726 3707 768 3764 Be
791 3723 909 3760 eorum.
930 3738 960 3748 ·-
985 3709 1017 3776 6)
1036 3707 1075 3760 ΒΡ
1096 3701 1181 3759 'illo-

203 3795 284 3842 rum,
301 3776 322 3830 G
339 3779 541 3849 eorum-{U
554 3779 615 3831 Tim.
634 3777 664 3839 ll,
681 3777 759 3840 2‚19.
774 3807 804 3818 -
817 3779 849 3846 8)
864 3777 905 3831 Bc
922 3779 998 3846 igne
1016 3776 1179 3830 combusti

204 3857 293 3912 sunt,
310 3848 404 3898 omisso
422 3847 459 3898 in.
479 3879 510 3892 -
529 3851 560 3920 9)
579 3847 642 3900 Ab?
659 3847 829 3900 mortibus.
849 3877 879 3888 -
899 3848 946 3917 to)
965 3847 1006 3900 BD
1025 3846 1178 3906 consilio.
1212 3901 1217 3913 ¹
