2664 4308
173 280 192 334 2
477 270 704 334 DISTINOTIO
733 271 909 334 SEPTIMA

173 393 330 471 catellum,
351 393 426 470 aula,
447 394 593 471 templum,
614 395 759 455 thalamus
781 401 811 454 et
832 397 947 470 civitas,
968 393 1078 471 palma,
1100 393 1212 470 cedrus,

173 484 246 557 vitis,
267 498 342 556 rosa,
364 488 394 541 et
415 499 481 541 cum
502 484 563 540 istis
585 499 739 542 numerosa
767 484 915 542 nominum
936 481 1078 541 nobilitas.
1116 480 1212 542 'Miror

173 575 201 628 in
223 571 284 641 eius
306 568 501 646 designatione
523 571 633 644 virgam
653 569 793 644 floridam,
815 574 845 628 et
865 570 969 628 rubum
989 569 1062 628 inter
1080 568 1211 628 flammas

173 658 311 716 virentem
328 652 360 736 ¹),
392 655 484 714 vellus
516 655 663 715 madidum
693 654 854 730 Gedeonis,
886 655 1021 714 thronum
1053 656 1212 715 eburneum

172 760 208 802 ac
230 741 398 802 deauratum
420 741 588 817 Salomonis,
610 742 718 801 fontem
738 744 890 818 signatum,
912 742 1027 801 hortum
1041 741 1171 801 clausum
1179 737 1211 822 ²),

174 835 203 889 et
223 828 281 889 alia
310 829 551 905 quamplurima,
581 845 655 904 quae
672 821 832 888 'brevitatis
860 827 954 888 studio
981 834 1048 887 sunt
1076 829 1211 887 omitten-
1255 851 1261 862 ¹

174 913 253 996 du⁸).
296 915 377 975 Sicut
406 917 481 976 enim
507 917 536 972 in
565 917 700 975 creaturis
729 917 868 975 universis
896 922 985 975 matre
1009 914 1149 974 creatoris
1171 914 1211 973 nil

173 1011 216 1062 cst
236 1005 377 1077 sanetius,
405 1003 445 1060 nil
466 1001 592 1078 dignius,
620 1001 660 1060 nil
682 1002 865 1062 excellentius
876 997 914 1081 ⁴),
945 1005 985 1061 ita
1014 1003 1075 1062 eius
1102 1003 1212 1061 visione

173 1089 251 1149 nulla
264 1095 427 1151 sauctorum
441 1090 514 1147 visio
529 1087 648 1164 dignior,
669 1088 747 1148 nulla
760 1089 916 1162 iocundior,
939 1087 1018 1147 nulla
1035 1089 1211 1147 eminentior.
1290 1115 1292 1120 ·

431 1191 649 1268 Coimpressa,
672 1200 704 1251 ut
726 1191 842 1266 quidam
864 1195 913 1267 uit,
937 1195 1019 1265 vitiu,

432 1278 523 1338 (batem
544 1296 653 1338 nornen
678 1283 782 1351 tristia,

433 1365 524 1424 (baiae
547 1366 621 1424 odor
644 1366 714 1438 lilia,
737 1372 767 1424 et

433 1451 524 1511 Cuius
545 1456 667 1510 vincunt
689 1451 770 1510 lubio

432 1537 552 1597 Focum
573 1542 605 1596 in
627 1539 785 1597 dulcedine.

432 1625 529 1700 Super
549 1643 654 1683 nucem
675 1625 789 1700 sapido,
812 1632 841 1685 et

431 1711 528 1786 Super
548 1715 645 1770 niuem
667 1711 805 1784 candidu,

427 1797 528 1874 ,Super
548 1815 651 1857 rosam
671 1797 803 1870 roscido,

432 1884 528 1960 Super
549 1885 654 1944 lucam
676 1884 775 1944 tudda

432 1972 500 2029 Veri
521 1972 589 2030 solie
611 1973 729 2030 lumine.

173 2071 402 2155 Novioritfflp
423 2073 500 2134 Vere
522 2071 628 2154 beati⁶)
652 2079 680 2134 et
699 2080 742 2132 ter
761 2074 848 2149 beati,
869 2075 919 2150 qui
939 2079 1036 2136 tantae
1057 2070 1213 2154 virginior)

174 2161 253 2240 digni
273 2160 364 2221 habiti
384 2161 493 2246 fuerint
507 2163 616 2220 visione
627 2158 649 2241 υ)
671 2159 831 2236 laetificari,
853 2166 881 2220 ct
903 2177 1032 2220 sermone
1052 2161 1214 2236 iocundari,

174 2250 300 2308 oratione
316 2247 464 2322 consolari,
483 2247 680 2307 benedictione
694 2247 862 2318 confirmari.
889 2246 1123 2308 MONAGHUS:
1146 2247 1214 2308 Hoc

173 2335 284 2412 plenius
305 2351 407 2394 nosces
427 2351 479 2410 per
497 2334 636 2409 exempla.
679 2333 797 2393 Audisti·
817 2335 875 2393 ium
896 2351 931 2393 ex
953 2340 1034 2410 parte
1055 2333 1161 2411 figuras
1184 2341 1214 2393 et

173 2423 350 2503 aenigmats3
372 2424 416 2481 vis
433 2439 509 2480 nuno
531 2425 603 2481 scire
626 2418 722 2496 qualia
741 2427 769 2480 et
787 2427 894 2496 quanta
911 2421 1035 2480 mundus
1052 2423 1213 2497 peripsam

174 2515 366 2583 consequatur
394 2508 555 2568 beneficia?
597 2507 800 2568 NOVIOIUS:
828 2507 906 2567 Nihil
925 2507 990 2583 plus
1019 2510 1091 2568 sitio.
1134 2505 1214 2572 M0·.

172 2594 349 2655 NAGHUS:
369 2595 439 2670 Ipsa
460 2601 503 2654 est
519 2597 595 2655 orbis
617 2597 819 2670 conservatrix,
841 2602 870 2654 et
886 2594 1086 2654 tribulatorum
1107 2610 1212 2653 coneo-

169 2683 264 2757 latrix,
285 2681 344 2740 fida
364 2683 418 2741 sibi
431 2681 628 2742 famulantium
642 2681 821 2741 defensatrix.
863 2681 920 2740 Per
940 2682 1032 2757 ipsam
1046 2686 1213 2758 peccatores

171 2769 381 2843 illuminantur,
403 2768 545 2845 desperati
566 2768 604 2828 ad
626 2767 833 2828 consessionem
854 2775 1036 2842 reparantur,
1061 2772 1212 2842 apostatae

173 2876 192 2916 a
213 2855 278 2915 Deo
300 2872 351 2932 per
372 2857 464 2932 ipsam
485 2855 550 2916 Deo
572 2855 737 2914 mirabiliter
757 2855 990 2927 reconciliantur,
1010 2855 1077 2913 iusti
1097 2852 1212 2913 revela·

172 2944 297 3003 tionibus
319 2942 510 3004 consolantur.
552 2942 664 3002 Nomen
678 2943 738 3001 eius
755 2947 784 3001 et
805 2937 997 3022 memoriale⁹)
1019 2943 1080 3000 eius
1094 2942 1211 3000 morbos
1318 2937 1319 3022 ᾖ

80 3039 84 3048 “
156 3036 264 3105 sanat,
285 3029 439 3089 daemones
460 3029 548 3105 lugat,
569 3028 684 3088 vincula
704 3027 798 3102 solvit,
820 3030 936 3087 timores
956 3027 1052 3104 pellit,
1073 3029 1211 3086 tentatio·
1316 3031 1319 3050 ⁴

173 3134 224 3177 nes
247 3119 411 3192 compescit.
453 3115 510 3174 Per
530 3117 622 3191 ipsam
643 3115 837 3190 pusillanimes
859 3114 1066 3189 confortantur,
1093 3120 1211 3189 torpen-
1318 3145 1319 3202 3

173 3213 218 3264 tes
239 3205 414 3278 excitantur,
436 3204 519 3262 eiecti
539 3201 756 3262 misericorditer
777 3208 955 3261 revocantur.
997 3201 1157 3278 Diligenter
1179 3217 1210 3260 se
1318 3249 1319 3252 η

192 3357 223 3425 1)
241 3355 305 3408 Ab?
322 3362 478 3406 urentem.
498 3383 529 3394 -
548 3354 580 3421 2)
599 3353 774 3416 Nemeam,
784 3353 809 3404 8.
827 3351 908 3405 Exod.
926 3351 960 3416 3,
977 3351 1002 3403 2.
1019 3349 1100 3403 ludio.
1118 3351 1149 3414 6,
1167 3351 1211 3402 37.

242 3425 305 3494 Reg.
330 3423 377 3486 lll,
407 3424 455 3488 10,
484 3423 524 3474 18.
549 3424 620 3476 Cant.
644 3425 676 3487 4,
701 3423 742 3474 12.
769 3452 800 3462 -
826 3423 856 3490 3)
879 3422 899 3474 Β
924 3423 1051 3473 omissa.
1077 3450 1107 3460 -
1133 3420 1165 3488 4)
1192 3419 1211 3471 l’

243 3493 514 3562 praecellentius.
526 3523 558 3531 -
572 3493 603 3560 5)
613 3493 686 3544 inhis
706 3491 886 3558 posterioribus
898 3489 1100 3542 distinctionibus
1118 3489 1212 3542 habent

243 3563 347 3617 libriCP
361 3564 566 3630 Apollonium
585 3570 611 3614 et
629 3563 814 3615 Caesarium
833 3560 1033 3612 interlocutores.
1052 3589 1083 3632 3-
1103 3549 1211 3626 6)ΑΒΙ)
1312 3566 1315 3576 ’

243 3635 334 3686 beuti
353 3649 443 3697 vere,
460 3633 500 3686 GP
517 3633 607 3684 beuti
625 3648 711 3685 vero.
731 3633 823 3698 Scripsi
841 3647 917 3683 vere
935 3631 1025 3683 beuti
1049 3646 1081 3680 cx
1098 3628 1211 3680 llomiliis

241 3703 343 3755 ineditis
361 3703 456 3772 (codici
474 3705 496 3756 Α
513 3703 632 3770 annexis)
650 3718 727 3770 super
744 3701 888 3752 Passionem
907 3700 1018 3752 Domini:
1044 3699 1124 3766 ,Vero
1141 3698 1212 3750 beuti

243 3782 270 3824 et
293 3783 332 3825 ter
345 3773 435 3838 beati,
457 3773 547 3895 guibus
564 3775 698 3840 pervenire
715 3771 815 3823 dabitur
833 3770 865 3822 ud
882 3769 942 3822 illud
960 3769 1072 3822 ultimum
1090 3767 1209 3836 pascha.“

245 3843 458 3912 -7)Acbrad
490 3845 667 3898 visione—
682 3843 714 3912 8)
733 3839 953 3896 visioueoml'.
968 3870 1000 3880 -
1014 3839 1046 3909 9)
1060 3838 1116 3890 lsai.
1129 3839 1172 3903 26,
1184 3839 1210 3890 8.
1317 3835 1318 3890 l
