2664 4308
165 231 204 289 aa
409 317 411 324 ⁴
469 229 696 292 cuonone
718 229 893 292 semma

164 349 203 412 ad
229 351 382 431 imaginem
411 367 524 412 sacram
546 355 668 412 cucurrit
683 350 715 432 ι),
745 359 774 413 et
794 369 914 429 puerum
937 352 1011 410 sinui
1032 352 1095 410 eius
1116 352 1201 412 resti-

163 445 247 496 tuens
268 440 323 495 aits
352 436 428 513 Quia
448 441 595 498 restituisti
616 440 686 498 milri
706 439 794 499 filiam
815 457 926 516 meam,
952 456 988 502 en
1008 439 1061 497 tibi
1081 440 1202 500 restituo

164 521 254 582 filium
276 529 365 582 tuum.
407 524 490 585 Haec
511 526 580 584 mihi
608 525 698 586 ructa
720 533 786 586 sunt
807 545 826 586 a
846 525 1012 602 saepedicto
1033 524 1202 585 Hermanno

165 609 281 670 Abbate
303 610 374 669 Loci
395 618 511 671 sanctam
533 613 657 686 Mariae,
692 616 741 688 qui
760 612 886 689 puellam
907 611 995 685 vidit,
1016 619 1045 671 et
1065 629 1084 671 a
1105 613 1205 671 matris
1305 675 1306 684 ,

165 713 215 756 ore
248 713 322 772 quae
355 695 431 757 dieta
463 705 530 758 sunt
561 699 679 758 audivit
731 700 804 760 Cum
837 699 932 759 adhuc
959 699 1041 757 Prior
1070 706 1147 758 esset
1173 700 1204 756 in

165 781 386 860 Hammenrode,
408 791 438 844 ct
458 784 572 843 firmum
594 786 901 863 haberetprcpositum
922 786 1067 862 resignare
1086 785 1204 844 Priora-

164 877 211 929 tus
244 869 383 945 officium,
416 871 562 946 praedicta
594 878 725 932 matrona
757 875 794 933 ab
829 872 946 932 Abbate
979 873 1040 932 eius
1087 871 1205 932 domino

164 957 320 1016 Eustochio
350 974 435 1033 quem
457 958 581 1034 hospitio
603 967 759 1035 receperat,
783 965 816 1018 ut
837 959 891 1018 sibi
914 976 979 1018 eum
1000 957 1206 1018 transmitteret

165 1045 274 1120 petivit,
296 1050 325 1103 et
339 1045 468 1104 obtinuit
490 1045 585 1121 Quem
599 1053 665 1106 ante
680 1049 834 1123 imaginem
847 1046 905 1106 Dei
920 1044 1072 1106 Genitricis
1086 1046 1206 1120 ducens,

165 1146 202 1190 ne
230 1129 355 1190 officium
383 1148 468 1190 suum
489 1134 646 1209 resignaret
668 1132 816 1192 admonuit
827 1129 857 1212 ²).
900 1133 982 1207 Deo,
1011 1135 1116 1208 inquit,
1144 1149 1206 1192 non

164 1215 268 1294 placet,
289 1218 313 1276 si
333 1219 553 1293 resignaveritis.
597 1218 650 1278 Cui
672 1237 738 1278 cum
758 1220 805 1279 ille
829 1219 944 1293 diceret,
965 1218 1042 1278 unde
1062 1219 1119 1278 hoc
1147 1235 1205 1279 no·
1306 1261 1307 1266 η

164 1302 238 1364 stis?
266 1303 413 1379 respondit
440 1303 504 1362 illa:
535 1305 627 1365 Nemo
649 1306 719 1364 mihi
740 1305 795 1366 hoc
817 1305 970 1380 revelavit,
1001 1307 1056 1364 nisi
1076 1305 1207 1365 Domina
1306 1355 1307 1364 ,

163 1392 228 1465 ista,
251 1389 338 1466 digito
353 1393 506 1468 imaginem
528 1389 724 1472 ostendens³).
766 1391 861 1452 Multa
880 1392 1022 1468 siqnidem
1035 1392 1128 1452 eidem
1150 1391 1205 1452 de·

164 1483 252 1536 votae
273 1476 395 1536 feminae
416 1495 469 1552 per
489 1495 600 1538 sacram
621 1479 699 1540 illam
719 1481 875 1555 imaginem
890 1479 1061 1555 revelantur,
1082 1479 1206 1556 plurima

164 1580 217 1640 per
236 1562 475 1623 illamoenefiom
496 1568 688 1641 consequitrn.
730 1565 934 1626 NOVIGIUS:
961 1566 1076 1626 Nescivi
1100 1565 1205 1626 hacta·

166 1667 221 1709 nus
242 1656 337 1710 tantas
359 1667 423 1710 esse
445 1651 653 1712 consolationes
673 1655 703 1710 in
723 1654 896 1729 imaginibus
910 1659 1082 1712 sanctorum.
1125 1651 1204 1713 MO-

166 1734 340 1797 NAOHUS:
361 1735 470 1797 Multas
492 1741 585 1798 sancti
603 1741 634 1796 in
655 1741 714 1797 suis
735 1745 765 1798 et
785 1757 837 1815 per
862 1756 930 1798 suas
950 1741 1090 1816 imagines
1110 1742 1204 1799 virtu-

166 1829 211 1883 tes
233 1829 402 1899 operantur,
423 1827 546 1884 maxime
566 1828 596 1883 in
617 1825 672 1884 illis
692 1825 763 1885 locis
784 1827 835 1886 ubi
855 1833 1027 1886 venerantur
1036 1822 1068 1905 ⁴).
1110 1825 1206 1886 Num-
1252 1861 1255 1870 ‚

167 1909 237 1986 quid
265 1927 323 1970 non
352 1911 509 1970 recordaris
538 1913 650 1972 iuvenis
678 1917 826 1988 apostatae
848 1915 927 1973 iuxta
948 1913 1127 1988 Floreffiam,
1156 1914 1207 1989 qui

167 2013 218 2072 per
250 1998 404 2073 imaginem
432 1998 536 2058 beatae
557 1999 683 2075 Virginis
713 2005 883 2059 consecutus
911 2005 956 2059 est
982 1998 1205 2076 indulgentiam

167 2083 293 2142 similiter
314 2089 344 2143 et
365 2085 601 2160 sanctimonialis,
626 2103 700 2160 quaa
722 2087 759 2146 ab
783 2088 844 2145 eius
865 2088 988 2163 imag'ne
1009 2085 1116 2162 elapha
1137 2103 1205 2146 sus-

167 2176 253 2246 cepta
278 2170 467 2246 periculosam
489 2174 580 2231 evasit
608 2172 814 2232 tentationem?
857 2171 1061 2233 NOVIOIUS:
1089 2173 1205 2233 Utrius-

167 2272 224 2332 que
255 2257 331 2318 bcne
363 2259 493 2332 memini,
524 2261 607 2333 primi
638 2257 772 2318 videlicet
802 2260 931 2319 musculi
962 2262 991 2318 in
1024 2259 1205 2320 distinctmnc

167 2343 295 2403 secunda
317 2344 440 2418 capitulo
463 2343 647 2421 duodecimo,
677 2353 706 2405 et
727 2347 845 2406 secundi
865 2348 895 2404 in
917 2346 1096 2406 dntinefione
1116 2364 1206 2423 prae·

167 2433 241 2488 senti
263 2429 389 2505 capitulo
410 2433 551 2490 tricesimo
573 2435 669 2507 terti03
698 2439 727 2492 et
748 2439 848 2509 stupor
867 2433 977 2492 invadit
997 2450 1058 2507 me,
1086 2451 1154 2492 cnm
1174 2435 1205 2492 in

167 2516 251 2592 lignis
273 2516 358 2575 audio
380 2533 482 2578 vocem
504 2518 542 2578 ad
563 2518 746 2594 loquendum,
767 2537 870 2579 manus
891 2519 929 2578 sd
949 2519 1116 2595 feriendum,
1137 2537 1205 2581 eor-

168 2605 245 2679 poris
255 2605 489 2679 incurvationem,
503 2607 683 2679 erectionem,
696 2609 862 2680 sessionem,
876 2613 905 2666 et
914 2605 1038 2681 reliquos
1047 2613 1143 2666 motus
1157 2611 1206 2666 vi-

167 2689 248 2749 tales.
268 2688 364 2765 Magis
382 2690 454 2751 haec
463 2688 483 2770 ⁶)
505 2691 636 2766 adrniror,
658 2709 745 2767 quam
759 2692 903 2768 loquelam
916 2681 1015 2752 minae
1028 2700 1128 2753 contra
1141 2693 1205 2755 Ba-

166 2771 281 2856 laam⁶).
302 2776 357 2836 Illa
372 2779 447 2836 enirn
460 2781 585 2837 animam
595 2779 724 2838 habebat
732 2779 899 2839 motabilem
911 2776 941 2859 ⁷);
953 2782 982 2838 in
996 2779 1205 2856 lignis,lapidi-

169 2864 232 2937 bus,
245 2865 306 2922 sive
316 2864 446 2940 metallis,
458 2864 552 2924 nullus
562 2867 675 2941 spiritus
687 2873 738 2925 est
759 2863 993 2936 MONACHUS;
1007 2867 1130 2926 Divinus
1141 2871 1206 2944 spi-

166 2951 237 3009 ritus
264 2952 292 3008 in
322 2954 399 3010 omni
427 2957 557 3012 creatura
585 2959 628 3013 cst
656 2969 708 3028 per
734 2955 887 3029 essentiam
908 2960 937 3013 et
957 2969 1009 3028 per
1029 2956 1206 3030 potentiam,

168 3038 214 3096 eui
234 3037 305 3095 nihil
325 3037 500 3113 impossibile
522 3044 580 3113 est,
601 3039 672 3096 nihil
692 3040 908 3114 miraculosum,
937 3043 985 3115 qui
1006 3041 1043 3100 ad
1064 3041 1206 3102 honorem

166 3130 331 3184 sauctorum
362 3141 481 3182 suorum
509 3124 582 3184 haee
610 3132 639 3186 et
665 3124 743 3206 his⁸)
773 3125 877 3186 similia
905 3125 1031 3201 quotidie
1060 3135 1205 3203 operatur.

167 3209 214 3270 De
235 3212 358 3286 imagine
380 3228 449 3270 vero
472 3211 574 3272 beatae
588 3213 713 3288 Virginis
735 3213 855 3272 referam
876 3214 929 3272 tibi
947 3212 1091 3289 quandum
1112 3217 1205 3275 visio·

167 3313 233 3376 nem
254 3295 412 3371 mirificem,
433 3313 508 3372 quae
529 3304 596 3357 autc
617 3299 673 3359 hoo
695 3301 847 3358 triennium
867 3300 944 3362 iacta
966 3307 1017 3360 est

187 3585 217 3652 1)
235 3584 261 3647 B,
281 3587 435 3638 recurrit.
460 3617 491 3626 -
515 3587 547 3656 2)
574 3587 593 3640 B
617 3591 747 3641 amovit.
773 3619 803 3629 -
829 3590 861 3658 3)
884 3589 904 3642 Β
928 3589 1034 3660 digito
1057 3606 1126 3642 eum
1150 3593 1207 3645 de-

237 3663 429 3708 monstrans.
457 3685 485 3696 -
511 3657 581 3777 43ss
605 3657 660 3709 ubi
683 3659 902 3724 honorantur,
925 3667 958 3712 st
981 3659 1040 3712 hoo
1061 3671 1207 3728 propter

237 3740 397 3847 isitius.
418 3742 447 3834 ἶ
468 3742 537 3864 tit
551 3727 832 3868 intulistis)
850 3729 1150 3852 {calefiel-ilos.
1172 3735 1206 3801 ⁶³
