2642 4330
459 313 514 378 Du
535 313 826 378 SIMPLIGITATII.
1096 317 1158 376 369

115 444 250 518 gitorum
271 443 428 498 vernorum
456 457 541 502 arum
568 457 651 498 suam
683 440 767 500 vobIs
794 407 1006 514 aelommodet,
1038 444 1068 498 et
1095 455 1159 498 eum

115 545 181 588 non
217 525 359 602 habuerit,
387 529 537 587 invenietis
571 531 671 586 eontra
700 543 766 585 eum
799 528 979 584 occasionem
1008 527 1090 602 quasi
1123 525 1160 584 de

114 611 336 690 irregularitate.
378 613 465 689 Quod
487 632 554 674 eum
574 613 682 672 laetum
703 614 816 688 suisset,
849 619 877 671 et
897 613 944 671 ille
967 610 1080 692 aeum1)
1101 629 1160 673 non
1240 649 1249 672 J

115 702 251 775 haberet,
272 703 311 759 ait
331 700 423 760 alteri:
445 701 578 775 Domine,
598 705 743 775 praestate
764 716 818 759 vos
839 699 909 757 mihi
930 717 1016 759 acum
1025 706 1160 759 vestram.

116 789 219 866 Quam
240 805 306 847 oum
326 787 373 846 ille
395 805 463 847 mox
484 788 631 848 exhiberet
638 783 668 866 ²),
688 787 761 846 forte
782 789 1000 861 praemunitum·
1014 786 1161 862 respondit
1201 833 1203 840 .

113 877 292 951 Imperator:
314 875 377 934 Vos
406 877 474 935 estis
499 874 658 933 monachus
686 875 715 931 in
743 873 842 933 ordine
868 870 1006 952 iustus³),
1038 881 1067 932 et
1094 872 1159 933 ideo

114 969 199 1022 tanto
228 963 337 1022 honore
365 961 477 1038 dignus.
526 962 589 1037 Ego
626 961 810 1021 decreveram
845 960 986 1019 honorare
1020 960 1160 1020 adversa-

113 1053 191 1109 rium
220 1057 363 1124 vestrum3
393 1047 446 1108 sed
477 1047 536 1107 ille
550 1046 756 1124 irregularitate
779 1065 832 1106 sua
853 1064 884 1106 se
906 1044 1055 1126 reddiditi)
1084 1047 1159 1105 indi-

112 1155 215 1214 gnum.
258 1138 339 1196 Bene
350 1141 473 1211 apparet
493 1138 522 1193 in
544 1135 588 1194 his
603 1137 734 1208 minimis,
757 1151 845 1209 quarn
865 1135 1013 1210 negligens
1025 1133 1159 1192 etdisse-

111 1225 193 1284 lutus
215 1216 258 1283 sit'
272 1227 302 1282 in
323 1226 463 1282 maritmis.
507 1222 628 1297 Talique
641 1221 816 1296 sophismate
838 1221 1011 1280 monachum
1033 1227 1160 1280 astutum

111 1313 278 1387 Imperator
298 1312 416 1383 amovit,
448 1315 477 1368 et
497 1310 655 1385 simplicem
676 1311 706 1367 in
728 1307 874 1367 Abbatem
894 1310 1045 1383 promovit.
1087 1305 1159 1366 NO-

111 1398 266 1458 VIOIUS:
288 1397 423 1473 Ignoravi
443 1396 582 1456 haetenus
600 1402 710 1455 tantam
730 1397 823 1454 inesse
833 1393 853 1475 ⁵)
875 1398 1009 1455 virtutem
1037 1398 1067 1452 in
1096 1411 1159 1454 aon.

109 1481 355 1545 MONAOHUS:
382 1484 482 1542 Virtus
503 1500 562 1542 non
583 1485 676 1542 estin
698 1499 768 1556 aen,
800 1482 852 1542 sed
874 1499 944 1542 aeus
965 1485 1079 1560 signum
1101 1485 1159 1541 vir·

111 1575 199 1646 tutis,
220 1571 251 1629 id
283 1578 345 1654 est,
369 1569 536 1628 humIlitatis
561 1558 663 1629 est'in
683 1569 836 1630 monaeho.
879 1569 927 1628 Ad
949 1568 1159 1629 resarciendum

111 1661 289 1720 vestimenta
309 1675 364 1718 sua
386 1651 521 1736 dissuta⁶)
550 1662 646 1732 portat
665 1656 752 1716 illam.

466 1811 700 1874 CAPITULUM
727 1813 814 1872 XVI.

229 1940 277 1997 De
297 1936 530 2026 Abbate⁴puem
554 1937 623 1995 Otto
645 1937 816 2011 Imperator
841 1936 1056 1994 commendavit

512 2031 638 2100 propter
661 2041 757 2082 eoum.

185 2127 252 2188 Otto
281 2128 441 2204 Imperator
469 2135 633 2187 antecessor
641 2123 661 2207 ⁷)
689 2127 805 2185 iunioris
825 2123 984 2198 Frederiei,
1014 2125 1062 2200 qui
1083 2141 1158 2182 nune

110 2221 252 2293 imperat,
279 2233 345 2275 eum
367 2215 412 2274 die
435 2215 560 2290 quadam
582 2222 639 2274 tres
660 2213 793 2272 Abbates
815 2212 920 2271 ordinis
942 2213 1031 2272 nostri
1051 2211 1091 2268 ilii
1112 2211 1158 2270 lo-

112 2309 285 2380 querentur,
313 2301 415 2362 volens
442 2319 491 2361 eos
512 2301 650 2378 probare,
679 2302 729 2358 uni
749 2300 862 2358 illorum
884 2298 1011 2358 dicebat:
1033 2297 1158 2357 Domine

111 2391 228 2466 Abbas,
249 2389 489 2450 coneeditemihi
511 2407 595 2448 aeum
617 2394 751 2468 vestram,
794 2385 998 2462 Respondente
1021 2403 1069 2445 eo:
1092 2386 1158 2446 Non

111 2479 226 2551 habeo,
267 2478 397 2551 domine3
433 2478 547 2552 rogavit
573 2475 746 2550 seeundum,
776 2476 824 2549 qui
854 2476 940 2532 etiam
968 2491 1027 2533 non
1047 2473 1158 2532 habuit.

111 2565 231 2624 Tertius
253 2579 323 2623 vero
346 2564 508 2638 requisitus,
539 2580 604 2622 eum
624 2563 746 2621 haberet
768 2579 860 2634 aenm,
881 2561 1027 2640 respondit
1048 2563 1075 2618 ei
1096 2560 1157 2618 Im-

110 2657 250 2728 perator:
269 2651 332 2710 Vos
355 2652 423 2709 estis
442 2667 528 2708 verus
550 2649 718 2708 monachus.
760 2647 837 2707 Eece
858 2648 915 2708 hoe
937 2655 980 2708 est
1003 2647 1079 2724 quod
1101 2650 1158 2705 iarn

111 2739 183 2814 dixi,
205 2754 290 2796 aeum
311 2739 341 2795 in
363 2737 505 2796 monacho
528 2739 641 2813 signum
663 2753 726 2795 esse
746 2738 870 2795 virtutis.

460 2891 696 2953 CAPITULUM
715 2893 816 2953 XVII.

185 3013 234 3072 De
255 3015 411 3087 monacho,
432 3032 522 3092 super
544 3033 631 3090 quem
653 3018 825 3074 morientem
847 3013 983 3072 diabolus
1006 3029 1093 3070 acum

308 3103 435 3176 ipattam
454 3105 586 3180 proterii,
608 3119 642 3160 eo
664 3102 747 3178 quod
768 3117 969 3160 amentarius

461 3196 588 3268 portare
610 3195 814 3248 contenderet.

180 3310 290 3372 Retulit
312 3311 386 3372 'mihi
414 3313 459 3370 vir
486 3309 604 3386 quidam
632 3309 781 3386 religiosus
809 3309 845 3368 de
867 3307 994 3384 quodem
1016 3309 1157 3368 monacho

111 3397 223 3459 ordinis
243 3399 335 3459 nostri
355 3415 416 3458 rem
438 3401 507 3458 setis
528 3398 696 3472 terribilem,
723 3413 798 3471 quae
819 3396 886 3456 huie
907 3395 972 3459 loeo
994 3398 1064 3458 setis
1086 3413 1157 3456 eon-

111 3487 192 3564 gruit
212 3501 263 3560 pro
286 3485 427 3561 exemplo.
472 3485 545 3544 Cum
570 3501 655 3546 eoum
676 3482 835 3544 seeundum
856 3483 1063 3544 monachorum
1085 3501 1157 3546 eou-

112 3571 298 3633 suetudinem
305 3568 327 3650 8)
350 3588 437 3630 sanus
451 3579 566 3647 portare
580 3589 639 3630 non
658 3577 778 3644 cureret,
799 3572 847 3630 vel
859 3570 932 3629 sorte
955 3577 1157 3643 contemneret,

134 3687 166 3756 1)
184 3703 274 3738 eoum
292 3686 342 3738 add
359 3687 389 3739 B.
403 3717 433 3727 -
450 3688 482 3753 2)
501 3686 585 3738 AGDI’
603 3687 807 3742 extraheret.
821 3716 852 3726 -
872 3687 904 3755 3)
922 3685 964 3742 BC
980 3687 1156 3738 monachus

186 3755 369 3810 ordinatus.
393 3785 423 3796 -
448 3758 481 3824 4)
498 3756 540 3810 BG
562 3754 714 3808 reddidit
738 3772 779 3807 se.
798 3785 831 3796 -
855 3757 887 3822 5)
904 3755 961 3808 libri
983 3756 1098 3808 fulsse.
1124 3785 1152 3796 —

186 3826 219 3894 6)
236 3825 280 3878 ΑΡ
303 3825 477 3879 dissoluta.
496 3855 525 3865 -
546 3828 578 3894 7)
597 3825 661 3877 ΑΒΡ
681 3826 762 3879 Otto
786 3833 980 3878 antecessor
1003 3828 1035 3877 in
1057 3828 1156 3893 irnpe-

187 3897 245 3947 rio.
265 3924 295 3934 -
315 3896 348 3963 8)
366 3895 407 3948 BG
424 3896 689 3949 consuetudinem
706 3895 938 3948 monachorum.

819 3965 898 4042 16*
