2538 4314
162 281 223 344 168
321 305 324 310 ·
476 277 705 342 DISTINOTIO
723 279 873 342 TERTIA

159 421 196 464 ne
216 417 345 478 unquam
373 399 410 462 de
432 407 526 481 cetero
548 402 617 462 talia
637 407 866 479 praesumerent,
895 401 948 462 sub
970 400 1201 462 interminatione

159 507 283 566 magnae
300 488 441 549 vindictae
462 492 650 566 praecipiens.
694 490 800 566 Sieque
820 488 946 565 prudens
967 488 1103 565 medicus,
1125 505 1201 564 quos
1264 557 1265 560 Ἴ

160 577 250 638 verbo
271 577 365 635 minus
380 576 531 636 emendare
548 579 649 652 potuit,
671 576 802 653 exemplo
825 578 955 637 correxit.
996 573 1201 636 NOVIOIUS:
1264 637 1265 640 ,

160 661 261 724 Placet
272 663 349 739 quod
362 662 441 722 dicis.
483 662 719 724 MONAOHUS:
739 663 819 744 Audi
834 671 911 723 nunc
929 663 1099 740 exemplum,
1120 660 1203 740 quod

160 749 312 827 prudentia
333 749 502 810 confessoris
523 749 692 810 discretione
713 749 901 827 temperanda
920 753 966 810 sit

508 995 512 1020 ,
538 937 771 1000 carmenum
790 937 825 999 u.

160 1047 210 1120 De
228 1021 396 1137 peccatore,
425 1065 477 1139 qui
499 1062 535 1122 de
555 1061 673 1206 Μέἇίίοα
690 1064 874 1136 poenitentia
895 1061 1049 1138 pedatim
1070 1060 1204 1120 coaccedit

640 1152 792 1208 maiorem.
856 1175 858 1178 ·

226 1265 366 1328 Peccator
394 1266 511 1346 quidam
539 1279 661 1346 magnus
690 1286 756 1328 cum
784 1285 836 1344 pro
865 1269 925 1327 suis
945 1268 1071 1344 peccatis
1092 1265 1206 1326 nullam

43 1422 45 1430 s
162 1352 335 1430 condignam
354 1357 498 1431 suscipere
518 1354 607 1415 vellet
627 1357 839 1431 poenitentiam,
862 1357 929 1430 quia
952 1354 1095 1420 confessor
1115 1353 1207 1414 valde

105 1468 118 1526 ss
161 1440 288 1516 prudens
319 1459 354 1502 ac
382 1441 520 1501 diserdus
547 1443 613 1518 linit,
641 1432 693 1502 ait‘
709 1441 762 1500 illi:
791 1441 880 1502 Potes
906 1458 958 1517 pro
987 1443 1113 1518 peccatis
1141 1443 1208 1501 istis

162 1530 274 1606 magnis
303 1529 405 1590 saltem
426 1546 515 1588 unam
537 1531 694 1589 orationem
715 1528 899 1588 Dominicam
919 1545 970 1603 per
991 1527 1119 1604 singulos
1142 1527 1209 1589 dies
1264 1605 1265 1614 ἵ

163 1610 278 1674 dicere?
300 1615 503 1692 Respondente
523 1615 581 1691 illo,
601 1633 736 1692 possum3
767 1614 888 1675 eandem
910 1617 936 1674 ei
956 1617 1084 1674 iniunxit.
1127 1613 1211 1676 Mira
1264 1619 1265 1656 ἒ

164 1698 317 1762 elementia
337 1703 402 1762 Dei.
444 1703 491 1763 Ita
512 1701 614 1762 eadem
636 1704 727 1764 oratio
750 1704 844 1778 coepit
856 1698 872 1781 ¹)
895 1701 1003 1760 homini
1025 1701 1211 1777 dulcescere,
1264 1757 1265 1766 ,

162 1794 196 1847 ut
217 1788 329 1848 rediens
352 1788 473 1866 amplius
494 1796 619 1866 peteret,
643 1789 757 1865 hocque
778 1787 888 1848 tamdiu
908 1789 1030 1864 faceret,
1051 1805 1212 1865 quousque
1264 1849 1265 1852 ,

163 1872 202 1934 ad
224 1875 611 1954 condignampoenitentiam
628 1879 797 1952 perveniret.
839 1874 890 1934 Ad
907 1874 1109 1938 =discretionem
1133 1892 1212 1935 con·
1264 1919 1265 1960 3

164 1958 279 2023 fessonis
296 1965 426 2040 pertinet,
447 1968 480 2021 ut
498 1980 550 2038 pro
571 1965 697 2038 peccatis
718 1965 831 2041 magnis
852 1979 996 2039 magnam,
1018 1968 1046 2021 et
1066 1978 1119 2038 pro
1137 1979 1216 2038 par·
1264 2005 1265 2034 ,

165 2050 210 2109 vis
242 2067 363 2126 parvam
389 2051 518 2125 iniungat
539 2051 751 2125 poenitentiam.
794 2049 833 2107 Et
854 2051 922 2124 quia
943 2051 1034 2108 omnis
1054 2051 1217 2125 poeniten·
1264 2087 1265 2098 κ

161 2137 207 2194 'tia
239 2137 388 2197 arbitraria
416 2140 474 2211 est,
502 2136 661 2195 secundum
690 2136 857 2212 qualitatem
877 2152 1032 2211 personae,
1063 2136 1216 2198 moderari
1264 2153 1265 2218 ξ

165 2225 271 2299 poterit
303 2223 470 2300 qualitatem
501 2240 554 2283 scu
590 2225 778 2298 quantitatem
806 2239 927 2298 poenae.
980 2221 1217 2284 Misericordiam
1264 2247 1265 2294 ι

166 2325 281 2386 semper
302 2309 495 2386 superexaltet
515 2308 619 2369 iudicio
627 2306 656 2391 ²),
678 2312 740 2369 sive
761 2314 879 2384 secreta,
901 2306 977 2391 vel³)
999 2309 1151 2386 manifesta
1176 2315 1217 2372 sit
1264 2301 1265 2368 ἶ

167 2396 316 2472 confessio,
337 2395 468 2456 utidem
488 2398 550 2473 ipse
573 2395 805 2471 consequatur'a
821 2396 895 2456 Deo.
1264 2383 1265 2428 l

540 2568 773 2632 CAPITULUM
793 2569 843 2631 LI.

168 2692 217 2752 Dc
238 2690 353 2752 Abbote
376 2689 540 2766 Gloilbecto,
563 2696 615 2768 qui
635 2693 787 2752 iucundis
808 2694 841 2751 in
854 2690 991 2768 Capitale
1007 2710 1146 2770 parcens,
1173 2697 1218 2756 ad
1264 2683 1265 2688 ἵ

376 2779 607 2854 satisfactionem
625 2780 799 2855 ampliorem
815 2783 1001 2854 provocavit
1264 2781 1265 2804 ¹

165 2975 167 2982 γ
234 2898 376 2959 Dominus
406 2897 577 2962 Gisilbcrtus
606 2899 709 2960 Abbas
737 2901 767 2960 in
794 2899 1007 2960 Hemmenrode
1037 2905 1136 2961 tautae
1159 2901 1220 2964 fuit

169 2985 396 3062 misericordiae,¹
410 2993 443 3045 ut
465 2989 490 3046 si
511 2986 666 3063 aliquando
689 2989 752 3062 quis
772 2987 981 3048 monachorum
1002 2988 1062 3047 sive
1084 3004 1219 3050 conver-

169 3089 268 3133 sorum
301 3090 398 3132 coram
432 3090 467 3133 eo
503 3074 697 3150 proclamatus
729 3074 829 3134 suisset
856 3075 885 3134 in
923 3073 1068 3150 Capitulo,
1105 3082 1135 3134 et
1164 3077 1220 3138 ille
1264 3067 1265 3072 ’

169 3159 302 3236 neglecta
329 3161 433 3220 virtute
459 3155 644 3242 patientiam)
668 3167 748 3220 extra
779 3178 810 3220 se
842 3161 932 3237 fieret,
952 3161 1108 3221 infirmitati
1134 3161 1220 3226 illius

170 3263 337 3322 compassus
359 3246 478 3307 diceret:
507 3248 589 3307 Bone
610 3247 710 3325 frater,
738 3248 814 3307 vade
844 3249 931 3308 modo
953 3249 1066 3324 sedere,
1096 3253 1126 3308 et
1149 3268 1222 3312 cras

171 3333 293 3393 eandem
314 3332 428 3408 culpam
449 3351 630 3410 recognosce.
674 3334 730 3411 Qui
753 3334 826 3394 datis
847 3335 968 3394 induciis
989 3335 1027 3394 ad
1047 3337 1221 3412 tranquilli-

170 3425 261 3480 tatem
288 3422 375 3480 animi
402 3419 553 3496 reductus,
586 3427 615 3480 et
644 3420 680 3481 de
709 3423 901 3482 commotione
921 3421 1149 3498 verecundatus,
1183 3427 1222 3485 in

172 3509 294 3568 crastino
316 3505 407 3582 rediit,
428 3524 517 3584 seque
539 3523 675 3583 peccasse
695 3525 913 3585 recognoscens,
936 3509 1037 3568 duram
1057 3511 1222 3585 poeniten·
1264 3579 1265 3588 ἵ

127 3597 129 3603 ’
171 3596 242 3654 tiam
269 3611 335 3654 cum
362 3593 453 3654 multa
484 3596 623 3674 patientia
651 3597 785 3672 suscepit.
829 3595 975 3690 Quantum
1004 3593 1120 3679 edam‘)
1141 3598 1222 3659 boni

191 3777 261 3848 l),0
278 3779 390 3844 coepit
407 3778 517 3830 eadem
535 3779 651 3835 oratio.
671 3809 702 3820 —
721 3781 753 3850 2)
770 3779 823 3834 luc.
841 3780 867 3845 2,
886 3780 927 3833 13.
948 3810 978 3822 -
997 3781 1030 3851 3)
1047 3781 1067 3836 0
1085 3783 1165 3836 sive.
1179 3813 1220 3826 —

242 3846 275 3915 t)
292 3846 313 3899 0
329 3849 515 3914 patientiae
533 3851 668 3903 virtute.
686 3879 717 3890 —
736 3850 768 3919 5)
786 3849 806 3906 G
824 3851 915 3905 enim.
965 3848 969 3859 “
