2538 4314
146 236 205 295 108
436 228 670 296 ΒΙΒἯΝΟἸῚΟ
688 231 875 296 SECUNDA

145 366 214 417 tam
233 355 312 416 illam
342 350 444 417 durare
472 357 604 418 videmus
636 360 851 435 generationem
869 353 897 437 ¹).
949 351 1193 416 MONACHUS:

145 445 209 504 Non
231 444 325 504 solnm
347 445 523 520 defectivae,
546 445 598 504 sed
619 452 649 504 et
671 448 868 504 consumtivae
889 449 1009 502 naturae
1031 449 1090 517 cst,
1113 445 1193 518 qnia,

146 539 178 592 ut
200 531 283 606 dicis,
311 535 340 590 in
362 550 393 592 se
416 533 534 591 celerius
557 532 667 606 deficit,
698 539 727 590 et
754 548 961 607 nonnunquam
983 530 1038 588 sibi
1059 529 1192 589 admixta

146 622 206 679 sive
228 621 379 678 coniuncta
402 622 551 678 consumit.
593 617 801 680 NOVICIUS:
823 618 873 677 Da
895 617 1066 692 exemplum.
1110 615 1190 676 ΜΟ-

146 703 321 766 NACHUS:
343 705 425 765 Haec
448 723 521 780 quae
545 705 672 764 dicturus
695 723 767 780 sum,
789 723 808 764 a
829 705 1003 781 quibusdam
1021 703 1190 764 Abbatibua

146 793 252 852 ordinis
273 795 363 853 nostri
383 793 491 868 audivi,
513 794 565 854 sed
586 810 692 852 nomen
712 811 771 853 non
791 795 895 852 refinui
916 793 981 869 loci,
1000 794 1031 850 in
1045 809 1103 868 quo
1117 808 1190 853 con-

145 877 311 960 tigerunt²).

463 1071 697 1132 uAPrrULUM
718 1071 869 1132 XXXIV.

93 1239 96 1246 .
173 1213 217 1271 De
233 1215 364 1288 pecunia
385 1214 534 1284 murari,
557 1229 635 1287 quac
653 1215 814 1286 pecuniam
834 1214 1008 1272 monastero·
1027 1213 1115 1271 lucta
1136 1229 1169 1270 aa

511 1302 640 1374 positam
663 1299 825 1358 devoravit.
867 1356 870 1378 ,

212 1435 365 1496 Usurarius
388 1435 505 1512 qaudam
528 1435 641 1496 cuidam
671 1437 777 1498 ordinis
805 1439 896 1496 nostri
929 1436 1072 1496 cellerario
1094 1451 1192 1512 qnan-
1241 1511 1246 1517 ⁵

150 1523 215 1581 darn
236 1525 375 1600 pecuniae
397 1541 467 1582 suae
495 1541 638 1584 summam
670 1526 812 1583 commisit
840 1523 1052 1584 reservandam.
1096 1522 1192 1599 Quam

148 1609 194 1668 ille
216 1612 358 1687 signatam
382 1612 415 1668 'in
442 1611 507 1670 loco
539 1617 602 1670 tuto
631 1615 712 1671 iuxta
733 1613 886 1687 pecuniam
907 1612 1073 1670 monasterii
1103 1627 1194 1688 repo-

151 1695 214 1755 suit.
257 1695 364 1756 Postea
386 1715 451 1757 cum
473 1700 618 1757 usurarius
649 1687 809 1774 depositum
842 1704 996 1774 repeteret,
1029 1697 1196 1769 cellerarius

153 1798 250 1843 arcam
271 1801 415 1859 reserans,
436 1802 530 1859 neque
551 1784 645 1860 illam,
667 1803 761 1861 neque
783 1803 866 1844 suam
886 1787 1002 1844 invenit
1047 1785 1103 1860 Qui
1125 1801 1194 1843 cum

153 1869 271 1930 vidisset
291 1887 375 1930 areae
398 1889 475 1930 seras
497 1874 633 1947 intactas,
664 1879 693 1932 et
720 1872 868 1949 signacula
895 1871 1074 1931 sacculorum
1095 1871 1194 1945 salva,

154 1959 194 2017 ita
215 1959 347 2017 utnulla
370 1966 445 2017 esset
467 1958 502 2018 de
524 1959 598 2019 firrto
611 1957 632 2039 ³)
656 1962 787 2034 suspicio,
810 1961 953 2036 cognovit,
975 1958 1052 2034 quod
1069 1961 1196 2034 pecunia

153 2047 273 2104 usurarii
296 2046 463 2105 devorasset
484 2049 636 2122 pecuniam
657 2048 830 2106 monasterii.
872 2046 917 2104 Ex
947 2063 1004 2122 quo
1037 2043 1194 2124 colligitur,

154 2132 231 2208 quod
252 2150 304 2207 per
326 2132 537 2210 eleemosynam
558 2151 670 2207 usurae,
691 2136 855 2192 monasterii
876 2133 1037 2192 substantia
1057 2151 1116 2192 non
1138 2151 1196 2192 au-

153 2226 268 2296 geatur,
301 2218 352 2279 sed
375 2219 496 2279 deficiat.
540 2219 743 2281 NOVICIUS:
770 2219 881 2297 Magna
902 2226 983 2295 sunt,
1013 2237 1086 2296 quae
1116 2220 1197 2280 dicta

155 2313 221 2364 sunt
242 2305 278 2364 de
301 2309 485 2382 contritione,
507 2307 559 2366 sed
581 2302 702 2382 quaero,
732 2309 802 2366 siis
824 2310 873 2382 qui
896 2307 994 2366 oculos
1016 2307 1197 2382 nonhabet,

154 2395 350 2452 contritionem
372 2393 479 2452 habere
500 2396 603 2469 possit,
638 2411 703 2452 cum
733 2397 793 2454 sinc
815 2394 904 2453 oculis
926 2395 994 2454 flere
1016 2411 1073 2454 non
1094 2397 1197 2470 possit.

153 2477 387 2540 MONACHUS:
411 2479 548 2540 (lontritio
569 2498 628 2541 non
650 2487 693 2540 est
715 2483 744 2540 in
765 2481 895 2555 lacrimis,
918 2482 968 2542 sed
990 2484 1019 2539 in
1034 2487 1114 2540 motu
1127 2497 1198 2540 cor-

155 2566 206 2641 dis,
229 2570 309 2626 cuius
331 2571 413 2644 signa
435 2568 569 2628 hemmae
590 2574 658 2628 sunt
679 2568 836 2643 oculorum,
858 2586 924 2628 cum
946 2576 976 2628 et
997 2585 1046 2629 cor
1062 2569 1198 2630 lacrimas

154 2665 221 2713 suas
242 2655 358 2714 habeat.

487 2845 721 2907 CAPITULUM
736 2847 871 2908 XXXV.

155 2983 202 3044 De
223 2990 397 3046 contritione
418 2987 574 3046 cuiusdam
594 2986 700 3046 meaa
722 2987 760 3045 ab
782 2989 912 3046 Hcooteo
932 2988 1019 3046 Duce
1036 2987 1197 3048 Str-contum

601 3078 756 3134 occaecari.

219 3205 288 3271 Dux
309 3212 451 3274 Henricus
473 3213 564 3288 Saxo,
596 3221 679 3289 pater
702 3211 814 3274 Ottonis
835 3212 1033 3289 Imperatoris,
1066 3218 1199 3290 tempore
1260 3203 1261 3227 ¹

157 3298 282 3373 quodam
302 3303 395 3360 virum
418 3301 562 3376 quendam
583 3301 709 3360 nobilem
730 3318 782 3376 pro
814 3317 866 3359 suo
896 3301 1002 3359 scelere
1024 3299 1199 3362 exoculavit.

157 3381 238 3446 Deus
264 3404 332 3447 vero
362 3406 398 3448 ex
427 3407 480 3448 soa
515 3387 708 3447 misericordia
742 3389 949 3447 excaecationis
980 3404 1104 3464 poenam
1132 3391 1198 3448 viro

157 3467 359 3548 convertens⁴)
381 3478 409 3533 in
431 3475 610 3549 medicinam,
632 3481 742 3532 tantam
765 3473 841 3534 cordi
864 3477 924 3534 eins
947 3474 1067 3534 contulit
1087 3477 1199 3534 contri-
1259 3523 1260 3526 η

158 3562 273 3636 tionem,
294 3568 327 3619 ut
348 3565 450 3640 iugiter
470 3569 591 3638 peccata
612 3563 765 3621 commissa
787 3561 910 3638 defleret,
933 3568 962 3621 ct
983 3580 1034 3638 pro
1054 3561 1197 3624 desiderio
1259 3567 1260 3593 ¹

177 3744 208 3816 l)
226 3742 246 3798 B
265 3747 506 3815 generationes.
533 3777 563 3788 -
587 3747 619 3816 2)
637 3763 725 3800 omnes
743 3747 801 3800 libri
821 3750 978 3818 contigit.
1003 3779 1033 3790 —
1059 3750 1091 3818 3)
1112 3747 1134 3802 G
1158 3749 1198 3802 de
1258 3799 1259 3802 ,

228 3817 316 3869 torto
334 3827 431 3869 esset.
452 3845 483 3857 -—
502 3817 534 3887 4)
551 3815 574 3870 C
591 3819 760 3870 convertit.
1033 3839 1037 3848 ,
