2594 4302
397 241 451 308 DE
466 235 658 310 'ortensis
673 237 916 311 'volontatis
1113 251 1174 311 159

134 365 202 430 stoi·
218 369 280 430 dari
301 371 417 446 petivit,
446 376 475 432 et
496 371 627 431 obtinuit.
670 371 760 432 Eleetl
783 380 850 433 sunt
872 389 907 432 ex
928 370 1077 431 monachis
1100 371 1176 432 duo·

134 456 243 533 decim,
272 463 313 517 et
327 457 488 534 praedictus
515 457 698 517 Hermaonus
726 461 756 517 in
785 458 933 519 Abbatem
962 461 1003 519 eis
1028 458 1176 519 ordinatus

134 550 187 604 est.
232 544 290 620 Qui
311 545 520 622 antegradum
541 545 719 622 presbyterii,
740 552 773 604 ut
793 545 878 623 longe
900 552 967 606 ante
988 545 1178 622 praeviderat,

133 647 248 690 crucem
276 633 451 708 suscipiens,
481 650 547 692 cum
577 634 618 696 eis
631 690 633 696 ,
646 650 698 708 per
725 635 872 710 navigium
898 635 978 692 verrit
999 635 1028 692 in
1050 639 1177 693 montem

132 716 311 794 Stromberg.
352 719 388 777 In
410 735 468 794 qno
487 720 581 778 tribum
604 721 685 779 annis
707 722 889 794 commorati,
919 718 1127 780 descenderunt
1147 721 1177 778 in

132 803 240 864 vallem
263 821 343 880 quae
371 822 448 865 nune
477 805 579 885 dicitur
606 806 698 866 Vadis
721 809 811 866 saneti
832 806 925 880 Petri,
950 805 1017 866 illie
1036 823 1117 866 mmo
1141 805 1177 866 de

133 908 191 967 quo
207 909 296 968 supra
310 883 483 968 dictumest,
505 910 536 952 se
556 893 731 958 claudentes.
760 892 835 953 Ossa
855 892 904 952 illa
925 892 1005 952 arida
1027 893 1192 970 designant<
1227 967 1229 972 ,

133 978 265 1038 hemines
294 979 455 1039 saeculares
482 979 634 1056 spiritualis
663 983 771 1056 gratiae
793 983 948 1054 immunes,
979 981 1078 1056 quiin
1100 980 1177 1040 valle

92 1141 94 1146 Ι
134 1067 265 1125 conversi
279 1073 345 1124 sunt
360 1066 398 1125 ad
416 1069 504 1126 vitam
526 1066 697 1142 religiosam.
739 1066 859 1126 Fluvius
881 1069 929 1143 qui
950 1084 1002 1142 per
1023 1069 1178 1127 oratorium

132 1169 199 1212 cum
235 1153 345 1228 impetu
380 1153 507 1229 fluebat,
543 1153 684 1231 signifieat
716 1154 818 1214 domus
847 1154 974 1212 eiusdem
1003 1154 1178 1229 religionem.

134 1239 216 1315 Quae
246 1238 323 1299 clara
353 1246 396 1316 est
416 1258 467 1315 per
488 1235 642 1316 puritatem
664 1241 862 1316 traditionum,l
895 1247 924 1298 et
943 1243 1105 1316 impetuosa
1125 1257 1178 1317 per
1275 1264 1279 1278 ·

132 1317 548 1396 servorem'observationum.
600 1327 686 1404 Quod
725 1330 822 1388 navim
851 1345 870 1386 a
898 1327 1031 1387 columna
1059 1330 1178 1402 avertit,

132 1415 195 1474 siue
225 1413 313 1494 causa
341 1430 399 1488 non
423 1415 484 1472 luit.
526 1413 689 1474 Nemeum
716 1421 874 1475 conventus
904 1432 990 1490 super
1017 1413 1176 1490 praelatum
1250 1477 1257 1494 ,

133 1497 261 1560 venisset
285 1507 430 1574 montem,
463 1507 492 1560 et
520 1501 609 1560 multa
639 1504 679 1561 eis
700 1495 863 1560 necessaria
885 1499 1031 1574 deessent,
1060 1500 1176 1576 quidam

134 1580 350 1646 reminiscentes
379 1587 572 1646 aedificiorum
595 1595 623 1647 et
645 1589 762 1652 aliorum
785 1587 940 1646 multorum
963 1604 1036 1662 quae
1059 1587 1176 1646 dimise-

135 1679 210 1747 rant,
232 1679 260 1731 et
274 1681 481 1733 murmurantes
503 1675 594 1734 redire
615 1674 730 1749 vellent,
752 1674 883 1734 dominus
904 1673 1087 1733 Hermannus
1109 1667 1176 1734 Ab·

97 1788 99 1798 =
136 1760 190 1820 bas
220 1778 286 1820 curn
314 1761 403 1818 semel
429 1761 620 1832 sesecundo
650 1761 691 1827 de,
714 1763 926 1836 perseverantia
948 1779 997 1820 eos
1019 1763 1177 1820 monuisset

135 1864 190 1906 nee
225 1847 405 1922 profecisset,
445 1851 527 1923 quasi
557 1866 609 1923 per
640 1849 804 1907 themonem
832 1864 936 1912 navem
948 1846 963 1928 ¹)
997 1866 1015 1906 a
1044 1846 1179 1910 columna

136 1925 329 2008 submovens,
357 1937 425 1998 ait:¹
441 1934 575 2011 Cessate,
600 1941 689 2010 state,
711 1933 806 1993 nullus
829 1941 955 1993 vestrum
976 1931 1179 2014 revertetur-²);

138 2037 193 2097 ego
206 2021 404 2080 arthemonem
417 2022 508 2080 obieci
518 2018 548 2101 ³).
590 2021 620 2082 is
635 2027 733 2081 autern
755 2038 842 2096 quern
864 2020 933 2080 dure
955 2023 1072 2080 retraxit
1085 2019 1179 2104 'Chri-

138 2117 209 2183 stus,
228 2125 296 2167 curn
313 2107 378 2166 aliie
399 2109 515 2184 quidem
533 2109 628 2174 luerat
649 2111 779 2184 scriptus.
793 2109 1013 2183 etnominutu's,
1033 2106 1085 2166 sed
1107 2107 1180 2167 sub·

139 2197 289 2268 sequentis
310 2198 475 2270 importuna
502 2197 639 2270 petitione
667 2193 827 2254 submotus.
876 2195 943 2270 lpse
964 2202 1015 2254 est·
1029 2193 1180 2256 iohannes

138 2281 287 2356 sacerdos,
315 2299 402 2356 quern
429 2283 573 2343 Dominus
600 2282 731 2342 modeste
753 2280 921 2355 extrahens,
951 2295 1082 2340 seorsum
1102 2289 1180 2340 stare

138 2369 213 2428 lecit.
256 2369 331 2428 Cum
353 2377 498 2428 conventu
520 2372 649 2444 emissus,
672 2386 738 2428 curn
760 2371 903 2428 conventu
924 2385 983 2426 non
1002 2370 1091 2442 stetit,
1113 2370 1180 2443 quia

138 2461 190 2531 p'er
206 2455 350 2516 licentiam
363 2463 503 2516 extortam
513 2459 651 2515 remissus
662 2462 716 2516 est.
758 2454 841 2515 Haeo
854 2462 898 2534 est
911 2457 1027 2514 visionis
1040 2457 1181 2531 interpre-

139 2543 229 2617 tatio,
264 2542 425 2602 seeundum
458 2543 537 2618 quod
571 2545 608 2602 ab
641 2545 704 2619 ipso
741 2541 827 2602 didici
859 2541 977 2602 Abbate
992 2541 1181 2602 Hermanno.

138 2626 343 2689 NOVIGIUSt
370 2628 447 2688 Nihil
474 2629 521 2688 hio
551 2637 584 2689 ut
607 2629 692 2689 video
714 2637 812 2689 actum
833 2635 877 2688 est
898 2632 960 2689 sine
980 2635 1053 2688 nutu
1075 2629 1181 2688 divino.

139 2713 377 2776 MONAGHUS:
399 2715 608 2792 Navigantibus
623 2719 664 2777 eis
685 2719 714 2774 in
735 2715 849 2791 Rheno,¹
861 2718 943 2776 siout
963 2716 1059 2776 adlruc
1078 2732 1181 2776 omnes

141 2805 307 2878 quiescis
328 2803 430 2861 vivunt
449 2809 537 2862 testes
558 2810 633 2879 sunt,
654 2802 894 2880 viderunt‘supra
914 2820 947 2862 se
960 2805 999 2861 in
1020 2801 1102 2863 coelo
1123 2804 1181 2862 eir·-

141 2889 238 2948 eulum
265 2887 393 2948 lucidum
420 2893 448 2948 et
476 2894 587 2964 septem
612 2893 643 2948 in
669 2906 703 2948 eo
733 2889 818 2949 soles.
870 2887 1073 2950 NOVICIUS:
1104 2887 1182 2965 Qud

140 2992 193 3051 per
223 2974 375 3048 circulum,
403 2975 450 3034 vel
478 2975 620 3054 quid-per
640 2983 751 3052 septem
772 2976 847 3036 soles
868 2976 981 3036 videtur
1002 2976 1057 3041 tibi.
1074 2974 1181 3035 intelli·

140 3061 290 3138 gendum?
342 3058 578 3126 MONAOHUS:
620 3063 677 3124 Per
716 3063 853 3122 cuculum
896 3061 1018 3123 eundem
1053 3062 1181 3140 intelligo

161 3268 193 3336 l)
211 3267 231 3318 B
249 3267 364 3319 navim.
377 3296 410 3306 -
422 3267 454 3335 2)
473 3266 600 3320 Homilll.
611 3283 636 3336 p.
650 3268 696 3320 ld:
713 3256 763 3338 ,tir
780 3267 917 3334 sicutipse
934 3266 995 3318 milri
1011 3265 1107 3329 retulit,
1124 3281 1180 3318 cum

145 3349 148 3356 ·
211 3339 260 3388 iam
276 3335 311 3387 oo
334 3339 522 3404 perseverantia
546 3335 738 3406 desperassent,
764 3345 790 3388 et
813 3336 925 3405 quotidie
947 3337 1015 3388 illum
1040 3335 1071 3388 de
1097 3336 1181 3389 reditu

145 3435 148 3442 ·
211 3405 384 3474 molestarent,
401 3409 457 3474 ipse
475 3408 646 3475 eumquadam
657 3409 806 3462 auctoritate
818 3421 934 3476 surgens,
952 3404 1181 3473 pusillanimitatem

177 3529 179 3534 ,
211 3492 298 3540 eorum
311 3476 575 3545 compescuit'diceus:
593 3476 658 3541 Quid
670 3475 750 3528 timidi
762 3478 831 3540 estis,
848 3475 961 3545 modicae
973 3473 1051 3526 idei?
1087 3474 1181 3528 Cessa-

212 3555 249 3609 te,¹
264 3543 381 3610 oe‘ssalep
392 3550 450 3616 quia
468 3545 678 3599 nullusvestrum
696 3544 796 3597 redibit.
832 3544 966 3610 confidite,
984 3546 1042 3613 quia
1061 3543 1181 3597 [lominus

211 3615 367 3668 orationibus
385 3620 477 3670 vestris
495 3619 632 3679 excitatns,
654 3617 729 3667 citius
746 3631 818 3684 quarn
838 3616 931 3682 putatis
948 3613 1082 3682 imperabit
1099 3615 1181 3666 ventis

119 3705 120 3708 ¹
164 3743 166 3748 ,
208 3696 238 3740 ὀῖ
256 3689 331 3751 mari}
354 3696 380 3738 et
403 3688 446 3738 liet
470 3686 636 3754 tranquillitas
662 3699 761 3754 magna.
803 3684 877 3750 Quod
891 3691 1059 3752 *post‘snnos
1087 3699 1181 3752 paucos

209 3755 340 3824 impletum
363 3767 416 3821 est,
433 3771 484 3808 non
505 3758 561 3807 siue
587 3754 760 3808 admiratione
778 3752 938 3806 multorum.“
954 3754 1052 3821 ·-··3)
1076 3749 1097 3806 G
1120 3767 1182 3822 ego

212 3828 396 3879 tiemonem
414 3828 538 3890 abieci,
555 3825 625 3880 ADP
644 3840 702 3896 ego
720 3833 825 3878 autern
844 3824 1026 3876 tiemonem
1042 3823 1158 3874 abieci.
