2628 4310
179 215 246 280 did
448 213 677 278 DISTINOTIO
702 212 944 278 oeconomia

178 338 281 396 sinen
302 353 438 414 magnam
457 337 515 398 illie
537 339 679 414 cepissent
699 337 846 414 praedam.
889 338 935 398 De
957 336 1003 398 his
1024 351 1093 396 vero
1115 335 1166 410 qui
1186 335 1215 394 in
1296 327 1297 408 ξ

178 426 364 484 tommentis
378 424 492 500 cadunt,
513 424 593 484 nulla
615 428 743 500 quaestio
758 433 802 484 est
823 427 891 500 quin
913 424 1023 485 vadant
1043 421 1082 484 ad
1103 422 1216 496 inlesos,
1296 431 1297 484 l

178 512 202 570 si
223 527 281 570 non
302 510 406 572 fuerint
426 512 516 572 adiuti
536 512 676 574 beneficio
698 514 882 574 contritionis.

521 665 755 728 CAPITULUM
775 667 877 728 XVII.

494 771 543 832 De
570 769 702 831 Woltero
724 773 760 831 de
781 771 898 832 Milone.

173 969 178 975 Ι
242 892 384 954 Sacerdos
413 889 530 969 quidam
559 893 595 952 de
623 891 772 953 Hesbania
783 889 801 974 ¹)
837 909 913 952 anno
949 892 1093 970 praesenti
1126 908 1217 968 prope

178 986 304 1040 castrum
327 979 445 1039 Comitis
465 979 602 1040 Losensis
625 980 693 1040 dum
716 982 745 1038 iu
767 979 935 1056 crepusculo
964 982 1057 1039 noetis
1084 981 1218 1039 transimt

178 1065 214 1126 de
235 1065 347 1126 villain
368 1065 476 1140 villam,
497 1067 569 1125 vidit
581 1069 610 1125 in
633 1084 734 1142 eampo
757 1069 850 1126 vicino
873 1067 1029 1126 maximum
1051 1073 1217 1125 tornamen-

178 1160 239 1213 tum
260 1159 453 1227 mortuorum,
474 1151 569 1214 valide
592 1151 789 1229 clamantium,
813 1155 927 1212 domine
949 1152 1078 1213 Waltere
1100 1151 1136 1212 da
1157 1151 1216 1212 Mi·

177 1239 258 1314 lene,
287 1239 400 1300 domine
428 1239 557 1300 Waltere
586 1239 622 1300 de
643 1240 761 1300 Milone:
808 1240 879 1301 Erat
907 1240 983 1299 idem
1012 1239 1160 1299 Walterus
1187 1241 1216 1297 in

178 1326 277 1386 militia
298 1328 469 1400 nominatus,
490 1343 638 1402 nuperque
647 1323 667 1407 ²)
691 1327 850 1392 defunctus.
893 1325 1061 1402 Intelligens
1083 1325 1216 1386 sacerdos

178 1412 242 1474 illos
264 1429 327 1485 esse
352 1413 401 1489 qui
422 1413 543 1472 militum
565 1413 706 1473 nundinas
728 1412 902 1474 execrabiles
925 1409 1218 1492 repraesentabants),

177 1501 345 1576 subsistens,
367 1499 503 1560 circulum
526 1503 601 1573 circa
623 1517 654 1560 se
675 1501 750 1561 iecit.
794 1501 925 1576 Cumque
939 1501 1011 1559 visio
1034 1505 1167 1574 cessaret,
1188 1506 1217 1560 et

178 1589 241 1664 ipsa
262 1585 445 1663 procederet,
467 1589 569 1646 iterum
592 1587 655 1646 illos
677 1588 794 1663 videns,
815 1588 882 1647 iecit
903 1592 936 1646 et
955 1589 1043 1663 prius,
1064 1589 1105 1647 sie
1126 1603 1217 1661 usqne

179 1673 218 1734 ad
239 1673 340 1734 lucem*
354 1673 497 1732 laborans.
540 1673 604 1734 Hae
628 1673 702 1734 duee
724 1677 848 1734 visiones
875 1673 944 1733 mihi
970 1673 1079 1734 relatae
1105 1679 1172 1732 sunt
1199 1689 1217 1732 a

177 1759 296 1837 Wigaro
325 1759 467 1820 monacho
494 1759 656 1820 Vilan'ensi.
704 1759 838 1821 Referam
864 1762 916 1822 tibi
945 1777 1021 1821 nune
1054 1759 1217 1837 exemplum

179 1846 216 1908 de
236 1863 331 1924 poena
352 1848 553 1908 usurariorum.

512 2002 745 2064 CAPITULUM
766 2002 884 2064 xviii.

178 2124 227 2184 De
246 2123 337 2185 milite
354 2117 473 2185 mortuo
488 2128 541 2202 qui
560 2133 645 2185 nocte
666 2103 812 2202 serpentes
827 2132 855 2185 et
876 2123 1000 2202 bufones
1014 2125 1078 2184 loco
1091 2125 1216 2201 poema

465 2220 535 2294 quic
553 2220 676 2289 portem
695 2213 750 2290 tilii
770 2213 928 2289 suspendii.

240 2330 326 2394 Miles
354 2332 471 2411 quidam
496 2335 620 2394 moriens
646 2334 729 2394 bonis
758 2333 794 2393 de
823 2351 911 2394 usura
933 2333 1099 2408 conquisitis
1126 2329 1217 2392 filium

176 2435 261 2479 suum
281 2417 460 2482 hereditavit.
502 2419 594 2482 Nocte
616 2420 741 2497 quadam
763 2419 801 2480 ad
823 2423 927 2480 ostium
947 2419 1056 2480 sortiter
1082 2417 1218 2496 pulsans,
1296 2461 1297 2484 2

177 2521 243 2565 cum
256 2521 328 2582 puer
349 2512 518 2582 occurreret,
540 2513 569 2566 et
591 2508 660 2582 quid
673 2509 712 2567 ibi
734 2507 861 2584 pulsaret
881 2509 1075 2582 interrogaret,
1095 2523 1219 2582 respon-

177 2590 233 2652 dit:
254 2589 445 2672 Intromittei)
470 2610 532 2668 me,
562 2611 616 2670 ego
646 2611 711 2653 sum
740 2594 871 2654 dominus
899 2593 984 2652 huius
1012 2593 1217 2670 possessionis,

175 2695 280 2740 nomen
301 2696 386 2738 suum
408 2681 577 2755 exprImens.
620 2680 697 2740 Puer
710 2698 762 2756 per
783 2681 910 2741 foramen
931 2681 1007 2756 sepis
1029 2680 1216 2755 prospiciens,

176 2781 299 2842 eumque
322 2782 507 2842 cogitoseens,
529 2767 690 2843 respondit:
720 2765 804 2828 Certe
828 2767 958 2826 dominus
980 2781 1062 2825 meus
1086 2771 1218 2826 manuus

177 2857 228 2927 est,
248 2868 307 2911 non
321 2868 373 2911 vos
386 2853 579 2912 intromittam.
609 2852 740 2930 Cumque
762 2859 891 2914 mortuus
913 2852 1054 2930 pulsando
1076 2869 1215 2928 perseve-

177 2943 253 2998 raret
272 2955 327 2998 nec
347 2938 513 3015 proficeret,
541 2942 695 3001 novissime
718 2941 804 3000 dixit:
831 2940 920 3000 Deier
940 2942 1034 3016 pisces
1055 2941 1127 2998 istos
1149 2941 1216 3014 qui-

178 3027 232 3085 bus
256 3041 313 3102 ego
339 3042 441 3097 vescor
469 3025 526 3086 filio
556 3037 637 3103 me03
666 3045 733 3088 ecee
762 3026 800 3086 ad
828 3033 941 3103 portam
968 3026 1032 3086 illos
1061 3025 1218 3102 suspendo.

171 3110 265 3172 Mane
287 3120 436 3188 exeuntes,
465 3121 630 3190 repererunt
651 3116 680 3174 in
703 3114 828 3189 quedam
848 3114 983 3191 ligamine
1005 3111 1218 3172 multitudinem

176 3199 314 3258 bufonum
337 3206 423 3274 atque
445 3197 646 3281 serpentum).
688 3201 802 3261 Revera
819 3204 873 3261 iste
896 3208 939 3260 est
960 3200 1041 3259 cibus
1062 3199 1219 3274 iniemalis,

177 3287 226 3361 qui
246 3287 312 3362 igne
333 3285 487 3362 seriphureo
510 3287 686 3363 decoquitur.
728 3286 931 3348 NOVICIUS:
956 3285 1033 3362 Quid
1061 3289 1150 3346 sentis
1180 3287 1218 3346 de

17 3417 18 3426 .
112 3406 116 3417 -
176 3372 220 3431 his
243 3373 292 3448 qui
313 3372 388 3432 male
408 3375 524 3449 vivunt,
553 3380 582 3433 et
603 3381 699 3437 tamon
727 3374 924 3451 eleemosynas
952 3372 1057 3432 multas
1084 3371 1219 3433 iaciunt?

174 3456 411 3520 MONAOHUS:
433 3459 510 3518 Nihil
532 3462 571 3520 eis
592 3461 709 3536 prodest
729 3460 767 3524 ad
790 3464 879 3521 vitam
901 3465 1056 3520 aeternam.

193 3577 223 3646 i)
242 3575 303 3630 BEP
320 3575 483 3643 Hispania.
510 3575 645 3640 Hesbania,
663 3578 717 3630 sive
735 3585 763 3630 ut
775 3577 870 3630 habeut
883 3575 931 3640 CF,
949 3575 1085 3642 Hasbania,
1103 3577 1153 3630 init
1165 3579 1220 3632 Cu-

242 3647 312 3698 mitla
328 3647 354 3697 in
371 3647 497 3697 territorio
510 3645 649 3698 leodiensi.
670 3677 700 3686 -
720 3647 752 3716 2]
770 3663 831 3716 qua
849 3653 890 3699 orn
908 3643 1001 3698 noui.
1021 3676 1054 3684 —
1071 3645 1103 3714 3)
1123 3647 1144 3698 Β
1162 3651 1220 3716 qni

242 3714 338 3766 militi
364 3743 394 3754 —
417 3715 686 3781 praesentabant.
711 3746 742 3756 -
762 3719 794 3785 4)
812 3717 855 3770 Bi)
881 3716 1111 3769 intromittite.
1132 3747 1164 3756 -
1186 3718 1220 3784 5)

242 3783 265 3838 Ε
282 3786 491 3851 serpentium.
