2664 4308
144 278 185 337 40
451 274 677 338 DISTINGTIO
700 273 875 336 SEPTIMA

142 399 232 476 Virgo
262 414 347 474 snper
376 397 465 458 altare
493 403 572 458 stans
600 397 650 456 illi·
668 399 815 474 apparuit,
848 402 877 456 et
906 410 1010 471 panem
1032 394 1185 470 pmvulum

141 487 208 545 nive
224 483 416 544 candidiorem
437 491 648 559 manutenens,
671 492 703 544 ut
717 502 749 544 os
763 486 886 560 aperiret
898 484 1055 559 praecepit.
1090 481 1185 558 Quem

143 589 209 632 eum
237 573 278 630 ori
307 574 367 632 eius
389 573 566 649 immisisset,
595 577 706 630 tantam
728 589 764 630 ex
786 588 820 630 eo
839 567 855 651 ¹)
877 571 966 629 sensit
988 567 1184 642 dulcedinem,

142 666 175 718 nt
185 675 270 720 omne
283 657 340 718 mel
355 663 385 718 et
397 658 495 718 favum
517 665 674 734 superaret
706 657 852 718 Juvenem
872 656 949 720 hunc
972 655 1103 714 dominus
1119 655 1186 716 Da-

143 745 201 806 niel
220 744 323 805 Abbas
345 745 506 806 Soonaviae
518 741 538 825 ²)
561 745 635 805 bene
657 747 746 819 novit,
768 746 818 820 qui
839 743 908 804 mihi
930 749 959 802 et
980 744 1073 818 ipsam
1093 743 1185 802 risio·

142 849 209 892 nem
235 833 373 918 recitavit.
418 832 469 892 Vis
498 849 575 892 nunc
604 835 692 906 scire,
725 833 792 906 qnia
812 831 936 890 nominis
958 830 1019 890 eius
1040 831 1186 890 invocatio

143 922 231 980 etiam
251 921 422 979 tentationes
437 917 623 994 compescat?
666 917 870 978 NOVICIUS:
891 913 957 980 Hoc
980 918 1052 974 scire
1066 932 1187 976 necesse

144 1012 197 1080 est,
218 1007 284 1082 quia
306 1007 478 1066 tentationes
499 1018 553 1065 nos
570 1006 731 1080 frequenter
753 1005 916 1064 molestant.
949 1001 1187 1062 MONACHUS:

143 1093 248 1154 Dicam
273 1093 324 1152 tibi
354 1092 432 1168 quod
461 1091 559 1152 audin
586 1092 624 1152 ab
645 1091 763 1152 Abbate
790 1099 905 1165 nosue,
934 1095 963 1149 et
990 1092 1051 1165 ipse
1073 1106 1105 1150 se
1124 1088 1185 1149 hoc

144 1178 276 1240 didicisse
298 1182 393 1240 veraci
415 1178 554 1239 relatione
576 1185 705 1238 testatur.

462 1369 695 1430 CAPITULUM
719 1369 857 1428 XXXII.

144 1493 192 1552 De
213 1493 303 1551 milite
326 1497 451 1566 propter
472 1491 584 1550 domini
604 1495 652 1550 sui
672 1487 799 1550 moran
821 1496 947 1562 tentato,
971 1495 1059 1565 quem
1080 1497 1187 1548 sancto

414 1577 517 1638 Murio
534 1596 591 1654 per
606 1579 747 1638 ¹oscrclum
769 1577 913 1636 liberavit.

210 1698 298 1759 Miles
317 1697 433 1775 quidam
454 1705 548 1759 aetate
563 1698 739 1774 adolescens,
761 1717 827 1758 cum
848 1697 975 1774 quodam
991 1697 1080 1758 milite
1095 1696 1185 1757 divite

145 1785 259 1848 domino
274 1802 327 1846 suo
349 1803 367 1844 a
389 1803 446 1863 quo
461 1786 647 1846 beneficiatus
662 1793 731 1861 erat,
752 1785 911 1846 habitabat.
942 1785 981 1844 Et
1001 1783 1069 1844 licet
1090 1790 1187 1847 aetate

144 1873 266 1948 floreret,
287 1873 409 1948 amplius
430 1879 525 1933 tamma
548 1871 670 1932 florebat
695 1875 800 1934 virtute
822 1868 1030 1950 virginitatis³).
1072 1871 1187 1932 Invidia

145 1954 281 2037 operante
303 1959 424 2035 diaboli,
449 1960 487 2020 ab
508 1977 597 2020 uxore
619 1959 727 2020 domini
747 1962 792 2018 sui
812 1961 981 2036 gravissime
1003 1961 1098 2034 coepit
1119 1964 1206 2018 ten--

144 2049 207 2108 tari.
251 2047 308 2123 Qui
330 2064 395 2106 cum
416 2064 595 2123 perannum
618 2047 719 2108 eadem
736 2048 911 2107 incessanter
923 2047 1079 2104 tentatione
1100 2044 1188 2104 labo·

145 2140 236 2209 raret,
264 2136 379 2210 iamque
401 2136 427 2193 ei
447 2133 631 2194 intolerabilis
653 2140 742 2208 esset,
766 2133 900 2193 submota
921 2131 1109 2206 verecundia,
1130 2130 1187 2190 do-

145 2222 240 2281 minae
262 2238 332 2280 suae
354 2220 423 2297 qnid
444 2227 588 2296 pateretur
610 2223 729 2297 apernit
772 2219 801 2278 A
823 2237 881 2296 qua
902 2219 1047 2294 repulsam
1067 2235 1188 2294 passus,

145 2307 267 2384 amplius
288 2306 476 2384 affligebatur.
520 2308 608 2367 Casta
629 2310 704 2368 enim
727 2312 789 2370 erat
809 2312 947 2380 matrona,
969 2312 998 2364 et
1018 2307 1080 2366 viro
1088 2300 1110 2384 ⁴)
1132 2321 1188 2364 sno

146 2393 246 2454 fidelis.
289 2394 415 2454 Veniens
444 2393 482 2453 ad
510 2393 654 2470 quendam
682 2393 864 2468 heremitam,
894 2392 929 2453 de
958 2395 1039 2452 cidus
1068 2391 1188 2451 consilio

145 2487 223 2540 totus
251 2479 412 2556 pendebat,
440 2483 604 2557 passionem
633 2497 715 2540 suam
743 2481 783 2538 iili
808 2497 873 2540 oum
894 2478 1018 2538 lacrimis
1039 2478 1189 2539 consessus

85 2565 87 2569 ’
146 2573 198 2628 est
242 2566 296 2634 cui
323 2569 367 2626 vir
395 2574 511 2627 smrctus
541 2566 710 2626 fiducialiter
737 2567 896 2642 respondit:
928 2561 988 2645 0⁵)
1018 2565 1088 2624 nihil
1108 2564 1188 2625 aliud

145 2660 232 2714 nocet
253 2653 326 2714 tibi?
369 2654 432 2731 Ego
460 2655 512 2712 tibi
534 2654 609 2713 dabo
632 2653 780 2714 consilium
792 2648 828 2733 ⁶),
857 2659 890 2712 ut
912 2653 1083 2712 desiderium
1104 2659 1188 2711 tunm
1277 2714 1281 2722 ,

146 2747 348 2817 consequatur.
365 2741 505 2802 ellectum.
548 2742 605 2801 Per
634 2758 740 2800 annum
768 2743 854 2798 istum
885 2740 1003 2816 singulis
1025 2738 1125 2799 diebus
1162 2741 1188 2797 ei

145 2827 207 2886 fieri
237 2834 334 2904 potest
372 2830 401 2886 in
429 2828 551 2887 ecclesia
578 2828 735 2886 Dominam
771 2833 898 2886 nostram
927 2827 984 2885 Dei
1013 2825 1188 2886 Genitricem

145 2915 292 2991 Virginem
306 2912 326 2995 ¹)
353 2914 476 2974 Mariam
498 2917 604 2974 centies
627 2932 693 2973 eum
715 2913 833 2973 totidem
855 2915 945 2973 veniis
966 2913 1096 2990 angelico
1118 2929 1188 2971 ver-

146 3001 236 3062 siculo
265 3000 419 3076 salutabis,
451 3007 481 3059 et
506 3000 645 3084 quiequid
672 3000 811 3075 volueris,
842 3001 993 3077 perillam
1013 3000 1189 3077 impetrabis.

146 3087 263 3148 Sciebat
289 3089 365 3146 anun
393 3087 472 3164 quod
503 3091 641 3148 eastitatis
668 3089 789 3148 amauix
816 3089 951 3147 invenem
980 3094 1092 3146 casmm
1120 3084 1190 3146 licet

146 3176 175 3234 in
197 3185 290 3235 encre
311 3176 450 3250 positum,
478 3191 536 3233 non
565 3175 716 3235 desereret.
759 3173 889 3250 Cumque
909 3176 1020 3234 iuvenis
1041 3175 1071 3232 in
1097 3172 1190 3232 multa

147 3261 327 3338 simplicitate
341 3261 483 3320 Dominae
504 3269 618 3322 nostrae
635 3263 793 3322 iniunctum
812 3262 981 3338 obsequium
1002 3260 1190 3336 impenderet,

147 3347 193 3408 die
216 3346 341 3425 quadam
363 3347 466 3407 sedens
487 3351 516 3406 in
537 3366 639 3408 mensa
660 3348 831 3408 dominisui
852 3347 1018 3408 recordatus
1040 3353 1097 3420 est,
1119 3348 1191 3421 qaia

148 3434 208 3496 dies
238 3433 339 3494 eadem
367 3436 503 3495 terminus
532 3441 608 3496 esset
635 3437 712 3494 anni.
753 3432 791 3494 Et
820 3437 915 3494 satim
941 3451 1060 3512 surgens
1081 3450 1190 3508 equum

166 3635 196 3704 t]
215 3633 235 3688 G
253 3635 282 3686 in
300 3650 345 3688 eo.
366 3665 394 3675 —
415 3636 447 3706 2)
466 3636 605 3700 Soonavia,
622 3636 784 3701 Schonau,
808 3635 908 3688 abbatia
927 3635 1053 3688 [dioecesis
1070 3634 1189 3686 worma-

216 3706 323 3770 ciensis,
345 3705 537 3774 prope-urbem
559 3706 719 3778 Heidelberg.
750 3707 823 3760 conl.
840 3706 865 3770 l,
883 3707 926 3760 40.
950 3721 976 3773 p.
994 3706 1036 3757 50.
1061 3733 1091 3744 -
1117 3704 1149 3772 3)
1167 3703 1190 3757 Β

130 3825 137 3832 .
216 3777 393 3828 castitatis.
428 3776 502 3830 coni.
519 3775 572 3840 Vll,
591 3777 631 3829 ld.
651 3772 1189 3846 54.—-4)Gmarito.-5)Gosi.

217 3873 250 3886 ν-
269 3846 301 3916 6)
319 3845 339 3900 0
357 3845 471 3900 bonum
490 3847 675 3900 consilium.
695 3877 725 3886 -
745 3848 777 3915 7]
794 3847 958 3916 Virginem
979 3844 1027 3898 add
1046 3844 1087 3896 B„
