2594 4302
451 235 507 300 DE
530 235 758 301 mucuns
1060 237 1123 300 235

81 363 180 423 motus
195 355 214 440 ¹)
234 357 372 435 periooe,
392 355 570 437 pestilentius
589 367 620 420 et
639 361 754 436 lumem,
775 366 955 436 terroresque
976 357 1014 422 de
1034 359 1125 436 nomo,

83 452 114 508 ot
136 448 219 524 signu
239 443 388 526 mugire2).
426 446 513 508 Lioot
532 446 606 510 hoen
627 450 725 508 omnis
745 453 813 510 anto
835 446 911 508 diem
942 446 1039 508 iudieii
1059 447 1124 523 ple-

80 533 149 594 nius
178 535 236 592 sint
261 531 426 610 implendo,
458 551 495 594 ex
525 540 607 610 parto
635 541 736 594 tomen
766 551 802 596 se
833 533 957 594 vidimus
988 533 1125 610 implete,
1258 561 1260 570 ·

80 619 245 682 seeundum
285 619 364 699 quod
401 621 533 682 subiecta
569 619 757 682 declarabunt
795 619 935 697 exemplu.
991 620 1125 682 Vidimus

80 708 162 768 enim
182 709 266 784 signe
285 707 433 768 stellarum
449 713 481 768 st
498 724 648 783 pressurus
668 709 812 784 gentium3
833 706 995 768 audivimus
1015 709 1125 768 sonitus

79 795 173 854 maris
193 801 223 854 et
243 791 428 874 fluctuum³);
457 793 620 854 audivimus
641 797 727 854 etiam
750 792 828 870 quod
855 792 929 852 filius
951 792 1073 854 hominis
1094 795 1126 854 in

79 880 214 940 uultibus¹
229 881 310 942 visus
330 883 376 956 sit,
399 887 579 957 terroresque
600 880 637 941 de
658 879 749 956 ooelo,
770 886 800 940 ei
820 881 903 957 signa
922 897 1036 956 magne.
1054 908 1058 916 ·
1078 879 1126 940 De

71 969 165 1044 -igne,
187 966 397 1046 ¹elomentoquo
418 970 557 1044 superiori
577 967 615 1028 od
637 967 716 1043 quod
731 967 837 1032 ‚nullm
856 968 1010 1044 pertinent,
1032 967 1125 1044 primo

81 1054 150 1115 looo
170 1053 324 1116 disemum
345 1061 404 1132 est;
424 1061 528 1136 posteo
549 1055 587 1116 de
607 1056 709 1116 ooteris
728 1071 782 1132 per
802 1052 939 1114 ordinem.
1085 1073 1087 1076 ·

398 1243 633 1306 CAPITULUM
658 1241 814 1327 XXHU)
845 1317 848 1328 ,

324 1369 375 1428 De
396 1368 536 1438 divoione
556 1369 625 1428 sotir
644 1370 678 1428 in
700 1375 758 1430 tres
773 1375 887 1445 paries.

149 1487 237 1551 Anno
250 1487 369 1550 Domini
389 1488 539 1552 millesimo
561 1488 757 1550 ducentesimo
779 1496 870 1566 sexto,
890 1489 1023 1567 Philippo
1045 1489 1144 1568 Rogo

57 1571 60 1577 ’
86 1575 250 1638 celebrante
264 1579 372 1638 curiam
387 1576 554 1638 sollemnem
576 1593 642 1636 oum
655 1577 840 1653 principibus,
861 1580 974 1655 signum
988 1580 1126 1654 mugnum

83 1656 219 1741 eppiruit
238 1665 270 1722 in
291 1662 360 1725 sole.
402 1664 438 1724 In
459 1670 517 1724 tres
539 1663 680 1739 siqnidem
700 1671 798 1740 partes
820 1663 930 1724 divism
951 1669 1011 1740 est,
1031 1666 1074 1723 itu
1094 1670 1128 1724 ut

82 1750 236 1812 intervallo
257 1757 354 1811 essent
374 1753 448 1812 inter
468 1756 581 1827 portem
609 1755 639 1810 et
658 1757 784 1828 partem,
812 1751 851 1810 od
870 1754 960 1811 instar
980 1751 1040 1828 lylii
1067 1757 1126 1812 tres

84 1837 172 1898 liores
193 1837 336 1897 habentis.
380 1837 467 1915 Quod
486 1838 539 1898 ubi
559 1838 652 1898 notari
673 1840 776 1913 coepit,
803 1838 887 1897 multi
907 1844 1126 1914 concurrerunt,

83 1941 174 2001 super
209 1930 289 1984 tunto
313 1925 463 1986 miraculo.
486 1923 674 2001 disputantes.
725 1923 910 1985 Hermunnus
927 1973 929 1980 .
944 1941 1014 1986 vero
1033 1924 1127 1986 Laut.-

84 2012 205 2089 gruvius
224 2013 441 2088 ,interpretetus
469 2017 528 2087 ost,
562 2010 640 2088 quod
668 2028 744 2071 unus
765 2011 801 2072 do
821 2013 996 2090 principibus
1016 2013 1126 2088 imperii

86 2095 191 2159 eodem
211 2115 286 2159 anuo
316 2101 470 2158 moriturus
503 2104 593 2174 esset3
615 2115 670 2158 neo
698 2103 761 2158 oret
779 2097 885 2160 idonea
905 2101 966 2161 eius
986 2101 1126 2176 interpre—

84 2186 166 2263 tatio
207 2186 279 2246 Posi
299 2185 420 2246 munitum
441 2185 543 2246 horem
565 2180 741 2264 conierunt⁴)
765 2191 878 2264 paries,
900 2191 930 2246 ot
949 2185 1127 2262 redintegre-

84 2267 175 2354 tum¹)
197 2279 241 2333 est
262 2289 366 2350 eorpus
387 2271 489 2333 solare.
524 2270 629 2332 Alebus
649 2271 775 2334 Kerolm
797 2272 973 2348 vienensis,
993 2289 1047 2334 noo
1067 2289 1127 2334 non

84 2364 117 2420 ot
141 2358 301 2420 monachus
330 2361 392 2420 eius
412 2359 549 2436 ngems
575 2358 671 2419 eidem
698 2361 794 2420 eurise
821 2360 1022 2436 inieriuommt3
1051 2377 1126 2435 quos

84 2445 162 2507 dioto
189 2453 257 2508 sunt
283 2446 430 2522 viderunt,
446 2493 449 2498 Α
465 2447 550 2508 nobis
579 2446 687 2520 eodem
709 2452 838 2522 tompore
868 2449 931 2506 vise
962 2447 1126 2508 referentes

81 2534 176 2594 Facta
196 2540 242 2595 est
260 2531 335 2594 heeo
356 2535 429 2595 visio
450 2535 534 2594 tertio
551 2533 701 2593 Kalendas
722 2533 880 2594 Februarii.
920 2532 1125 2594 NOVIOEUS:

84 2619 162 2696 Quid
183 2620 236 2680 tibi
249 2620 410 2697 significare
430 2621 544 2688 videtur
556 2623 697 2698 tripartite
717 2620 791 2681 heco
812 2620 880 2684 solis
894 2619 1016 2681 divisio?
1046 2618 1126 2681 MO-

82 2705 257 2768 NACHUS:
279 2707 361 2768 Dous
382 2713 490 2767 elutum
510 2710 622 2784 imperii
637 2708 813 2784 principibus
827 2710 1006 2785 oongregetis
1026 2715 1125 2768 osteu-

85 2793 153 2855 dore
173 2792 274 2854 voluit.
314 2792 367 2854 Sol
396 2794 592 2872 videtur—hoo
618 2794 684 2855 looo
714 2794 863 2872 designare
884 2795 1048 2858 Romanum
1067 2796 1125 2855 im·

83 2882 204 2956 perium
246 2874 356 2959 sicuti)
379 2879 423 2942 sol
443 2880 641 2958 magnitudine
663 2887 693 2942 ot
716 2880 869 2958 splendore
887 2881 1035 2958 praecellit
1058 2884 1125 2946 uui.-

83 2984 169 3028 vsrse
182 2964 287 3044 sydera
308 2965 389 3042 noeti,
410 2969 451 3029 sio
472 2967 548 3029 idem
569 2969 721 3046 imperium
742 2971 892 3046 augustius
913 2968 1004 3046 fulget
1024 2971 1125 3031 ceteris

82 3055 179 3132 regnis
210 3053 320 3114 mundi.
368 3051 458 3130 Apud
489 3053 654 3116 Romanum
685 3057 835 3132 imperium
867 3055 1055 3133 quandoque
1072 3057 1126 3118 snt

81 3139 267 3215 monastiria,
297 3145 332 3200 ut
358 3141 436 3200 siout
454 3139 555 3204 senas
575 3141 673 3203 lumsn
694 3141 802 3204 hubent
823 3161 842 3203 a
860 3143 939 3218 solo,
966 3145 1008 3206 ite
1028 3143 1125 3221 Reges

81 3235 115 3289 nt
139 3243 263 3305 ¹repuruo
289 3232 423 3303 possent,
451 3225 592 3288 haberent
611 3229 650 3288 eb
676 3227 861 3305 Imperatore.
909 3230 1028 3308 Triplex
1055 3230 1125 3292 solis

81 3316 184 3377 divisio
206 3312 378 3390 designabat
397 3312 659 3390 sohumaimpen'i,
679 3317 709 3375 in
729 3322 787 3377 tres
807 3319 950 3394 principes
962 3317 1053 3394 divisi,
1074 3320 1124 3394 qui

80 3419 183 3465 omnes
210 3417 316 3463 nomeu
343 3400 469 3463 Romani
493 3401 584 3478 Regu
610 3403 665 3462 sibi
692 3403 879 3479 usurpabunt.
927 3404 1042 3466 Primus
1070 3405 1125 3467 tuit

79 3489 261 3565 Freden'ous,
283 3491 332 3570 qui
352 3487 449 3553 edhuo
469 3493 552 3569 patre
573 3490 690 3552 vivente
708 3489 801 3552 tuerot
820 3492 850 3553 iu
871 3490 983 3572 Regem
1003 3509 1022 3554 e
1042 3494 1124 3572 priu-

99 3676 131 3748 1)
147 3674 171 3729 B
189 3682 430 3729 terraemotum.
442 3673 518 3743 *2)
535 3674 592 3726 luo.
611 3673 655 3739 21,
672 3674 830 3729 io-ii.-
843 3676 877 3746 d)
893 3675 916 3730 Β
933 3675 983 3730 edd
1001 3685 1122 3730 terrue-

149 3759 213 3872 ῧιο
230 3754 354 3798 motum.
374 3771 405 3790 κ-
424 3743 457 3811 ’)
474 3743 564 3798 llomii.
583 3743 625 3796 ΙΙΙ.
639 3759 668 3828 p.
689 3744 747 3798 ito.
766 3771 797 3786 —-
816 3746 849 3813 i)
866 3746 938 3803 AEP
956 3748 1122 3830 coierunt,

174 3813 1121 3890 uoonvousrnns.-5)Bcsstennemonn.-opuroosurm.
