2628 4310
451 226 511 286 'nu
535 190 818 288 nonmnunnus
1007 173 1012 182 ⁸
1091 225 1153 284 eos
1280 175 1293 188 “

114 349 171 410 ait:
194 346 252 426 Qui
274 345 345 407 dixit
365 345 476 407 Mariae
497 345 698 426 Magdalenae‚
729 348 850 415 dimica
870 352 941 406 snat
963 344 1015 405 tibi
1033 353 1156 420 peccato

115 442 179 508 tuo,
200 437 262 512 ipse
283 433 399 516 vincula
420 440 471 494 tua
492 433 605 510 dirupit
647 434 752 510 Sisque
776 432 924 494 consolata
943 438 996 492 est
1038 429 1155 504 NOVI-

114 520 220 582 CIUS:
243 519 274 582 Si
296 537 354 597 qno
375 520 470 582 adhuc
491 521 606 582 residua
628 527 695 580 suut
716 520 752 580 de
773 525 865 580 morte
886 521 1035 595 iustorum,
1057 524 1090 578 nt
1102 534 1155 577 ex-

112 608 256 686 plicentur
277 625 373 668 exoro.
415 606 648 668 MONAGHUS:
679 605 831 683 Quaedam
858 607 911 666 tibi
935 605 1031 665 adhuc
1053 605 1088 664 de
1109 597 1193 693 hisJ

112 695 244 771 referam,
264 695 293 754 in
316 695 419 772 qur‘bus
442 694 596 757 consoleris
618 693 704 754 simul
725 700 754 754 et
774 694 913 754 terrearis.

459 883 695 946 onemunnnr
715 883 822 944 xxx.

279 1007 328 1067 ne
348 1013 444 1071 maa
466 1004 634 1066 conanae
654 1005 779 1065 asnaa
802 964 989 1078 oasam.

177 1125 255 1188 Anto
276 1127 333 1189 hoc
361 1128 578 1204 quadriennium
601 1125 787 1188 Gerbrundus
807 1125 911 1186 Abbes
934 1124 1133 1200 Glaricsmpi
1125 1143 1154 1183 ιιι

109 1211 223 1291 Frisiis,
250 1231 317 1276 oum
338 1213 464 1277 Abbuto
482 1221 581 1274 nostro
603 1213 640 1274 dc
672 1212 805 1290 Ospitulo
826 1213 939 1274 rediens
960 1209 1105 1289 generali,
1124 1213 1154 1270 in

111 1301 162 1362 via
182 1300 319 1362 infirmari
341 1303 449 1378 coepit,
477 1303 518 1360 ita
546 1307 580 1361 ut
601 1318 667 1360 cnm
699 1303 824 1360 maximo
846 1297 945 1360 labore
966 1294 1154 1377 Foniacum¹)

109 1389 283 1466 perveniret
340 1387 443 1464 Ibique
471 1387 547 1448 diem
576 1387 680 1449 clausit
707 1394 874 1462 extremum.
928 1385 963 1444 In
990 1387 1055 1460 ipsa
1083 1383 1156 1444 hora

110 1475 211 1534 mortis
234 1476 305 1549 cius,
326 1473 550 1535 sanctimonialis
572 1453 715 1553 quaedam
737 1472 773 1534 de
794 1473 874 1552 Syon
896 1489 971 1549 quae
987 1471 1089 1530 domus
1111 1478 1155 1530 cst

112 1559 221 1622 ordinis
241 1563 332 1621 nostri
360 1563 504 1638 pertinens
532 1561 570 1620 ad
593 1560 859 1638 Clarumcampum,
890 1561 967 1621 iacta
993 1561 1023 1618 in
1051 1559 1155 1618 mentis

112 1658 234 1707 excessu
242 1643 273 1728 ¹),
295 1647 368 1707 vidit
389 1649 514 1734 enimam
528 1649 589 1707 eius
604 1648 641 1709 ab
654 1647 762 1724 engeis
783 1649 813 1706 in
825 1647 937 1707 coelum
949 1643 1060 1720 deferri.
1091 1645 1154 1703 Ειι-

110 1735 215 1810 pressit
236 1735 324 1793 etiam
346 1733 464 1794 domum
487 1739 516 1794 et
541 1733 637 1793 locum
668 1734 831 1810 sepulturae
853 1737 928 1809 eius,
956 1749 1010 1792 nec
1038 1747 1097 1791 non
1126 1737 1155 1792 et

111 1818 253 1880 habitum·
266 1823 296 1878 in
317 1837 375 1896 quo
397 1821 526 1897 sepultus
556 1826 607 1880 cst.
656 1819 738 1880 Vidit
765 1822 882 1896 insuper
908 1821 1065 1879 successori
1092 1820 1154 1878 eius

110 1905 231 1967 Widoni
253 1906 326 1967 duos
347 1907 410 1967 'dari
430 1906 569 1983 baculos,
591 1906 699 1966 scilicet
719 1909 815 1984 virgas
836 1905 1014 1982 pastorales,
1036 1922 1072 1965 ex
1088 1907 1154 1981 qui—
1260 1925 1262 1932 ·

109 1991 168 2054 bus
188 1995 310 2069 primam
332 1994 445 2069 obiecit,
467 1991 596 2053 alteram
608 1995 731 2052 retinuit.
773 1993 856 2052 Idem
876 1991 965 2053 Wido
986 1991 1068 2052 Prior
1087 1992 1153 2052 fue·
1264 2057 1265 2063 χ
1304 2033 1306 2036 -

110 2081 185 2140 rat
176 2097 207 2138 ιιι
230 2079 434 2158 Olarocampo,
457 2078 493 2139 de
515 2096 572 2156 quo
595 2087 760 2156 assumptus
782 2082 854 2139 est
845 2099 875 2138 ιιι
892 2076 994 2138 Abbat
981 2085 1040 2138 tem
1061 2080 1154 2138 sancti

109 2157 260 2226 Bernardi
303 2165 417 2226 Deinde
438 2172 506 2242 post
525 2166 614 2226 breve
636 2172 749 2244 tempus
770 2171 883 2226 mortuo
906 2165 1053 2242 praedicto
1076 2164 1153 2226 Ger·

108 2250 231 2328 brando,
253 2255 302 2329 qni
324 2255 368 2312 vir
388 2253 481 2313 fueret
493 2251 684 2330 grandaevus,
704 2256 796 2313 iustus
812 2252 1055 2328 etdisciplinatus,
1075 2250 1153 2312 idem

109 2338 199 2400 Wido
222 2337 341 2399 Abbotc
363 2357 428 2400 meo
450 2343 610 2416 praesente,
631 2355 685 2400 neo
707 2357 764 2400 non
787 2346 816 2400 et
837 2357 892 2416 me,
913 2340 1006 2400 factus
1028 2345 1072 2400 cst
1085 2331 1152 2398 Ab·

107 2425 163 2486 ba‘s
186 2424 367 2503 Claricampi.
409 2425 516 2504 Sicquc
537 2426 695 2487 secundum
709 2427 787 2504 quod
809 2427 845 2486 de
866 2426 914 2486 iiio
936 2433 1151 2503 praeostensum

107 2513 170 2590 init,
190 2515 314 2589 primum
336 2513 472 2575 baculum
493 2514 607 2590 abiecit,
628 2513 750 2575 alterum
771 2513 866 2575 adhuc
888 2515 1022 2574 retinens

442 2682 677 2766 cremonen
697 2705 818 2766 xxxi

327 2827 376 2886 De
396 2835 492 2887 morte
518 2827 676 2887 Udclloidtc
696 2827 938 2887 amwdmouialts.
1034 2898 1036 2903 s

173 2943 208 3004 In
227 2945 330 3006 Monte
352 2952 470 3007 sanctae
490 2945 658 3024 Walburgis
679 2946 902 3007 sanctimonialis
926 2946 1069 3023 quaedam
1096 2947 1149 3005 fuit
1226 2991 1229 2998 .

110 3029 236 3092 Udellclt
257 3035 389 3108 nominc,
424 3033 530 3094 semina
558 3035 635 3092 bona
657 3039 686 3094 et
714 3036 784 3094 satis
808 3035 921 3093 fervens
948 3035 977 3092 in
1005 3033 1150 3110 religione.

107 3117 191 3180 Haec
204 3137 270 3180 oum
282 3121 340 3179 iam
361 3121 533 3196 agonizaret,
555 3123 629 3180 sicut
649 3119 780 3180 andivia
800 3121 945 3180 sororibus
967 3137 1050 3197 quae,
1062 3137 1150 3197 prse-

108 3212 205 3266 sentes
235 3212 331 3281 crant,
359 3224 478 3266 manum
505 3206 632 3266 extendit
660 3213 759 3267 contre
788 3210 892 3266 ostium
921 3207 1036 3267 dicens:
1071 3207 1149 3268 Ecce

107 3295 230 3353 nuncius
258 3292 315 3353 Dei
343 3292 412 3352 ioris
441 3299 709 3369 circumspectans
737 3295 863 3355 enimam
890 3311 994 3354 meam.
1043 3293 1148 3370 Sitque

106 3385 174 3484 post
195 3379 340 3439 modicum
361 3376 483 3439 reddidit
504 3381 661 3466 spiritum,
671 3380 708 3440 ab
731 3379 833 3440 eodem
854 3381 958 3457 angelo
981 3379 1150 3440 deducenda

107 3467 138 3526 in
165 3465 339 3543 paradisum.
388 3465 454 3526 Hoc
482 3470 568 3526 etiarn
594 3468 669 3528 scias
691 3466 770 3543 quod
790 3484 877 3545 scapo
898 3485 918 3528 a
936 3469 1062 3573 mortuis
1089 3468 1148 3527 vivi

107 3558 257 3614 vocantur.
299 3553 390 3612 Verbi
412 3549 538 3635 cannah)
657 3603 661 3611 .

125 3790 158 3861 1)
174 3788 217 3845 CF
235 3787 420 3844 Fundanum.
441 3819 475 3832 -
492 3790 525 3860 2)
542 3789 565 3845 i
582 3805 759 3845 excessum.
778 3819 810 3832 -
829 3791 862 3862 ³)
878 3790 943 3846 BEF
961 3789 1078 3861 gratis.
