2664 4308
165 324 206 384 26
470 317 700 382 DISTINGTIO
722 319 899 383 SEPTIMA

163 443 340 504 nunnoni.
382 439 584 503 nouorum
616 441 739 502 Videtur
765 442 835 501 mm
856 445 958 502 susa
978 440 1052 503 naec
1072 441 1155 520 virgo
1176 443 1208 502 n

164 533 273 591 visione
294 530 352 590 hac
374 536 474 589 sancto
489 529 584 590 Jacob
607 529 793 589 Patriarchae
814 529 955 605 aequalis,
976 527 1063 606 quem
1084 529 1208 589 similem
1325 537 1326 542 ’

164 619 303 677 visionem
330 619 360 674 in
381 617 484 676 Bethel
513 619 653 692 scriptura
680 617 787 676 vidisse
814 622 1027 676 commemorat
1070 614 1208 677 Monu—
1325 615 1326 678 ζ

164 701 419 764 GHUSrJudioio
441 704 582 777 humano,
610 704 723 763 videtur
743 703 817 762 haec
838 705 910 761 visio
931 703 982 762 illa
1003 705 1147 779 superior,
1168 720 1207 764 co

164 789 242 867 quod
263 789 400 850 illatacta
412 793 449 849 sit
469 793 498 848 in
520 792 636 865 somnis,
657 792 712 850 ista
733 789 878 866 vigilando
900 792 930 848 iu
952 806 1072 850 excessu
1092 792 1208 849 mentis.
1325 781 1326 832 l

163 878 302 953 Sequenti
324 877 455 952 Cepitulo
485 893 550 936 cum
580 877 671 936 relata
701 877 802 936 fuisset
828 876 902 936 haec
930 879 1004 936 visio
1025 875 1207 952 Abbatibus,

165 965 325 1024 exultantes
356 967 386 1021 in
419 964 528 1039 Spiritu
557 969 656 1023 sancto
674 959 690 1042 ¹)
721 964 854 1039 aiebant:
886 963 964 1023 Vere
997 963 1134 1023 caedue
1163 971 1208 1023 cet

163 1053 243 1110 lectu
265 1054 326 1125 iate,
358 1068 420 1109 nou
442 1057 484 1110 eet
504 1052 550 1110 bic
572 1050 657 1108 mind
676 1053 733 1108 atet
756 1051 861 1109 domus
882 1051 942 1108 Det
964 1057 992 1108 ct
1011 1057 1103 1126 porta
1124 1051 1211 1132 coeli.¹

166 1171 204 1182 -
228 1135 295 1196 Alio
324 1144 451 1213 tempore
474 1155 540 1196 cum
560 1139 590 1194 in
613 1137 658 1195 die
679 1136 889 1197 Purificationis
910 1136 1053 1196 Dominae
1074 1143 1206 1210 nostrae,

163 1225 271 1286 clericis
292 1225 411 1300 aliisque
437 1226 571 1282 ministris
596 1225 692 1282 divino
714 1231 786 1282 nutu
808 1224 984 1298 absentibus,
1006 1223 1068 1283 sola
1088 1226 1205 1298 iaceret,

161 1315 235 1372 intra
263 1329 295 1370 se
327 1313 414 1370 tristis
444 1310 571 1369 dicebat:
604 1310 697 1369 Modo
726 1311 774 1369 hic
802 1310 864 1369 sola
892 1313 985 1386 iaces,
1012 1327 1067 1370 neo
1095 1310 1205 1386 aliquid

162 1400 292 1474 obsequii
305 1414 383 1457 more
397 1397 545 1456 Ecclesiae
563 1397 730 1456 universalis
752 1397 838 1456 hodie
860 1398 964 1456 beatae
985 1397 1043 1456 Dei
1066 1396 1205 1456 Geninici

161 1485 310 1561 impendis.
352 1484 432 1542 Dum
445 1483 516 1543 talia
532 1486 561 1541 in
583 1491 678 1542 mente
700 1484 837 1559 volveret,
859 1486 973 1559 spiritus
995 1486 1056 1544 cius
1078 1485 1203 1543 mirabili

161 1572 219 1631 Dei
250 1574 355 1631 virtute
388 1571 424 1630 de
457 1588 576 1646 corpore
605 1571 741 1643 eductus,
781 1571 818 1629 ab
850 1571 952 1646 angelo
985 1573 1015 1628 in
1048 1571 1204 1630 coelestem

161 1658 324 1719 Jerusalem
347 1665 390 1716 est
412 1657 561 1717 deductus.
603 1658 639 1715 In
661 1655 746 1736 qua²)
769 1660 924 1716 maximam
945 1657 1017 1716 vidit
1037 1661 1203 1732 processio-

161 1763 236 1820 nem,
259 1763 294 1806 ex
309 1743 427 1804 diversis
443 1745 571 1804 eiusdem
584 1745 686 1804 beatae
701 1744 830 1803 civitatis
852 1743 1006 1819 ordinibus,
1027 1743 1203 1804 Patriarchis

160 1832 303 1907 videlieet,
324 1831 484 1908 Prophetis,
499 1830 656 1906 Apostolis,
676 1831 863 1908 Martyribns,
886 1829 1111 1906 Ooutessoribus,
1132 1831 1204 1891 Vir-

160 1920 283 1997 ginibus,
306 1922 465 1994 ceterisque
497 1917 638 1977 fidelibus.
680 1917 726 1976 Ex
762 1918 866 1994 quibus
893 1918 952 1976 bini
981 1934 1016 1976 ac
1038 1918 1098 1976 bini
1117 1917 1204 1977 simul

161 2005 345 2079 incedebant,
369 1999 397 2064 et
419 2005 552 2066 candelas
574 2005 706 2065 ardentes
728 2007 758 2062 in
778 2006 911 2063 manibus
932 2005 1093 2082 gestabant.
1136 2002 1203 2064 An·

161 2093 295 2169 tiphonas
310 2095 371 2151 sive
387 2095 575 2168 responsoria,
597 2092 636 2150 ad
658 2089 733 2150 diem
754 2093 932 2167 pertinentia,
952 2108 1033 2150 more
1054 2088 1203 2152 Ecclesiae

161 2180 315 2254 militantis,
337 2196 436 2238 omnes
453 2179 653 2253 decantabant,
676 2180 813 2236 stationes
835 2178 946 2238 debitas
968 2175 1203 2258 observabantr).

160 2266 291 2344 Angelus
319 2283 388 2325 vero
420 2269 536 2342 virginis
566 2265 679 2340 ductor,
712 2264 796 2324 elteri
825 2265 939 2324 cuidam
966 2267 1082 2341 virgini,
1114 2282 1204 2340 quam

48 2401 51 2408 ,
160 2360 281 2414 noverat
303 2369 366 2412 esse
389 2353 540 2412 consimilis
562 2354 667 2424 meriti,
687 2351 765 2410 illam
787 2354 915 2427 sociavit,
938 2351 1087 2412 candelam
1107 2353 1202 2428 porri-

161 2457 232 2518 gens
255 2439 411 2499 ardentem.
455 2441 565 2500 Tantus
587 2445 647 2498 erat
669 2438 755 2497 decor
776 2441 918 2513 omnium,
945 2444 1026 2498 tanta
1046 2438 1150 2515 gloria,
1171 2441 1203 2497 in

162 2527 268 2603 dispari
289 2533 385 2586 temen
408 2527 534 2586 claritate
557 2525 745 2602 singulorum,
772 2532 805 2583 ut
825 2525 905 2584 nulla
925 2524 1024 2602 lingua
1043 2526 1097 2585 fari
1117 2525 1202 2584 suffi-

161 2619 247 2674 ceret.
310 2613 445 2673 Salvator
472 2630 556 2673 vero¹
580 2615 630 2687 qui
663 2618 749 2688 eaput
788 2618 833 2671 est
864 2614 991 2671 omnium
1023 2617 1203 2687 sanctorum,

161 2698 295 2777 splendor
310 2700 418 2776 gloriae
440 2707 469 2760 et
490 2699 534 2760 sol
555 2701 688 2773 iustitiae,
709 2697 824 2757 indutus
846 2699 1066 2780 pontificalibus,
1086 2700 1203 2758 mitram

159 2794 277 2866 gestans
305 2789 334 2846 iu
369 2790 461 2863 eapite
490 2802 552 2862 suo,
583 2803 649 2845 cum
671 2785 788 2860 baculo,
810 2785 970 2862 cyrothecis
999 2792 1028 2846 et
1056 2785 1143 2846 anulo
1173 2792 1203 2845 et

160 2875 274 2950 reliquis
310 2873 519 2950 episcopalibus
556 2875 744 2947 emamantis,
782 2875 980 2932 novissimum,
1008 2871 1104 2932 locum
1135 2889 1202 2932 cum

150 2952 251 3022 'matre
280 2963 405 3020 tenebat.
456 2960 543 3018 Cuius
582 2959 822 3034 pulchritudinem
859 2961 953 3019 omnis
989 2959 1036 3018 ille
1068 2958 1201 3020 coelestis

160 3051 301 3109 exercitus
315 3048 480 3106 mirabatur.
524 3045 580 3122 Qui
593 3063 660 3106 cum
673 3052 740 3122 post
757 3049 870 3105 tertiam
891 3049 1044 3106 stationem
1063 3047 1201 3105 inchoas-

160 3143 205 3196 set
225 3134 423 3210 antiphonam:
445 3133 544 3192 Hodie
566 3132 653 3192 beuta
672 3134 763 3208 Virpo
786 3133 889 3192 Morio
904 3152 1036 3208 puerum
1057 3129 1200 3213 Jeeum⁴),

161 3230 190 3281 et
212 3228 321 3296 cetera,
350 3223 469 3297 ingressi
496 3227 563 3279 suut
591 3219 730 3296 templum
759 3236 795 3278 ex
823 3236 893 3279 auro
921 3221 1100 3296 gemmisque
1129 3237 1201 3279 con·

160 3315 308 3370 struetum.
351 3307 464 3367 Deinde
478 3309 608 3383 inceptus
623 3311 666 3365 est
678 3309 782 3366 missae
796 3308 935 3382 introitus,
958 3312 986 3365 et
1007 3307 1044 3365 ab
1068 3308 1200 3366 omnibus

160 3395 245 3456 simul
267 3395 445 3454 decantatus.
487 3394 605 3453 Interim
628 3393 740 3452 Christo
761 3396 922 3454 introeunte
943 3393 981 3452 ad
993 3393 1095 3472 altare,
1116 3399 1200 3470 post-

162 3500 250 3559 quam
280 3481 424 3558 expletum
433 3479 453 3562 ⁵)
484 3487 528 3540 est
547 3480 740 3558 Kyrielcyson
769 3498 787 3539 a
809 3482 916 3540 choris
931 3480 1107 3562 alternatim,
1134 3486 1200 3568 post

161 3569 311 3629 Gloriam
333 3568 468 3643 excelsis,
495 3567 573 3644 quod
594 3569 656 3643 ipse
677 3567 837 3643 inchoavit,
859 3568 962 3627 beatus
982 3567 1199 3644 Prothomartyr

180 3756 210 3824 1)
227 3764 342 3807 sancto
366 3771 407 3807 orn
434 3754 485 3806 BD.
513 3784 545 3794 -
571 3751 642 3821 2)ss
666 3768 736 3822 quo.
755 3783 787 3796 -
806 3753 838 3822 3)
856 3753 1017 3806 stationes
1039 3782 1071 3792 -
1093 3753 1198 3806 obser·

230 3825 350 3878 vehant
373 3841 414 3876 orn
437 3825 487 3877 Ol).
507 3855 538 3864 -
557 3825 590 3892 4)
614 3825 786 3894 praesentavit
807 3824 955 3892 intemplo.
974 3853 1005 3864 -
1024 3823 1095 3892 5]B
1116 3837 1198 3878 com-

230 3895 362 3964 pletum,
379 3894 399 3948 C
417 3895 593 3963 impletum.
1208 3895 1212 3903 “
