2538 4314
166 281 228 342 120
479 277 708 342 DISTING'HO
733 278 883 340 TERTIA

162 402 319 464 Meministi
339 401 395 462 boo
411 397 428 481 ¹)
449 419 577 478 unquam
599 392 773 479 contigisse?
816 399 1056 462 MONACHUS:
1078 400 1116 462 Et
1138 416 1205 462 me-

163 491 232 550 mini
254 495 284 548 et
303 488 369 566 legi,
391 494 420 548 et
440 495 473 548 ut
491 489 615 550 feminae
639 496 741 549 cautae
763 487 926 564 reddantur,
948 506 1024 565 quae
1044 489 1117 548 torte
1128 489 1215 550 haee

163 594 238 654 quae
261 577 388 637 dicturus
410 593 474 636 sum
495 576 593 654 legent
618 576 666 636 vel
692 577 823 652 audient,
852 577 966 636 diversa
995 593 1070 652 quae
1097 578 1209 636 nostris

43 713 48 720 .
163 665 343 741 contigerunt
363 663 540 739 temporibus
562 663 694 739 exempla
714 663 868 738 replicabo.
913 663 994 740 Quae
1015 669 1048 722 nt
1064 661 1209 724 maiorem
1267 663 1268 670 ’

162 750 291 811 habeant
310 751 482 825 firmitatem,
502 753 581 826 prius
603 767 701 825 unum,
723 751 801 826 quod
821 753 851 810 in
862 749 1009 831 Miraculis
1022 752 1114 811 sancti
1126 745 1208 812 Ber-

112 855 118 874 ·
162 837 244 927 nardi
264 838 367 915 legitur
378 833 409 917 ²),
429 838 555 898 breviter
576 839 765 914 praemittam
1267 841 1268 844 ’

418 1045 423 1056 ·
521 1027 756 1090 CAPITULUM
778 1028 847 1089 VH.
955 1095 956 1098 ,

212 1167 399 1246 Exceptum·
412 1168 448 1227 dc
467 1169 619 1226 miracolis
640 1172 736 1227 sancti
757 1168 910 1228 Berncrdt
931 1168 1071 1241 Abbato'a,
1100 1173 1154 1244 qut

347 1254 488 1314 samson
511 1255 684 1314 daemonnm
707 1274 727 1314 c
748 1257 870 1363 muliere
890 1255 1019 1332 soponit
1267 1263 1268 1290 ³

226 1391 331 1452 Mulier
352 1365 497 1468 §uaedam
517 1395 547 1452 in
568 1388 854 1472 regioneMannetn)
877 1410 896 1452 a
917 1392 1043 1468 quddam
1054 1392 1214 1468 petulante
1267 1387 1268 1470 ἶ

163 1477 302 1540 daemone
323 1498 374 1540 sex
396 1481 493 1556 arms,
514 1480 613 1539 habito
637 1481 697 1539 eius
719 1497 877 1555 consensu,
906 1477 1064 1540 incredibili
1084 1478 1214 1542 libidine

161 1574 267 1626 vexata
289 1573 340 1626 est
382 1565 566 1642 Apparuerat
587 1569 613 1626 ei
634 1570 664 1625 in
686 1570 781 1642 specie
803 1563 921 1647 valde²)
950 1566 1062 1642 pulchri
1090 1565 1213 1644 militis,
1267 1565 1268 1586 ¹

71 1705 74 1708 .
163 1660 192 1712 et
213 1671 301 1729 saepe
333 1654 506 1713 abutebatur
535 1672 569 1713 ea
596 1655 789 1730 invisibiliter,
821 1656 923 1713 marito
953 1657 1013 1713 eius
1041 1656 1072 1712 in
1099 1652 1215 1714 eodem

161 1739 236 1800 lecto
259 1740 397 1815 cubante,
424 1740 548 1801 lascivus
575 1741 622 1800 ille
651 1743 774 1817 spiritus.
819 1741 899 1816 Quae
922 1757 997 1799 anno
1020 1741 1143 1816 septimo
1168 1744 1214 1800 ti-

162 1844 242 1887 more
264 1827 395 1902 eorrepta
417 1835 460 1886 est
469 1825 498 1908 ⁵).
541 1828 682 1888 Veniente
703 1831 732 1886 in
754 1828 931 1904 praedictam
945 1825 1213 1904 civitatemsanoto
1267 1821 1268 1874 ἒ

161 1913 308 1974 Bemardo
332 1913 516 1985 claraevallis
537 1913 701 1995 Abbate⁶),
723 1917 827 1974 misera
848 1914 949 1974 mulier
970 1914 1009 1974 ad
1029 1913 1118 1990 pedes
1142 1917 1213 1976 eius
1267 1919 1268 1992 l

162 2003 276 2078 counit,
297 2003 461 2078 passionem
482 2002 645 2062 horribilem
668 2009 696 2060 et
716 2001 940 2061 ludificationem
954 2000 1126 2061 diabolicam
1137 2019 1214 2062 cum
1267 2011 1268 2072 l

51 2145 53 2149 ,
162 2089 258 2148 multis
279 2088 403 2148 lacrimis
426 2089 565 2163 consessa,
587 2091 713 2148 succurri
734 2089 788 2146 sibi
808 2089 956 2165 flagitavit.
1000 2087 1108 2164 Aque
1130 2105 1213 2149 con-
1267 2099 1268 2170 ζ

163 2175 264 2251 solata,
287 2175 405 2251 etquid
427 2176 520 2235 facere
543 2175 660 2235 deberet
682 2175 799 2252 edocta,
820 2182 886 2251 post
908 2175 1116 2235 confessionem
1139 2178 1216 2238 dia·
1267 2181 1268 2260 ζ

162 2263 246 2322 bolus
268 2263 306 2322 ad
326 2261 405 2320 illam
426 2261 563 2322 accedere
584 2281 642 2321 non
663 2265 775 2338 potuit,
797 2262 849 2321 sed
869 2269 966 2322 tamen
981 2259 1000 2342 τ)
1022 2263 1120 2322 verbis
1141 2270 1212 2324 ter·
1267 2291 1268 2314 ι

162 2351 227 2423 ruit,
249 2355 278 2407 et
299 2351 366 2424 qnia
387 2357 453 2424 post
475 2349 598 2408 Abbatis
622 2349 777 2408 discessum
799 2348 838 2408 ad
860 2351 920 2408 eius
942 2348 1081 2425 supplicia
1101 2365 1214 2410 rever·
1267 2351 1268 2430 3

162 2441 277 2509 teretur,
299 2438 435 2494 acerrime
457 2437 634 2511 minabatur3
656 2438 697 2494 ita
719 2443 751 2494 ut
773 2438 822 2511 qui
843 2436 935 2495 fuerat
956 2443 1074 2510 amator,
1096 2437 1215 2499 crude-

163 2522 287 2582 lissimus
307 2522 388 2581 fieret
408 2528 580 2598 persecutor.
622 2523 705 2582 Haec
728 2537 794 2582 cum
815 2531 914 2582 sancto
936 2523 1109 2596 indicasset,
1132 2541 1215 2598 pro·
1267 2517 1268 2582 i

162 2611 242 2672 xima
263 2609 308 2668 die
329 2609 490 2684 Dominica,
513 2628 579 2670 cnm
601 2610 714 2669 duobus
735 2609 895 2686 Episcopis,
917 2611 1044 2670 accensis
1066 2609 1217 2690 candelis,

164 2713 231 2756 oum
252 2699 379 2757 omnium
391 2696 526 2756 ¹fidelium
548 2699 597 2772 qui
619 2703 700 2756 erant
717 2699 747 2755 in
758 2695 878 2756 ecclesia
889 2698 1106 2774 subscriptione,
1129 2715 1216 2761 ana·
1267 2735 1268 2770 ;

163 2783 361 2843 thematizavit
380 2782 579 2844 fornicatorem
601 2787 743 2860 spiritum,
765 2787 934 2844 auctoritate
957 2784 1059 2843 Christi
1080 2789 1143 2843 tam
1171 2789 1268 2848 ad

163 2869 241 2929 illam
263 2869 408 2946 quemad
431 2888 530 2929 omnes
544 2868 565 2952 ⁸)
588 2871 720 2930 mulieres
754 2873 779 2930 ei
802 2871 936 2947 deinceps
957 2871 1129 2930 interdicens
1153 2891 1218 2936 ae·
1267 2919 1268 2966 3

165 2973 286 3018 cessum.
329 2957 484 3017 Exstinctis
505 2975 574 3017 vero
595 2957 1120 3033 illissacramentalibusluminaribus,
1141 2967 1219 3024 tota

163 3046 254 3116 virtus
277 3043 424 3103 daemonis
447 3047 587 3104 exstincta
608 3051 662 3118 est,
686 3051 714 3103 et
735 3045 837 3103 mulier
858 3051 924 3119 post
945 3044 1108 3122 generalem
1131 3063 1268 3114 con-1

164 3130 316 3190 sessionem
344 3138 529 3206 peccatorum
557 3149 674 3193 suornm
707 3133 935 3206 communicans,
970 3133 1053 3209 plene
1081 3131 1268 3199 liberata

165 3224 216 3278 est.
259 3217 341 3276 Haec
361 3221 464 3277 nostris
486 3220 663 3294 temporibus
677 3221 864 3295 contigerunt
907 3216 1109 3278 NOVIans.
1133 3221 1219 3284 Stu-

164 3291 260 3380 penda
288 3310 355 3363 sunt
382 3307 445 3364 ista
488 3303 724 3365 MONAOHUS:
757 3304 836 3364 Audi
864 3305 960 3365 adhuc
986 3306 1042 3366 alia
1071 3311 1222 3388 exempla

164 3391 210 3450 his
222 3388 243 3471 ι)
265 3407 339 3468 pene
362 3391 511 3466 simillima,
533 3392 624 3451 multo
646 3398 743 3458 tamen
760 3396 926 3453 recentiora.

183 3577 402 3646 possea-
414 3578 763 3646 ιιιιιἩιιιιιιιιιι.
776 3580 963 3648 pff-ssnsq
978 3579 1222 3647 malumne.
1267 3557 1268 3636 ἶ

234 3649 274 3710 ti,
300 3647 486 3700 lillanneti
531 3649 650 3715 lntelligit
673 3658 761 3701 auctor
776 3596 873 3700 purbem
898 3649 1055 3718 quaehodie
1083 3649 1221 3710 Nautes
1267 3693 1268 3698 =

234 3715 385 3768 dicitur.—-
412 3717 557 3785 ovasse
584 3718 633 3770 add
658 3719 781 3771 ABR-
811 3720 912 3785 5]est
938 3718 1086 3771 adda-
1113 3722 1148 3789 6)
1171 3727 1221 3780 BD

235 3786 361 3838 Abbnte
385 3787 613 3841 Claraevallis.
633 3819 665 3828 -
685 3789 933 3856 noctuarum,
956 3789 1268 3850 mortonensis

236 3859 503 3909 camierruitn—
474 3858 886 3926 -8)llonrnesalias.-
857 3859 1126 3928 -9jlortelruim
