2664 4308
154 249 215 308 388
474 245 701 308 Diaumcmo
729 246 865 308 suxis

153 371 282 445 cipitsns,
304 367 426 428 flammis
448 374 569 444 excepta
584 370 714 446 spiritum
731 369 884 430 exhalarit
925 367 961 428 In
981 370 1045 445 ipra
1064 369 1137 432 bora
1157 369 1188 429 hi

153 458 201 532 qui
223 457 297 515 circa
318 456 435 515 domurn
455 455 581 530 inerant,
609 455 793 532 contemplati
815 463 882 517 sunt
903 455 1065 518 columbam
1087 455 1188 516 candi-

153 541 298 602 dissimam
320 541 356 601 de
378 555 427 602 cre
447 542 570 602 fornacis
596 545 687 616 exire,
716 549 744 602 ct
766 561 832 604 cum
852 544 944 604 multa
964 543 1093 604 claritate
1115 542 1187 604 coeli

152 635 261 690 secreta
282 635 439 704 penetrare.
482 628 641 704 stupefacti
661 636 759 690 autem
780 629 950 706 derisione,
972 631 1095 691 effractis
1115 630 1188 694 fori·

153 718 208 778 bus
229 711 349 792 iugfesei
370 722 444 790 sunt,
465 722 494 774 ct
514 717 649 776 feminam
663 720 829 776 semiustam
843 724 930 793 atque
944 720 1111 776 emunctam
1133 733 1186 776 ex-

151 803 309 876 trahentes,
338 802 375 862 ad
405 803 526 862 verbum
552 802 690 878 praedicti
717 803 888 878 sacerdotis,
916 810 1053 879 tanquam
1080 805 1187 880 proprii

151 891 276 965 corporis
290 889 514 964 interfectricem,
535 891 564 948 in
587 905 688 964 campo
710 889 890 965 sepelienmt.
933 890 973 951 Ut
992 897 1090 950 autem
1103 890 1188 950 Deus
1265 917 1279 933 -

151 975 312 1036 ostenderet
332 982 452 1036 mortem
474 982 534 1035 tam
556 977 718 1052 simpliciter
737 977 855 1052 illatam,
876 993 934 1036 non
954 977 1041 1036 fuisse
1063 994 1099 1036 cx
1119 993 1187 1036 ma-

149 1063 217 1138 litia,
238 1062 290 1122 scd
312 1080 347 1121 ex
369 1063 538 1137 obedientia,
559 1064 690 1123 uocdbus
713 1063 838 1122 candelis
860 1063 1038 1138 ardentibus,
1060 1063 1186 1124 videnti·

150 1148 310 1210 husmultis
327 1147 360 1229 ¹),
382 1149 524 1208 tumulum
547 1152 607 1208 eius
627 1150 787 1209 illustravit.
828 1149 1031 1211 NOVIOIUS:
1052 1150 1117 1209 Non
1138 1168 1187 1212 mc

149 1236 324 1297 scandalizat
345 1236 399 1295 hoc
420 1236 536 1310 iactum,
559 1239 626 1311 quia
646 1237 750 1314 legitur
770 1239 800 1296 in
814 1237 1020 1313 Vitaspatrum,
1041 1237 1186 1312 quendam

149 1323 297 1383 Abbatem
307 1322 534 1383 cuidamvoIenti
547 1326 682 1398 converti,
702 1331 736 1384 ut
745 1324 890 1384 lomacem
900 1323 1047 1385 ardentem
1054 1321 1076 1404 ²)
1093 1326 1187 1384 intra·

149 1421 200 1484 ret,
221 1412 400 1486 praecepisse
410 1406 440 1490 ³).
484 1408 619 1469 Obcdlvit
639 1410 694 1486 ille,
716 1417 745 1470 ct
766 1417 929 1486 reputatum
941 1412 1023 1472 cstei
1043 1410 1081 1470 ad
1101 1413 1188 1472 iusti-

149 1499 228 1557 tiam.
270 1496 336 1556 Hoc
365 1494 551 1556 etiam'scire
580 1495 719 1572 delectat,
751 1497 820 1573 quid
850 1497 984 1558 columba
1012 1497 1048 1557 de
1068 1497 1187 1558 fornace

150 1580 298 1663 egrmsat)
320 1583 467 1660 significat
510 1581 747 1644 MONAGHUS:
780 1581 916 1643 Animam
944 1585 1079 1660 airnplicis
1100 1584 1187 1644 iami-

148 1687 212 1731 nec.
255 1670 331 1730 Nam
358 1673 387 1728 in
416 1672 510 1746 specie
540 1670 667 1730 eiusdem
695 1669 825 1731 aviculae
854 1679 970 1732 sanctus
996 1671 1187 1746 Benedictus,

149 1759 223 1818 deut
243 1758 272 1816 in
295 1759 354 1818 eins
376 1757 446 1817 Vita
467 1757 569 1834 legitm
581 1755 611 1838 ⁵),
632 1759 759 1818 animam
780 1761 885 1818 sororis
906 1775 976 1819 suaa
989 1758 1188 1820 scholasticae

148 1844 220 1904 vidit
241 1845 337 1906 coelos
357 1851 515 1921 penetrare.

467 2033 701 2096 cAPITULUM
721 2034 873 2096 XXXVI

335 2157 383 2216 Dc
411 2162 506 2216 morte
526 2156 675 2216 Lodewici
696 2157 832 2232 siomlicis
853 2156 997 2217 monachi.

213 2279 355 2346 Columba
375 2279 448 2338 haec
470 2277 508 2338 ad
521 2285 653 2356 ‚mentem
673 2279 743 2338 mibi
764 2285 881 2339 revocat
895 2277 1069 2338 monachum
1090 2295 1188 2354 quen-

149 2366 215 2426 dam
237 2366 413 2442 simplicem,
440 2365 625 2426 Lodewicum
646 2368 777 2441 nominc,
805 2368 940 2441 quiante
961 2365 1017 2425 hoc
1038 2366 1188 2426 biennium

146 2448 225 2529 apud
247 2470 300 2513 nos
322 2451 472 2512 defunctus
495 2458 546 2512 est.
589 2451 646 2512 Hic
669 2470 735 2511 cum
755 2459 882 2529 tempore
903 2452 1059 2512 meridiano
1080 2457 1188 2528 agoni-

148 2545 234 2615 zaret,
257 2544 285 2600 ct
307 2546 464 2600 conventus
482 2537 624 2614 dormiret,
646 2540 803 2599 monachus
823 2539 939 2615 quidum
959 2541 988 2597 in
1010 2541 1116 2600 somnis
1137 2535 1187 2597 in-

147 2627 229 2687 terim
258 2626 329 2686 vidit
358 2626 522 2685 columbam
555 2625 705 2685 candidam
735 2628 763 2686 in
792 2632 868 2686 tecto
898 2624 1032 2700 cellulae,
1064 2625 1093 2683 in
1125 2639 1188 2700 qua

148 2714 271 2772 moriens
298 2713 426 2788 iacebat,
454 2711 634 2772 residentem.
679 2711 731 2772 Oui
761 2719 853 2772 cattus
880 2715 961 2790 niger
981 2709 1187 2790 insidiabatur3

147 2807 177 2860 ct
199 2816 265 2859 cum
279 2806 364 2860 esset
385 2800 411 2858 ei
431 2802 515 2859 nimis
536 2801 723 2876 importunus,
745 2800 879 2859 columba
900 2797 937 2859 ab
960 2816 994 2860 co
1009 2797 1188 2875 apprehendi

146 2886 258 2962 timens,
280 2885 317 2946 ad
331 2886 481 2946 ecclesiam
494 2886 641 2947 volitando
662 2887 784 2964 fugiens,
806 2904 892 2962 super
914 2903 1027 2946 crucem
1047 2884 1187 2962 aseendit,

146 2973 188 3033 ibi
208 2973 334 3034 residens
356 2991 466 3032 secura.
508 2972 620 3033 Eadem
640 2971 712 3034 bore
730 2967 857 3053 visum⁶)
880 2969 960 3032 alteri
983 2965 1096 3033 cuidam
1116 2987 1186 3032 mo-

146 3059 240 3120 nacho
263 3061 324 3136 fuit,
347 3059 424 3136 quod
445 3057 578 3120 iratribus
601 3057 774 3120 circulariter
795 3060 861 3118 hinc
882 3058 948 3119 inde
965 3061 1115 3132 stantibus,
1136 3057 1187 3120 leo

146 3149 284 3208 circuiens
313 3146 466 3207 stationem
495 3145 615 3208 eandem
644 3145 800 3222 irrumpere
821 3149 900 3206 nisus
922 3141 990 3226 siti)
1013 3149 1042 3205 ct
1061 3147 1186 3224 intrarc;

146 3233 198 3295 scd
219 3252 238 3295 a
259 3233 377 3312 singulis
398 3231 619 3310 prohibebatur,
648 3240 677 3294 et
707 3231 833 3293 calcibus
855 3250 954 3293 eorum
974 3227 1113 3308 impulsus
1133 3227 1187 3291 fu-

146 3322 279 3400 gabatur.
300 3320 563 3397 Interimpcrcussu
577 3321 685 3395 tabula,
706 3327 863 3382 conventus
880 3321 999 3380 accurrit
1006 3317 1037 3398 ⁸),
1057 3319 1187 3379 morien-

145 3415 205 3468 tem
227 3411 426 3484 circumstetit,
455 3408 588 3485 dictaque
609 3407 729 3484 letania,
758 3405 893 3468 sacerdos
915 3405 1079 3481 defunctus,
1105 3403 1187 3467 lours

164 3611 195 3680 1)
212 3605 254 3664 ΒΟ
271 3610 380 3663 multis
398 3609 597 3664 videntibus.
621 3639 653 3650 ·-
677 3609 892 3678 aperientem
916 3607 965 3661 add
983 3607 1031 3660 ΒΟ.
1056 3636 1086 3647 -
1111 3601 1144 3674 3)
1162 3607 1188 3662 C

214 3679 344 3750 quidam
362 3678 472 3732 Abbus
490 3709 523 3720 ·—
541 3682 767 3749 praecepisse,
784 3679 805 3732 Β
823 3678 909 3748 quod
927 3677 1056 3748 quidum
1072 3676 1186 3731 subn·

216 3775 248 3794 -υ
267 3752 448 3819 praecepit.
467 3779 500 3790 -
517 3751 550 3820 4)
569 3765 705 3819 egram
723 3749 771 3802 ndd
789 3748 838 3802 lic.
858 3777 889 3792 -
908 3749 940 3815 5)
953 3749 1055 3817 Gregor.
1070 3745 1132 3799 [liei
1150 3746 1188 3814 11,

215 3821 258 3876 34.
278 3850 309 3862 ·-
328 3821 360 3891 6)
378 3821 420 3875 Bc
436 3822 540 3875 uisum
557 3829 615 3874 cst.
635 3847 666 3862 ·-
687 3821 718 3890 7)
735 3819 756 3874 Β
773 3828 832 3874 cst.
857 3847 888 3860 -·
906 3819 939 3889 8)
958 3818 978 3872 ll
997 3817 1146 3870 occurrit.
