2538 4314
396 273 458 334 nn
485 236 785 334 comemmorans
1035 274 1094 332 ros

69 394 98 454 ad
113 394 245 454 thesauros
267 393 419 456 Richardi
441 396 536 472 Regis
555 393 693 472 Angliae,
713 395 770 456 late
791 393 950 469 hiantium,
973 410 1095 469 quorum

68 481 160 540 condio
179 480 314 542 Ottoncm
337 483 506 557 Saxonem,
527 481 617 542 tilium
637 485 743 542 sororis
764 484 834 556 eius,
856 483 886 539 in
908 481 1018 558 Regem
1032 480 1095 540 Ro-

67 586 188 628 manorum
209 568 305 646 elegit
352 570 405 628 Ex
427 576 501 630 tunc
522 568 644 629 crudelis
665 569 714 628 illa
733 570 848 645 bestia,
869 561 977 628 scilicet
997 569 1094 629 avari-

67 657 102 729 ta
118 655 185 715 tacta
205 664 249 714 est
269 655 382 731 homo,
407 656 440 715 id
460 663 529 731 est,
559 653 721 716 hominibus
742 659 782 714 ita
804 655 948 714 sociabilis
970 661 1000 716 ct
1019 672 1094 738 cara,

65 749 89 800 ut
105 746 156 802 eius
175 743 236 807 zelo
259 743 455 804 Christianae
478 750 634 818 potestates
662 761 682 802 a
708 744 815 802 iustitia
844 748 873 802 et
901 739 958 815 lide
984 743 1056 802 moti
1068 739 1094 822 ¹),

65 829 215 906 negligerent
244 833 436 904 iuramenta,
470 832 593 905 periuria
624 829 872 905 parvipendentes.
914 828 1022 888 Missus
1051 835 1095 888 est

64 916 144 976 codem
162 924 292 993 tempore
317 913 521 996 Cardinalis2)
545 915 701 990 Coloniam,
724 920 772 991 qui
790 915 904 975 Ottonis
926 915 1093 975 electionem

64 1003 233 1079 confirmaret,
263 1005 485 1080 Principcsque
514 1021 532 1064 a
560 1005 717 1062 imamento
747 1002 825 1078 quod
846 1001 1015 1077 Frederico,
1045 1005 1094 1078 qui

63 1107 120 1149 nunc
138 1100 252 1168 regnat,
274 1093 431 1165 fecerant,
454 1090 632 1165 absolveret;
655 1089 732 1165 quod
754 1092 863 1166 magis,
884 1095 917 1148 ut
938 1093 980 1148 rci
1001 1091 1093 1148 cxitus

63 1179 181 1253 probarit,
201 1179 326 1256 Imperii
349 1179 407 1238 fuit
430 1177 540 1252 divisio,
562 1194 650 1252 quam
663 1175 849 1237 confirmatio.
892 1175 940 1235 Ab
954 1176 1004 1235 illo
1019 1182 1093 1234 tem-

62 1279 114 1342 pore
132 1269 296 1340 provinciae
308 1263 456 1326 incendiis
468 1270 625 1337 vastantem,
646 1270 675 1322 et
686 1260 706 1343 ⁸)
719 1263 857 1324 ccclesiae
870 1261 1093 1338 depraedantem

62 1355 157 1428 sanguis
178 1353 290 1412 multus
313 1347 492 1430 funutmt),
512 1350 664 1426 Adolphns
687 1349 850 1428 deponitur,
873 1349 992 1412 Colonia
1014 1351 1093 1410 obsi-

61 1436 134 1498 detur.
174 1440 259 1500 Tunc
281 1439 411 1516 impleta
433 1444 479 1496 est
500 1443 626 1496 extrema
646 1455 712 1513 pars
733 1439 817 1496 huius
839 1439 971 1496 visionis:
996 1435 1092 1496 OCo·

61 1523 136 1600 lonia,
157 1526 278 1604 deplora
302 1525 490 1586 calamitates
511 1531 586 1598 tuas,
607 1531 636 1582 et
658 1531 760 1584 cetera.
794 1524 838 1594 ,Ιιι
860 1526 999 1600 principio
1020 1524 1092 1599 lipi-

61 1620 175 1687 scopatus
201 1615 342 1674 eiusdem
364 1611 508 1687 Adelphi,
536 1628 603 1671 cum
623 1613 845 1685 praecessissent
874 1613 940 1672 anni
969 1628 1092 1688 magnac

62 1698 243 1775 almdantiae,
266 1707 331 1760 tres
354 1700 472 1758 tircnmt
489 1700 559 1768 ,anni
579 1703 674 1757 tantae
696 1697 860 1772 sterilitatis,
881 1703 913 1756 ut
926 1697 985 1778 ins)
1000 1701 1092 1774 primo

62 1801 121 1844 anto
140 1789 254 1848 modius
277 1787 406 1864 siliginis
428 1784 598 1846 venderetur
619 1787 844 1862 marcaargenti.
873 1783 997 1861 Reliqua
1006 1785 1092 1844 huius

63 1873 157 1932 visionis
177 1877 264 1936 nimis
288 1878 362 1934 sunt
384 1871 517 1946 obscura,
537 1888 591 1930 nec
611 1878 711 1948 patent
731 1888 796 1931 meo
818 1871 981 1931 intellectui.
1020 1869 1116 1946 NO·,

62 1957 187 2020 VICIUS:
210 1962 367 2038 Tempore
390 1958 535 2017 divisionis
556 1958 679 2018 Romani
700 1957 816 2034 Imperii
835 1957 979 2020 ,dominns
1001 1958 1091 2017 Inno-

62 2049 152 2106 centius
172 2049 259 2125 Papa
281 2067 303 2108 a
325 2045 428 2106 multis
448 2045 643 2120 indicabatur,
663 2048 704 2105 ita
724 2051 757 2104 ut
779 2062 845 2105 eum
868 2045 994 2104 dicerent
1015 2046 1093 2104 eius·

64 2129 114 2191 dem
132 2133 297 2194 schismatis
322 2140 481 2206 auctorem,
505 2135 596 2207 prium
617 2139 728 2208 partem
751 2130 864 2194 Ottonis
885 2134 968 2192 nimis
990 2132 1092 2190 foven-

62 2215 102 2291 do,
120 2229 218 2294 postea
252 2219 388 2282 eundem
415 2219 536 2294 amplius
548 2215 569 2298 ⁶)
599 2219 804 2295 persequendo.
854 2217 1090 2278 MONACHUS:

64 2301 164 2381 Propter
179 2308 239 2368 hoc
254 2326 329 2368 eum
342 2306 421 2364 idem
431 2305 533 2364 beatae
543 2308 697 2366 memoriae
709 2306 894 2380 Innocentius
910 2305 954 2365 die
966 2305 1091 2382 quadam

63 2407 203 2454 sermonem
212 2396 336 2456 Romae
346 2391 572 2462 aedificatorium
580 2392 686 2462 iaceret
699 2395 729 2451 in
739 2392 856 2468 populo,
869 2392 891 2451 J
892 2393 1019 2454 ohannes
1031 2392 1089 2452 Oa-

63 2481 147 2554 ootius,
160 2484 209 2557 qni
220 2481 330 2542 Ottoni
342 2478 467 2553 favebat,
484 2483 544 2540 eius
558 2495 719 2541 sermonem
732 2481 890 2554 interrupit,
913 2479 1025 2540 dicens:
1049 2479 1089 2540 Os

64 2570 128 2624 num
148 2585 179 2628 os
195 2569 256 2630 Dei
282 2573 337 2640 est,
360 2566 414 2626 sed
434 2583 521 2642 opera
542 2573 600 2641 tua,
622 2584 709 2643 opera
730 2572 796 2626 sunt
818 2566 932 2626 diaboli.
973 2567 1090 2627 NOVI-

65 2649 149 2714 ClUS:
169 2655 243 2715 Peto
270 2661 305 2713 ut
327 2669 406 2712 nunc
427 2656 574 2714 revertaris
595 2653 634 2712 ad
655 2655 861 2729 conditionem,
883 2671 901 2712 a
923 2672 981 2729 qua
1002 2671 1089 2714 occa-

65 2737 128 2798 sione
147 2742 334 2817 quorundam
356 2739 508 2822 verborum
529 2743 599 2800 salis
611 2740 831 2816 digressumest
852 2739 1089 2802 MONACHUS:

66 2821 142 2886 Tanta
161 2836 205 2888 est
226 2832 325 2890 virtue
348 2829 528 2902 contritionis,
550 2834 582 2886 ut
603 2828 713 2886 nullum
734 2830 761 2886 ei
783 2828 897 2887 obstare
918 2831 1011 2904 possit
1019 2845 1090 2904 pec·

67 2917 156 2988 uum,
176 2933 234 2976 non
256 2914 403 2992 periuria,
422 2926 479 2974 non
500 2914 661 2990 homicidia,
682 2931 741 2974 non
761 2912 882 2995 furtel),
910 2932 964 2976 nec
985 2933 1090 2974 usurae
1184 2987 1188 2993 Δ
1258 2885 1259 2908 ¹

67 2998 170 3068 quidem.

390 3191 621 3253 CAPITULUM
640 3194 762 3252 XXXI.

72 3307 105 3367 Do
123 3321 307 3375 mulcatione
328 3321 497 3388 saccinam
520 3317 694 3391 ascelmum
727 3334 794 3374 cum
823 3315 1013 3375 dcetnorcibcs
1030 3335 1090 3392 pcc

283 3403 387 3458 aalma
408 3403 562 3462 cuiusdam
583 3405 717 3462 usurarii
738 3404 865 3461 contriti.

122 3519 224 3581 Retulit
247 3520 321 3579 mihi
349 3538 432 3582 senex
461 3523 578 3601 quidam
606 3523 742 3583 sacerdos
775 3531 803 3582 et
831 3523 988 3584 monachus
1017 3525 1089 3600 nigri

88 3701 275 3768 lll‘nrotac.
295 3736 327 3744 —
345 3707 456 3775 2Jconf.
474 3708 525 3775 Vl,
543 3710 567 3762 2.
585 3710 637 3772 lx,
655 3710 698 3763 51.
717 3739 748 3750 -
776 3709 808 3778 3]
827 3718 858 3761 et
881 3724 921 3760 orn
939 3707 988 3760 BG.
1008 3738 1040 3745 -
1059 3709 1091 3774 4)

128 3773 356 3828 Pellunrlitur.
374 3809 405 3844 7-
431 3781 463 3848 5)
482 3783 513 3831 in
541 3796 581 3832 om
599 3780 648 3832 Bc.
669 3809 700 3820 -—
728 3780 760 3847 6)
777 3778 915 3845 amplius
942 3793 983 3830 om
1011 3773 1037 3826 P.
1057 3806 1088 3815 -

128 3843 278 3914 lilinon
294 3844 388 3912 turta,
409 3865 469 3902 non
488 3848 674 3902 homicidia.
1124 3863 1128 3872 ’
