2580 4316
434 230 497 292 DE
522 227 802 294 couvuuslous.
1093 233 1134 298 23

112 355 209 412 sauctus
232 351 404 414 Bernardus
438 351 620 430 praedicaret
655 371 770 414 cmcem
797 355 827 414 in
855 351 992 414 Dioecesi
1006 347 1024 434 ¹)
1057 351 1136 416 Gon·

113 441 250 515 standensi,
273 445 399 518 contigit
421 441 549 502 eundem
568 441 725 500 Henrioum
744 444 883 501 interesse
903 442 1036 502 sermoni.
1079 440 1136 519 Qui

112 543 165 586 cun
183 533 252 586 essct
282 527 377 587 homo
406 529 492 589 dives
514 535 543 587 et
562 535 680 606 potens,
712 528 802 588 multa
833 528 945 588 habeus
967 534 1075 604 cmtra,
1105 533 1137 590 ct

111 631 164 672 cun
188 614 287 674 divitiis
321 615 440 674 infinite
471 617 603 692 crimina,
626 632 757 676 sermone
779 617 831 675 viri
853 615 910 676 Dei
932 620 1135 692 compunctus,

110 702 142 760 ait
158 699 191 759 ad
210 702 304 778 ipsum
316 699 357 782 ²):
380 703 519 778 Domine,
540 705 563 761 si
584 720 642 763 non
664 709 782 762 terreret
802 719 849 762 me
870 701 920 762 illa
941 702 1136 776 cousuetudo,

109 803 179 861 quam
197 789 325 848 intellexi
350 808 416 850 esse
439 793 470 850 iu
488 788 585 849 ordine
606 795 703 849 vestro
715 786 745 868 ³),
766 789 875 850 scilicet
896 788 975 866 quod
988 789 1136 850 venientes

108 872 138 932 ud
154 891 202 934 vos
228 876 429 936 indifferenter
458 876 497 935 ad
526 876 654 936 diversas
683 878 809 936 emittitis
830 880 975 953 regiones,
1004 893 1059 952 ego
1088 885 1136 938 me

107 962 175 1020 vobis
192 963 347 1024 redderem
370 966 401 1022 in
424 965 588 1024 continenti.
620 962 674 1022 Oui
687 965 732 1022 vir
753 969 869 1023 sanctus
890 961 1051 1040 respondit:
1071 961 1135 1039 Ego

107 1048 149 1106 sub
169 1049 331 1110 conditione
355 1057 387 1110 te
408 1068 468 1111 non
489 1053 640 1126 recipiam,
662 1049 713 1110 sed
734 1050 790 1110 hoc
818 1052 871 1108 tibi
890 1052 1041 1126 promitto,
1069 1050 1137 1126 quia

106 1137 166 1193 siin
186 1135 351 1197 Claravalle
384 1137 543 1196 monachus
564 1137 664 1212 fucris,
697 1138 736 1195 ibi
757 1140 893 1196 morieris.
942 1135 1051 1195 Audito
1079 1134 1136 1196 hoc

106 1222 192 1296 verbo,
220 1241 290 1282 mox
313 1241 347 1283 se
370 1224 512 1298 reddidit,
541 1224 691 1300 iactusque
714 1229 758 1282 cst
778 1226 917 1300 interpres
937 1222 1078 1298 Abbatis,
1100 1239 1136 1282 eo

105 1307 170 1382 quod
188 1311 216 1367 iu
236 1317 367 1386 utraque
389 1311 504 1392 lingua,
525 1310 638 1369 ¹Gallice
660 1309 793 1370 videlicet
813 1317 843 1370 et
863 1311 1037 1385 Teutonica,
1058 1307 1136 1368 mul·

103 1400 155 1453 tum
172 1397 243 1456 toret
265 1397 432 1474 expeditus.
482 1397 591 1458 Vidcns
613 1397 669 1456 hoc
692 1397 809 1474 quidam
834 1397 1006 1457 ballistariua
1034 1413 1136 1457 servus

104 1482 168 1557 eius,
187 1483 274 1543 homo
299 1484 428 1544 crudelis
452 1490 482 1544 et
501 1502 609 1560 pronus
630 1484 668 1543 ad
689 1483 866 1544 fundendum
886 1487 1068 1561 sauguinem,
1088 1484 1136 1542 ni·

103 1571 147 1626 mis
166 1569 199 1628 dc
213 1575 408 1632 conversione
424 1571 532 1630 domini
542 1567 564 1650 ⁴)
584 1571 726 1645 turbatus,
736 1579 738 1584 ’
747 1570 836 1630 telum
848 1571 980 1632 ballistae
993 1571 1137 1647 imposuit,

103 1660 129 1714 ut
146 1665 275 1717 sanctum
296 1658 453 1718 Abbatem
480 1659 584 1718 feriret.
633 1657 794 1733 Statimque
827 1659 864 1718 ab
894 1649 1007 1734 angelo*
1019 1657 1137 1718 Domini

102 1759 255 1821 percussus,
290 1752 454 1805 retrorsum
476 1745 593 1819 cecidit,
626 1750 655 1804 ct
683 1747 846 1822 exspiravit.
897 1745 945 1804 De
974 1747 1055 1804 cuius
1076 1750 1137 1804 tam

101 1834 236 1904 repentina
264 1838 365 1892 morte
394 1832 538 1892 Henrious
559 1833 687 1905 tenitus,
715 1838 744 1892 ct
773 1835 896 1892 maxime
919 1830 1136 1908 deperditione

100 1920 200 1978 animae
221 1921 430 1994 contristatus,
463 1922 556 1978 sciens
577 1917 704 1978 Abbatis
731 1921 913 1980 sanctitatem
942 1924 971 1977 et
998 1919 1137 1994 insignis

100 2008 261 2082 potentiam,
296 2006 406 2066 cecidit
433 2005 470 2066 ad
499 2006 589 2081 podes
616 2008 693 2081 eius,
724 2005 868 2064 humiliter
896 2011 926 2064 ct
956 2022 1023 2064 cum
1044 2004 1137 2064 multa

99 2090 221 2152 instantia
250 2093 440 2169 supplicans,
474 2099 615 2169 quatenus
643 2094 778 2152 miserum
807 2092 843 2152 de
874 2091 1006 2151 faucibus
1032 2090 1134 2150 inferni

100 2180 252 2240 suscitando
274 2181 425 2239 liberaret
469 2179 645 2256 Compassus
665 2181 710 2238 vir
731 2180 834 2239 beatus
853 2185 916 2238 tam
937 2179 1021 2238 unius
1043 2177 1134 2238 dolori

101 2279 176 2339 quam
195 2267 319 2328 alterius
340 2266 507 2342 perditioni,
540 2267 621 2325 flexis
648 2266 770 2342 genibus
791 2266 887 2326 Deum
917 2283 983 2324 cum
1010 2265 1134 2326 lacrimis

101 2356 230 2429 exoravit,
253 2361 284 2413 et
308 2360 455 2414 mortuum
476 2352 594 2422 celerius
615 2355 774 2421 suscitavit
828 2353 884 2430 Qui
905 2355 1074 2428 suscitatus,
1095 2351 1134 2414 ad

100 2442 252 2500 suscitantis
274 2441 368 2517 pedes
391 2442 498 2498 corruit
510 2437 545 2519 ⁵),
569 2445 597 2500 et
618 2446 703 2512 utse
725 2441 755 2498 in
776 2456 947 2500 conversum
968 2443 1134 2516 susciperet,

101 2540 158 2584 curn
176 2528 276 2587 multis
299 2528 432 2603 suspiriis
454 2529 563 2602 petivit.
607 2526 661 2585 Cui
673 2529 725 2586 'vir
746 2533 862 2586 sanctus
884 2526 1044 2602 respondit:
1065 2525 1133 2586 Scio

102 2613 169 2686 qnod
188 2614 362 2674 naturaliter
383 2609 535 2690 protervus
556 2615 595 2672 sis
616 2631 651 2672 ac
671 2611 815 2688 distortus,
837 2630 891 2673 nec
913 2613 1029 2689 expedit
1048 2618 1081 2672 ut
1094 2613 1134 2672 sis

99 2698 163 2760 inter
182 2701 351 2779 religiosos;
374 2701 427 2760 sed
444 2701 515 2772 ,volo
536 2706 570 2758 ut
591 2717 706 2760 crucem
727 2703 876 2776 suscipias,
896 2717 975 2760 mars
995 2706 1134 2776 transeas,

101 2781 153 2868 et')
182 2805 250 2848 cum
272 2788 442 2848 Sarracenis
464 2787 646 2864 confligendo
670 2789 752 2848 eitius
773 2787 887 2846 finiaris.
929 2787 968 2848 Et
987 2788 1054 2847 iecit
1075 2788 1133 2861 sic,

100 2887 204 2934 crucem
226 2876 358 2950 accepit,
385 2889 465 2934 mare
486 2876 628 2949 transivit,
658 2889 724 2934 cum
751 2867 873 2934 inimicis
899 2875 991 2934 crucis
1012 2873 1134 2936 dimica-

100 2961 142 3034 vit,
162 2964 241 3021 etin
273 2962 411 3023 conflictu
438 2968 556 3020 necatus
578 2961 616 3020 ad
637 2961 734 3020 Deum
747 2957 767 3040 ²)
795 2963 937 3038 migravit
957 2995 1001 3006 --
1021 2960 1134 3022 Eodem

100 3049 219 3124 tempora
248 3049 355 3108 mulier
384 3047 527 3123 quaedam
552 3048 712 3126 paralytica
740 3046 874 3108 clamavit
900 3053 969 3125 post
987 3047 1134 3108 hominem

100 3129 157 3209 Dei,
177 3139 334 3196 sanitatem
356 3135 395 3194 ab
418 3132 486 3215 eo⁸)
507 3135 668 3213 postulans;
692 3142 721 3194 et
741 3151 808 3194 cum
828 3137 910 3211 sequi
930 3152 989 3194 nou
1009 3135 1133 3211 valeret,

100 3217 151 3280 iam
170 3225 248 3282 enim
269 3227 484 3299 praecesserat,
510 3224 643 3282 misertus
671 3221 747 3282 illius
768 3221 911 3282 Henricus
938 3221 1047 3283 levavit
1068 3239 1134 3283 eam

116 3456 145 3528 1)
161 3457 182 3512 C
197 3459 415 3528 Episcopatu.
434 3489 465 3500 -
484 3459 516 3527 2]
534 3459 555 3512 B
573 3459 612 3512 ad
629 3475 712 3524 aum,
729 3458 749 3514 0
767 3461 810 3524 ei;
827 3477 886 3513 mox
902 3460 944 3513 ΒΡ
961 3461 989 3512 si
1006 3477 1052 3512 ma
1069 3476 1133 3514 uon

163 3537 315 3585 terreret.
331 3558 364 3568 -
377 3528 442 3596 3)c
460 3545 549 3596 quam
566 3531 598 3582 in
616 3529 730 3582 ordine
747 3539 860 3583 vestro
879 3529 1081 3582 intellexi-
1099 3531 1132 3601 t)

162 3595 202 3652 ci
220 3599 345 3653 domini
363 3600 593 3662 conversione,
611 3615 670 3652 mox
687 3599 707 3653 0
724 3599 839 3653 dolens
856 3616 904 3668 pro
922 3599 1080 3652 turbatus.
1099 3630 1130 3642 -

163 3669 196 3736 5)
213 3669 234 3722 B
251 3669 290 3722 ad
315 3669 512 3720 suscitantis
535 3671 662 3722 corruit
684 3669 799 3737 pedes,
816 3670 837 3722 G
854 3670 892 3722 ad
910 3668 1011 3736 pedes
1028 3673 1135 3723 susci·

164 3740 264 3794 tantis
277 3738 421 3864 ίοἰοιῚιιὶῑ.
436 3767 467 3778 -
486 3739 518 3808 o)
534 3737 575 3792 ΒΡ
593 3746 678 3792 ut-
696 3740 729 3809 t)
745 3739 787 3794 BG
804 3739 979 3792 dominum,
994 3767 1025 3780 -
1044 3740 1077 3810 Β)
1094 3738 1132 3792 ab

165 3823 203 3862 co
219 3825 260 3864 onr
300 3847 307 3863 .
