2654 4308
507 257 735 324 DISTINC'I'IO
758 259 923 325 OCTAVA

505 469 739 532 CAPITULUM
759 469 887 533 LXVII.

240 593 289 653 Dc
315 593 446 669 reliquiis
472 599 643 671 martyrum
664 590 771 674 quw)
793 591 987 653 Bancrdum
1006 595 1041 653 ia
1061 593 1151 653 lutere

378 681 608 740 stlnmloveruut
627 697 695 739 cum
716 681 813 740 tiliato
833 686 1010 740 movantur.

240 798 403 861 Bernardns
412 799 571 862 monachus
590 807 687 860 noster
705 806 834 876 tempore
857 799 983 876 quodam
1004 805 1071 860 ante
1092 809 1215 858 conver·

176 886 286 946 sionem
313 888 410 947 nescio
438 903 505 964 quo,
518 890 624 962 itanu,
650 887 786 963 reliquias
806 887 959 948 beatorum
979 891 1138 962 martyrum
1158 883 1216 944 Jo-

176 972 279 1034 haunis
308 981 337 1033 et
363 973 448 1033 Pauli
473 976 504 1033 in
532 973 653 1050 capsula
680 973 718 1033 ad
746 973 822 1033 latus
849 975 991 1051 portabat
1033 973 1127 1049 Quem
1149 987 1216 1031 curn

177 1062 270 1121 carnis
297 1062 440 1121 incentiva
468 1059 506 1120 ad
535 1059 752 1120 delectationem
772 1067 929 1136 moverent,
949 1062 1041 1120 sancti
1061 1064 1217 1135 martyres,

176 1148 246 1224 quie
260 1153 356 1208 motus
376 1147 488 1207 illicitos
509 1149 678 1223 restringere
698 1163 757 1206 non
779 1153 929 1207 conaretur
937 1142 967 1226 ²),
987 1163 1039 1222 per
1060 1144 1217 1221 capsellam

176 1233 253 1299 latus
279 1235 341 1294 eius
362 1233 432 1294 dure
455 1237 525 1294 satis
545 1233 666 1293 tundere
687 1240 852 1310 coeperunt
895 1233 981 1310 Quod
1003 1249 1068 1292 cum
1089 1231 1138 1291 ille
1157 1247 1217 1291 non

176 1321 354 1396 adverteret,
375 1327 405 1380 et
424 1321 549 1380 motibus
569 1319 726 1380 libidinosis
748 1321 976 1396 quiescentibus,
997 1322 1084 1379 etiam
1103 1320 1218 1377 tunsio-

175 1403 258 1488 nes')
281 1413 440 1482 cessarent,
468 1423 520 1483 per
546 1407 632 1467 horas
654 1402 810 1486 aliquas⁴),
832 1423 898 1466 cum
918 1408 1022 1466 iterum
1041 1404 1218 1466 titillationes

176 1497 341 1572 surgerent,
368 1500 523 1554 renovatae
550 1499 617 1554 sunt
639 1500 668 1553 et
687 1495 865 1569 punctiones.
907 1492 953 1553 Ac
975 1495 1000 1552 si
1019 1493 1112 1552 sancti
1132 1508 1218 1574 suurn
1246 1505 1250 1512 ·

176 1581 399 1642 baiulum'vooe
419 1581 586 1659 prophetica
605 1583 793 1656 increparent,
815 1579 956 1640 dicentes:
977 1578 1144 1653 Mcrudosc,
1166 1581 1219 1654 pra·

176 1668 239 1747 fers
265 1685 342 1730 vasa
368 1664 531 1744 Domina‘l).
572 1667 654 1728 Vasa
668 1666 793 1726 ,Domini
817 1665 885 1726 sunl
904 1683 1024 1742 corpora
1044 1667 1218 1725 sanctorum.

177 1755 255 1817 Hinc
283 1760 327 1814 cst
356 1754 433 1831 qnod
461 1753 650 1816 Achimelech
671 1747 838 1833 sacerdotii
861 1769 928 1813 cum
947 1752 1101 1838 haesitaret
1121 1752 1219 1828 pueris

177 1840 275 1903 David
296 1841 366 1902 dare
386 1857 492 1917 panem
511 1845 660 1915 sanctum,
682 1838 780 1900 David
800 1839 962 1916 respondit:
990 1839 1032 1899 st
1052 1837 1174 1916 quiden
1194 1840 1219 1898 si

178 1929 216 1990 de
234 1927 406 1989 muetos
426 1931 536 2004 opiter,
560 1931 758 1988 continuimus
777 1943 833 1986 nos
854 1926 893 1984 ab
913 1927 977 1985 lteri
997 1933 1026 1986 et
1045 1925 1219 1985 nudiuster-
1313 1907 1314 1950 ³

180 2019 238 2076 tius
266 2016 388 2091 quoodo
409 2013 646 2092 epredcbcmwr,
674 2021 703 2076 et
717 2013 845 2090 fremat
864 2029 955 2086 uasa,
983 2011 1013 2071 id
1034 2017 1079 2073 est
1098 2027 1220 2088 corpora

179 2117 341 2179 puerorum,
361 2099 507 2179 conceal),
528 2101 558 2160 id
572 2100 735 2161 estmunda
752 2117 772 2159 a
792 2099 954 2160 concubitu.
995 2099 1034 2158 Et
1054 2100 1130 2160 sicut
1149 2097 1220 2157 milri

178 2188 275 2250 retulit
301 2187 464 2264 praedictus
492 2187 671 2262 Bernardus,
700 2203 767 2245 mox
789 2192 822 2245 ut
842 2191 943 2246 notare
965 2187 1059 2262 coepit
1079 2202 1220 2261 poenam,

179 2277 209 2334 ln
237 2281 376 2351 quantum
402 2277 496 2351 potuit
517 2275 693 2350 compescuit
714 2273 843 2349 culpam,
872 2290 908 2332 ex
928 2272 985 2332 hoc
1006 2273 1119 2332 discens
1141 2270 1221 2347 quod

179 2363 286 2422 sanuis
306 2358 448 2440 placeatl)
469 2376 528 2420 nou
549 2361 641 2420 solum
662 2360 803 2419 munditia
822 2361 969 2434 mentium,
991 2359 1042 2419 sed
1064 2364 1094 2418 et
1114 2374 1221 2434 eorpo-

180 2465 244 2508 rum
251 2444 284 2528 ⁹).
324 2446 526 2508 Novmius:
548 2447 625 2524 Quid
646 2448 734 2507 sentis
756 2446 791 2507 de
812 2445 1056 2522 praedicatoribus
1078 2443 1150 2521 illis,
1171 2445 1221 2520 qui

180 2541 292 2595 tantum
323 2541 439 2610 propter
474 2541 625 2610 quaestum
656 2533 790 2609 reliquias
815 2539 978 2593 sanctorum
1006 2531 1220 2606 circumierunt,

180 2621 343 2696 mrdtosque
371 2620 534 2697 decipiunt?
562 2619 796 2681 MONAOHUS:
823 2618 911 2696 Quod
938 2621 1029 2679 sancti
1056 2617 1095 2677 ed
1109 2607 1222 2678 'talium

180 2708 270 2768 mutas
297 2707 493 2785 indignentur,
521 2706 615 2767 dicam
642 2707 695 2768 tibi
723 2706 792 2784 quid
805 2703 836 2788 ¹⁰)
858 2703 1023 2768 'monachus
1045 2703 1162 2781 quidum
1184 2705 1222 2766 da

180 2793 319 2857 anire
340 2794 410 2858 mut
422 2796 568 2861 recitavit
1233 2811 1236 2818 ·

504 3001 738 3066 CAPITULUM
758 3001 900 3064 LXVIII.

365 3125 414 3186 Dc
435 3124 520 3185 dante
539 3127 635 3186 aurati
654 3124 802 3203 Npcltolci
821 3127 854 3183 in
873 3123 1033 3184 Bmwt‘lre.

248 3264 371 3342 Quando
401 3263 550 3324 eeclesiam
578 3280 661 3324 suam
682 3261 894 3324 monachilem
916 3261 984 3322 dicti
1005 3261 1137 3322 coenobii
1156 3279 1223 3323 am·

182 3351 272 3429 pliare
307 3351 523 3428 disposuerunt,
553 3367 605 3428 per
640 3349 781 3426 quosdam
808 3349 973 3409 sacerdotes
1001 3348 1165 3409 saeculares
1193 3350 1224 3408 in

183 3437 281 3517 lingua
300 3444 446 3516 potentes,
467 3443 498 3498 et
517 3437 556 3499 ad
577 3436 787 3514 emungendum
807 3437 961 3514 pecuniam
981 3435 1128 3511 efficaces,
1149 3433 1224 3496 deu·

202 3623 235 3694 1)
251 3622 271 3677 Ρ
288 3624 350 3692 qui.
368 3651 402 3664 -·
419 3623 453 3693 2)
469 3622 492 3676 Β
510 3631 537 3676 et
554 3638 585 3690 pr
601 3622 624 3676 Α
647 3622 855 3691 restringere
872 3627 1079 3674 conarentur.
1098 3619 1183 3690 Α)
1199 3619 1224 3674 Β

252 3694 435 3745 tonsiones.
453 3722 485 3736 —
504 3694 536 3763 l)
554 3691 576 3746 B
594 3700 670 3760 port
687 3692 803 3744 hornen.
821 3720 853 3732 -
873 3692 905 3759 5)
922 3691 993 3744 lsai.
1011 3691 1058 3756 52,
1076 3689 1119 3743 ll.
1137 3718 1170 3732 ·-
1189 3689 1207 3742 6

253 3761 276 3816 Β
295 3761 456 3816 recentes
473 3791 507 3802 —
525 3763 557 3831 7)
574 3762 638 3831 llep.
653 3762 675 3833 l,
692 3761 735 3826 21,
753 3762 778 3814 5.
797 3790 829 3802 -
848 3762 881 3831 8)
897 3758 983 3814 tour
1000 3759 1119 3830 placet.
1137 3785 1170 3802 -
1190 3759 1207 3812 9

140 3868 144 3874 »
253 3831 296 3886 ΒΡ
312 3834 431 3886 mentis
450 3863 481 3875 -
500 3832 660 3901 corporis.
680 3827 973 3900 -10Jltcrquod
