2628 4310
398 227 417 294 ’,
436 227 490 288 DE
511 227 793 290 MORIENTIBUS.
836 229 839 236 ⁴
1073 227 1134 286 alr

97 367 203 426 causa,
225 351 265 410 ita
286 357 319 410 ut
340 351 510 412 ubiiceretur
521 348 539 432 ¹)
562 353 598 412 ub
621 351 684 411 illis.
729 350 854 426 Contigit
879 355 947 426 post
973 348 1046 411 haec
1054 345 1076 428 ²)
1104 355 1137 408 ut
1174 381 1180 387 ·

94 437 183 497 frater
204 437 281 497 idem
294 445 460 513 moreretur,
482 446 512 498 et
524 442 583 498 iam
600 438 692 497 dictus
706 437 863 514 Wamerus
884 439 1034 496 interesset
1055 452 1137 495 com·

94 523 271 585 mendatioui
299 527 370 584 eius.
419 525 510 585 Moris
539 533 636 584 autem
665 532 733 604 tuuc
762 531 837 598 erat,
866 531 898 583 ut
925 523 1022 598 aliquo
1050 538 1137 598 super
1247 551 1257 564 ·

93 617 217 671 mattam
238 613 348 688 posito,
375 612 476 672 iratres
497 615 572 673 sieut
592 615 653 672 sine
674 613 856 688 processione
878 615 1075 684 occurrerunt,
1095 611 1136 670 ita

93 700 156 758 siue
179 697 277 758 ordine
299 700 374 758 eirea
395 703 564 758 morientem
586 704 740 784 steterunt,
761 698 812 756 ubi
834 699 936 772 cuique
957 694 1061 776 prior³)
1083 712 1136 755 oc-

93 799 196 846 cursus
228 791 279 844 aut
307 785 422 845 devotio
455 786 551 846 locum
580 784 673 858 dedit,
705 785 784 844 laicis
813 783 946 842 iratribus
974 781 1040 843 hino
1068 782 1135 844 iude

94 873 172 931 circa
206 871 363 931 monachos
397 872 548 932 stantibus.
604 871 729 946 Corpore
761 873 846 948 igitur
879 871 982 928 mortui
1014 869 1073 928 loto
1107 875 1137 928 et

93 957 198 1034 allato,
236 958 309 1018 vidit
345 958 422 1018 idem
454 959 612 1019 Wamerus
648 958 754 1016 multas
788 957 922 1016 candelas
955 960 983 1014 iu
1017 958 1135 1016 circuitu

91 1046 188 1105 feretri
220 1051 356 1120 statutas,
390 1052 419 1106 et
451 1063 550 1105 omues
583 1045 725 1106 ardentes
775 1043 809 1102 Iu
841 1051 930 1119 parte,
952 1050 1049 1102 autem
1078 1059 1137 1118 qua

92 1135 156 1208 ipse
185 1132 297 1206 stabat,
330 1148 430 1192 omues
455 1131 592 1192 candelae
620 1135 727 1208 pariter
755 1133 897 1190 extinctae
927 1136 1001 1188 sunt.
1052 1128 1135 1189 Unde

92 1221 213 1278 miratus
250 1217 335 1277 simul
371 1225 400 1278 et
437 1222 565 1293 territus,
602 1235 668 1278 cum
702 1235 805 1296 corpus
838 1220 866 1275 iu
900 1215 1049 1276 eeclesiam
1082 1215 1135 1276 de-

90 1305 184 1364 latum
209 1305 322 1380 luisset,
348 1307 410 1381 ipse
440 1305 587 1365 domiuum
608 1304 753 1382 Sylridum
781 1305 867 1363 traxit
894 1305 923 1361 in
953 1310 1077 1379 partem,
1106 1310 1135 1362 et

92 1393 301 1452 confessionem
329 1389 440 1470 iecit⁴),
470 1393 672 1452 extinctionem
705 1389 887 1450 candelarum
917 1391 975 1449 suis
1008 1391 1135 1467 peccatis

91 1483 236 1555 imputans
247 1475 283 1558 ⁵),
313 1486 342 1540 et
370 1481 551 1540 innocentiae
577 1479 671 1538 fratris
699 1475 935 1537 manifestandae.
989 1477 1135 1536 Reversus

61 1635 68 1644 ⁵
91 1568 121 1624 iu
136 1566 297 1641 ecclesiam,
318 1565 434 1626 easdem
450 1566 584 1627 candelas
598 1567 714 1641 invenit,
736 1572 765 1626 et
779 1581 878 1625 omnes
897 1581 932 1624 ex
955 1566 1033 1624 omni
1052 1570 1134 1639 parte

92 1653 224 1714 ardentes
247 1653 326 1712 vidit.

470 1802 704 1903 unrrruuuu
726 1843 767 1902 x.

383 1967 432 2026 De
447 1973 547 2029 ,morte
567 1967 697 2025 Herculei
718 1967 843 2024 Peioris.

155 2088 241 2148 Anno
270 2089 423 2164 praeterito
453 2088 604 2147 defunctus
635 2093 678 2145 est
699 2085 805 2145 ibidem
828 2084 959 2144 dominus
980 2081 1130 2145 Herwicus

88 2175 178 2250 Prior,
199 2179 243 2236 vir
265 2176 381 2252 quidem
402 2175 592 2252 grandaevus,
615 2179 643 2232 et
658 2176 733 2232 circa
755 2171 934 2248 disciplinam
955 2171 1130 2232 ferventissi-

88 2279 162 2322 mus.
206 2261 263 2340 Qui
281 2280 347 2323 cum
361 2279 424 2322 sero
439 2269 588 2339 putaretur
600 2277 663 2319 esse
685 2261 847 2333 moriturus,
867 2258 964 2318 multis
986 2257 1036 2334 qui
1058 2273 1129 2317 con-

87 2357 226 2410 venerant
248 2348 326 2409 clara
347 2366 420 2409 voce
443 2349 569 2408 dicebat:
590 2348 657 2406 Nou
678 2347 764 2406 modo
786 2348 903 2420 moriar,
932 2344 1129 2405 sederastina

85 2435 141 2511 die,
167 2436 239 2496 hora
260 2453 337 2495 nona
359 2452 407 2495 ero
430 2442 496 2495 ante
518 2451 662 2494 summum
683 2433 822 2508 iudicem,
844 2433 880 2492 de
902 2431 1034 2491 omuibus
1055 2447 1127 2507 ope·

82 2523 164 2582 ribus
186 2525 258 2584 meis
270 2522 376 2582 ibidem
389 2522 551 2583 redditurus
572 2523 720 2581 rationem.
763 2519 873 2579 Eadem
895 2517 1035 2596 siquidem
1056 2517 1128 2578 hora

83 2611 249 2686 exspiravit.
291 2609 326 2667 Iu
356 2611 437 2668 onius
458 2610 580 2668 transitu
602 2607 719 2683 quidam
742 2607 863 2666 confessi
887 2611 955 2666 sunt
982 2621 1013 2664 se
1035 2622 1127 2682 ange-

81 2696 128 2755 los
158 2696 311 2755 audivisse.
362 2695 460 2755 Simile
489 2696 580 2755 habes
609 2695 645 2754 de
675 2693 772 2780 Ulricp
802 2693 944 2753 monacho
973 2691 1127 2752 Vilariensi

82 2785 115 2840 in
138 2781 317 2841 distinetione
339 2796 415 2840 noua
444 2781 569 2856 capitulo
598 2783 741 2842 tricesimo
770 2782 870 2857 primo.
921 2777 1125 2839 NOVICIUS=

84 2866 163 2941 Quid
186 2874 230 2925 est
244 2883 351 2942 quaeso
366 2867 443 2942 quod
465 2867 512 2927 ille
526 2867 667 2943 praedixit
684 2885 715 2927 se
730 2869 835 2927 iturum
858 2883 921 2926 esse
942 2865 981 2924 ad
1002 2867 1126 2940 nuptias,

82 2956 139 3012 iste
160 2952 199 3011 ad
220 2952 378 3011 iudicium?
420 2953 656 3014 MONAOHUS:
678 2953 731 3013 Ille
759 2961 859 3030 utpote
881 2955 910 3011 iu
932 2951 1126 3012 adolescentia

84 3056 257 3113 conversus,
286 3041 333 3114 pie
361 3040 564 3115 praesumebat
594 3040 629 3099 de
659 3041 801 3100 custodita
822 3042 1000 3115 iunocentia3
1037 3041 1125 3097 istum

82 3132 245 3185 terruerunt
271 3133 392 3203 peccata
420 3125 510 3186 multo
545 3133 672 3202 tempore
707 3129 868 3186 commissu.
925 3125 1019 3186 Senex
1049 3127 1142 3185 euim*

80 3218 204 3272 venerat
224 3212 261 3272 ad
285 3213 507 3272 conversionem.
550 3212 752 3274 NOVICIUS:
781 3214 866 3273 Beati
886 3215 990 3272 mortui
1012 3215 1061 3287 qui
1082 3215 1123 3272 sio

78 3304 110 3360 iu
134 3299 261 3359 Domino
283 3295 479 3378 moriuntur⁶).
522 3299 756 3360 MONACHUS:
779 3300 895 3377 Quanta
917 3301 953 3358 sit
973 3301 1002 3358 in
1020 3298 1124 3358 Domi-

79 3405 119 3448 no
142 3388 323 3446 morientium
345 3386 501 3462 beatitudo,
523 3389 653 3447 subiecta
676 3386 863 3447 declarabunt
885 3386 1024 3463 exempla.

96 3662 127 3730 t]
145 3659 233 3713 ADEP
251 3656 486 3711 o'iicsretur.—-
499 3660 531 3728 2)
550 3659 591 3714 BC
610 3659 678 3712 lroo.
694 3687 723 3698 -
741 3660 773 3728 3)
792 3660 811 3712 Β
829 3659 1013 3728 ubicunque
1030 3660 1124 3726 prior

145 3737 209 3782 aut.
228 3759 259 3770 -
278 3730 311 3798 4)
330 3729 349 3782 B
368 3737 490 3797 partem
509 3729 545 3780 ad
563 3731 813 3783 confessionem.
827 3757 858 3770 -
873 3730 904 3798 5)
923 3727 1012 3781 ACEF
1029 3725 1123 3796 repu-

144 3808 226 3851 tans.
248 3829 278 3840 ·-
298 3801 330 3866 6)
347 3800 428 3866 Apoc.
449 3799 491 3862 14,
510 3799 550 3852 13.
