2594 4302
181 259 242 319 252
494 252 722 316 DISTINCTIO
746 249 902 314 DECIMA

180 387 314 456 aeguum
340 379 487 438 conicrunt
498 375 532 458 ¹),
558 379 599 437 ita
620 383 653 436 nt
679 377 856 436 efficerentur
883 391 966 434 mons
986 391 1072 432 unus.
1115 372 1214 433 Domi-

181 483 236 526 nus
263 481 332 526 vero
361 471 453 524 terroe
481 463 550 523 dum
578 481 629 541 per
658 470 785 524 montem
806 477 900 538 cquae
922 463 999 521 viem
1020 467 1213 538 praepararet,

182 567 248 614 cnm
269 558 350 612 touta
371 554 400 612 vi
422 554 522 629 erupit,
543 555 577 611 u‘t
597 553 745 612 obviantia
766 567 899 644 quecquo
921 548 1037 608 deleret.

557 739 791 802 CAPITULUM
815 740 850 800 L.

468 865 516 924 De
539 871 720 924 &cramoisi
741 867 773 922 in
796 861 927 922 Colonia.

246 987 341 1048 Parvo
354 985 502 1046 intervallo
516 986 652 1060 postiam
670 984 777 1044 dietum
794 983 1006 1058 terraemotum,
1027 982 1117 1044 idest
1138 986 1220 1043 tertio

182 1074 251 1136 Idus
271 1073 410 1148 Jonuarii,
431 1073 523 1131 iectus
542 1078 586 1131 est
604 1071 740 1130 Coloniae
763 1077 791 1130 ct
813 1074 896 1145 circa,
917 1087 1012 1130 novus
1033 1076 1220 1132 terraemotus

181 1171 240 1222 tem
262 1160 382 1234 ualidus,
403 1165 435 1217 ut
455 1162 579 1235 parietes
601 1158 795 1218 aedificiorum
817 1160 962 1232 concussi,
992 1160 1105 1218 ruinam
1127 1161 1220 1218 minu·

180 1256 285 1310 rentur.
328 1247 438 1307 Eadem
466 1246 539 1306 hora
560 1245 663 1304 Abbcs
691 1251 789 1304 noster
814 1247 843 1304 in
865 1243 965 1303 Monte
995 1251 1113 1304 sanctae
1135 1245 1220 1305 Wei-

182 1338 295 1413 burgis,
328 1340 390 1394 erat
418 1335 493 1392 enim
523 1338 589 1392 ante
618 1339 712 1391 ortum
741 1331 810 1390 solis
837 1334 955 1390 missam
982 1331 1162 1406 celebrantes
1180 1334 1220 1390 sic

182 1438 338 1482 concussus
360 1427 418 1495 est,
439 1425 472 1478 nt
494 1436 529 1478 ex
551 1418 653 1478 eodem
674 1423 755 1476 motu
777 1417 928 1477 ecclesiam
948 1417 1103 1493 lapsuram,
1126 1425 1156 1478 et
1177 1419 1221 1477 al-

174 1504 242 1569 'tnre
259 1511 304 1569 cui
320 1507 434 1567 estabet
455 1513 563 1566 otene
575 1504 789 1581 deglutiendum
811 1521 875 1563 esse
895 1505 1068 1564 formidaret.
1106 1505 1221 1564 Deinde

181 1599 258 1656 circs
278 1602 392 1671 tempus
415 1593 536 1653 ducrum
558 1592 805 1651 hebdomadarum
826 1590 980 1667 Aquenscs
1001 1591 1089 1651 edum
1110 1599 1222 1652 terrae-

181 1691 291 1742 motum
313 1688 470 1742 senserunt
513 1681 601 1740 Venti
623 1681 710 1738 etium
718 1676 738 1758 ²)
768 1685 828 1736 tcm
850 1677 1018 1738 validissimi
1037 1679 1083 1737 his
1105 1685 1222 1755 tempo·

181 1771 260 1829 ribus
281 1776 314 1828 ut
334 1770 409 1828 nosti
429 1768 551 1842 fuerunt,
575 1772 686 1824 utnon
707 1765 852 1824 modicum
873 1771 1010 1824 terrorem
1031 1767 1116 1825 nobis
1138 1769 1222 1827 incu-

182 1863 282 1916 terent
324 1855 359 1914 In
381 1855 438 1913 hoc
459 1853 561 1913 eodem
584 1869 659 1912 enno
683 1852 718 1912 de
740 1869 798 1927 quo
819 1869 895 1910 nuno
916 1850 1068 1927 loquimur,
1090 1857 1223 1932 contige·

181 1950 247 2002 runt
267 1942 324 2001 duo
336 1942 500 2016 supradicte
521 1939 660 1999 miracula
667 1936 697 2019 ³),
720 1938 829 1998 scilicet
850 1938 1034 2015 conflagratio
1055 1939 1174 2013 theatri,
1197 1949 1225 2000 et

182 2047 265 2090 casus
297 2028 397 2102 nubis,
425 2034 458 2087 ut
485 2026 576 2087 habes
604 2025 727 2103 tepitudo
756 2028 893 2086 vicesimo
916 2032 1020 2086 octavo
1043 2035 1072 2086 ct
1093 2029 1224 2105 capitulo
1273 2039 1274 2105 i

182 2117 521 2194 quadregesimoprimo.

547 2281 781 2346 CAPITULUM
806 2285 856 2345 LI.

182 2415 230 2475 Dc
258 2411 331 2490 tyno
356 2415 408 2488 qui
428 2413 509 2471 visco
532 2417 573 2469 est
594 2409 630 2468 de
651 2407 731 2467 coelo
753 2411 784 2466 io
807 2415 888 2467 terro
912 2407 1032 2468 Comitis
1054 2409 1090 2468 dc
1111 2409 1226 2471 Monte.

246 2533 281 2592 In
316 2532 371 2592 hcc
408 2534 568 2607 septimane
601 2528 702 2606 vigiles
738 2528 886 2589 cuiusdam
915 2532 1000 2590 castri
1030 2529 1151 2590 Comitis
1191 2532 1225 2590 dc

183 2620 299 2695 Monte,
320 2622 395 2680 sicut
415 2621 556 2678 veraciter
578 2617 683 2691 audivi,
708 2624 807 2675 contra
829 2617 940 2676 eoelum
962 2620 1157 2694 respicientes,
1179 2621 1224 2678 vi-

184 2707 287 2770 derunt
307 2705 420 2766 coelum
441 2701 564 2785 ipsum)
586 2706 696 2780 aperiri,
717 2705 871 2780 ignemque
892 2703 929 2764 de
950 2706 1013 2781 ipso
1035 2706 1122 2764 exire.
1168 2705 1224 2782 Qui

184 2793 222 2854 ed
254 2811 349 2855 ocrem
384 2793 544 2852 inferiorem
573 2790 764 2864 descendens,
804 2789 842 2850 ad
871 2791 984 2850 diverse
1011 2791 1076 2850 loca
1109 2794 1223 2852 terribi-
1272 2793 1273 2822 ³

183 2882 246 2942 liter
268 2882 337 2940 satis
359 2897 394 2939 eo
415 2878 582 2940 mirabiliter
601 2877 781 2951 movebatur,
804 2877 923 2936 alicuius
945 2895 1067 2954 magnae
1088 2882 1131 2938 rei
1153 2897 1222 2955 por-

182 2976 292 3029 tentum
302 2985 334 3026 se
347 2967 509 3026 ostendens.
530 2965 556 3024 N
559 2962 733 3024 OVIGIUS:
755 2962 832 3023 Satis
845 2981 891 3024 mc
909 2970 996 3024 terret
1005 2965 1108 3024 horum
1120 2969 1222 3026 oratio.

181 3053 413 3116 MONACHUS:
426 3052 532 3112 Adhuc
543 3052 637 3111 habeo
653 3049 731 3126 quod
744 3051 795 3110 tibi
810 3052 904 3112 dicam
917 3051 953 3110 dc
966 3052 1111 3112 miraculis
1118 3059 1222 3114 terroe.

535 3221 767 3284 CAPITULUM
795 3221 859 3282 LII.

182 3351 229 3410 De
249 3351 366 3410 hornim
388 3345 550 3424 defodisse
572 3350 604 3404 in
626 3363 688 3420 qno
703 3363 762 3420 pen
783 3363 898 3403 annom
918 3347 1054 3405 iacuerat
1075 3345 1222 3418 obrutus,

531 3431 707 3490 mirabiliter
727 3430 859 3490 liberato.

244 3556 279 3618 In
300 3555 435 3616 Dioecesi
449 3553 620 3614 Trevcrcusi
632 3551 701 3612 villa
713 3553 795 3611 cuius
815 3569 920 3614 nomen
943 3549 1015 3634 est⁵)
1037 3553 1223 3628 Wanebaen.

179 3648 259 3706 iuris
275 3642 425 3704 ecclesiam
447 3640 575 3701 eiusdem
596 3639 682 3699 villae
705 3638 762 3699 duo
783 3638 913 3700 homines
934 3643 963 3698 in
990 3645 1101 3718 argenti
1122 3643 1224 3702 iodins

190 3761 230 3826 ’1)
248 3755 359 3812 scus?
377 3759 538 3810 coierunt.
557 3785 587 3796 -
602 3756 634 3822 2)
652 3753 695 3807 CF
713 3757 912 3824 sutem-3)
929 3755 972 3809 BP
989 3757 1154 3810 miracula
1174 3775 1224 3811 sn-

247 3827 403 3896 predicto.
423 3857 451 3868 -
473 3827 505 3894 4)
523 3827 625 3894 ipsum
643 3824 693 3876 adi
710 3823 830 3878 icosi.
850 3856 880 3866 -
901 3826 933 3896 5)
950 3834 998 3878 est
1016 3841 1057 3878 om
1077 3827 1105 3880 Β.
