2654 4308
171 289 233 350 120
500 281 729 347 cremento
751 281 916 346 OCTAVA

168 427 215 470 res
236 408 286 485 qui
306 407 370 469 illos
392 412 520 484 ternpore
542 412 572 467 et
591 405 803 484 praecedebant
825 411 854 466 et
874 406 1069 482 sequebantur
1083 401 1111 486 ¹).
1153 401 1211 464 Di-

168 501 272 557 cuntur
298 501 395 556 autem
426 491 611 554 Patriarchae
640 497 722 570 quasi
751 499 866 570 patrum
886 495 1043 569 principes,
1073 509 1109 554 eo
1131 490 1212 568 quod

169 581 233 646 aliis
251 581 321 644 lacti
341 584 398 644 sint
424 584 473 644 via
493 587 572 644 recte
591 579 741 652 mecdendi
752 579 788 660 ²),
817 586 847 640 ct
867 597 969 642 norma
989 580 1063 640 hene
1084 579 1212 638 vivendi.

169 669 281 729 Horum
296 684 476 730 successores
498 671 666 730 mutarunt
679 668 849 743 Prophetae,
870 668 976 743 etipsi
995 667 1049 726 viri
1061 667 1160 742 magni
1180 672 1213 726 et

170 756 272 834 incliti,
300 757 350 832 qui
376 755 481 816 Christi
509 761 691 816 sacramenta
718 761 748 814 et
774 753 938 830 Ecclesiae,
965 758 993 814 et
1018 754 1042 814 si
1073 769 1131 829 qua
1152 752 1213 813 alia

169 841 265 902 futura
286 848 382 919 erant,
405 848 465 902 tarn
486 844 637 918 perspicue
657 840 859 918 praeviderunt
881 846 909 900 et
929 838 1145 916 praedixerunt,
1173 855 1212 902 ae

170 931 195 990 si
223 929 313 990 oculis
338 945 437 988 corum
459 930 601 1006 corporeis
622 928 742 988 finissent
763 929 884 988 obiecta.
927 925 1012 988 Unde
1033 923 1150 1002 quidam
1171 925 1212 986 il-
1317 933 1318 938 ’

169 1015 262 1080 lorum
291 1015 419 1076 dicebat:
449 1015 520 1078 Non
546 1015 637 1092 faciei
658 1015 806 1074 Dominus
828 1013 951 1074 umbem
972 1031 1061 1090 cuper
1083 1017 1212 1088 terrain,

170 1103 254 1180 qnod
279 1119 342 1162 non
364 1106 452 1182 prices
479 1103 587 1162 revelet
613 1105 702 1161 cervis
724 1105 785 1160 ann
806 1097 1002 1181 Prophette³).
1045 1098 1213 1176 Prophetae

169 1189 285 1250 lherunt
304 1189 413 1265 Isaias,
433 1187 590 1264 Jeremias,
610 1185 761 1263 Ezechiel,
781 1187 887 1247 Daniel
909 1193 937 1247 et
959 1185 1111 1246 duodecim
1130 1185 1211 1248 Pro-

169 1276 290 1354 phetae,
326 1277 375 1351 qui
408 1277 493 1334 etiam
526 1293 561 1336 ea
587 1293 661 1352 quae
688 1273 890 1352 praeviderunt
917 1272 966 1334 vel
992 1272 1215 1350 praedixerunt,

170 1366 276 1439 scripto
304 1367 554 1440 perpetuaverunt.
596 1361 680 1423 Unde
701 1361 864 1437 Prophetae
888 1360 956 1421 dieti
976 1366 1042 1420 sunt
1063 1359 1213 1438 videntes,

170 1449 218 1511 vel
246 1449 452 1528 significantius
479 1448 642 1525 Prophetae
671 1441 802 1508 dicuntur
832 1450 913 1526 quasi
941 1447 1130 1526 praefatores,
1163 1447 1214 1508 vel

171 1537 254 1613 quasi
282 1532 395 1616 perrel)
424 1535 531 1612 santes,
557 1534 588 1594 id
616 1541 660 1598 est
692 1553 710 1596 a
738 1534 831 1612 longe.
875 1533 973 1611 Quare
1000 1539 1098 1594 autem
1118 1536 1213 1594 rarius

170 1622 319 1701 Apostolis
340 1625 400 1682 sive
414 1621 589 1702 Martyribus
603 1623 686 1682 nobis
708 1627 876 1698 appareant,
894 1638 983 1682 causa
1003 1637 1066 1680 esse
1087 1619 1215 1698 videtur,

172 1709 250 1788 quod
271 1716 402 1786 respectu
423 1711 481 1768 iarn
510 1708 651 1769 dictorum
679 1707 810 1768 ordinum
838 1705 952 1770 modica
978 1713 1008 1768 et
1035 1725 1109 1784 pene
1129 1705 1214 1770 nulla
1317 1753 1318 1756 ,

172 1803 216 1858 est
236 1796 348 1856 illorum
361 1798 498 1855 memoria
514 1795 594 1872 apud
612 1793 773 1855 Ecclesiam
794 1795 970 1856 Latinorum.
1015 1791 1119 1855 Graeci
1139 1811 1213 1856 vero
1317 1821 1318 1840 ,

171 1886 200 1943 in
230 1882 369 1943 natahlciis
400 1881 542 1964 illorum⁵)
571 1883 783 1958 sollemnizant,
820 1887 849 1942 et
884 1880 949 1942 ideo
985 1880 1058 1942 forte
1094 1883 1213 1958 saepius

167 1968 223 2030 illis
244 1975 392 2048 apparent.
440 1969 487 2029 De
515 1975 614 2031 sancto
636 1967 770 2030 Johanne
799 1969 932 2044 Baptista
961 1969 1042 2028 cuius
1070 1971 1216 2029 memoria

169 2055 289 2118 celebris
308 2062 351 2116 cst
369 2073 422 2133 per
443 2059 606 2117 universam
625 2055 792 2130 Ecclesiam,
814 2055 925 2130 aliquas
942 2056 1065 2116 visiones
1087 2055 1214 2116 subiun-

168 2163 244 2221 gam.
285 2142 353 2219 ipsc
376 2149 420 2204 est
441 2146 517 2208 enim
537 2145 709 2203 novissimus
730 2142 955 2218 Prophetarum,
984 2148 1013 2205 et
1034 2140 1099 2218 plus
1120 2159 1215 2218 quam

168 2229 323 2309 Propheta.
346 2229 442 2346 ‘Nam
461 2229 528 2291 Lea
550 2239 578 2293 et
599 2229 776 2306 Prophetae,
799 2233 872 2290 teste
893 2228 1028 2304 Domine,
1052 2247 1148 2306 ecque
1170 2231 1217 2289 cd

168 2317 339 2382 Jcbennern
352 2313 379 2394 ).

509 2505 743 2569 CAPITULUM
763 2506 877 2569 XLIX.

264 2630 312 2690 De
332 2630 479 2690 morbo
500 2628 695 2689 Qawcttc
717 2631 768 2704 qrn'
789 2635 927 2688 muricem
946 2626 1118 2688 decennem

543 2716 713 2791 Baptietcm
735 2715 837 2791 elilipt‘t.
1041 2709 1046 2715 ’

234 2835 449 2898 montecelle
470 2833 628 2896 monachus
650 2833 767 2913 quidam
788 2835 899 2895 iuvenis
922 2841 966 2896 est
986 2839 1082 2898 aetate
1095 2833 1215 2899 Johan·

171 2943 223 2986 nes
243 2927 367 3000 nomine,
391 2926 479 2986 mirus
501 2922 618 2982 dilector
640 2925 731 2982 sancti
744 2921 887 2983 Johannis
907 2921 1068 2998 Baptistae.
1108 2922 1145 2984 In
1168 2921 1216 2986 dic

171 3011 315 3088 siquidem
333 3012 497 3071 Nativitatis
517 3009 593 3069 illius
626 3015 669 3069 cst
690 3017 789 3088 natus,
819 3016 848 3070 et
870 3010 907 3068 ob
928 3009 985 3070 hoe
1006 3010 1219 3086 aparentibus

171 3098 322 3160 Johannes
343 3103 473 3158 vocabu.
526 3095 621 3173 Supra
646 3097 770 3172 reliquos
800 3101 915 3156 sanctos
943 3093 1023 3160 illum
1051 3095 1157 3172 diligit,
1186 3104 1216 3157 et

173 3189 304 3262 quotiens
325 3183 433 3261 aliquid
454 3183 492 3243 ad
512 3185 606 3259 ipsum
626 3186 770 3260 pertinens
791 3182 930 3260 psallitur,
949 3187 982 3242 ut
1003 3187 1047 3242 est
1068 3185 1216 3242 canticum

160 3275 261 3348 ‚patris
293 3274 354 3332 eius
382 3270 554 3346 Zachariae,
581 3271 623 3329 ibi
649 3272 715 3330 voci
743 3273 858 3346 penitus
885 3286 944 3328 ncn
975 3270 1075 3346 parcit.
1118 3269 1216 3330 Nocte

174 3358 299 3436 quadarn
314 3356 469 3418 cumidem
491 3359 634 3418 canticum
655 3375 722 3420 curn
743 3357 831 3420 choro
852 3353 1021 3436 cantaretil,
1043 3361 1072 3415 et
1093 3363 1216 3416 ventum

173 3445 273 3505 finisset
293 3443 332 3504 ad
356 3444 437 3504 illum
463 3445 649 3503 versiculum:
675 3445 717 3504 Et
745 3450 778 3503 tn
798 3463 874 3519 puer
895 3443 1049 3519 Propheta
1069 3443 1217 3504 Altiseimi
1317 3439 1318 3458 ¹

149 3531 332 3604 ,ccciccc
354 3537 384 3590 ct
405 3527 538 3610 ectera⁸),
558 3529 693 3590 sacerdos
716 3527 832 3608 qnidam
854 3525 984 3632 stans'in
1007 3529 1094 3590 choro
1118 3545 1216 3610 oppo-

194 3716 224 3784 1)
243 3715 262 3769 Β
281 3715 575 3784 subsequebantur.
595 3747 625 3756 -
646 3717 677 3785 2)
695 3715 779 3768 ACDP
797 3714 964 3770 credendi.
984 3745 1014 3756 -
1034 3717 1066 3784 3)
1085 3716 1165 3770 Amos
1184 3719 1216 3781 3,

243 3788 269 3838 t.
290 3815 320 3826 -
340 3787 372 3854 4]
391 3785 553 3853 Dprceul.
572 3813 604 3824 -·
623 3786 655 3854 5)
674 3787 696 3837 b
717 3801 832 3840 eorum.
851 3815 881 3830 ν-
901 3787 935 3854 6)
952 3785 1038 3838 tiene
1058 3785 1101 3852 ll,
1120 3783 1162 3840 ld.
1182 3817 1214 3826 —

245 3855 278 3922 7)
296 3855 316 3907 B
333 3858 365 3908 in
383 3855 482 3910 choro
499 3863 703 3908 cantaretur.
722 3885 754 3896 ·-
772 3857 805 3925 8)
822 3857 879 3908 huc.
900 3856 978 3922 bid.
