2664 4308
427 311 481 370 DE
503 309 659 371 SANCTA
675 310 816 372 Maera,
1098 313 1138 370 49

100 436 219 510 Abbati,
240 431 400 512 intelligens
413 433 460 493 ille
483 450 519 492 ex
540 433 679 492 munditia
701 433 890 492 conscientiae
913 433 982 506 cius,
1004 433 1140 508 Spiritum

100 529 234 583 sanctum
256 537 319 580 esse
340 524 370 580 in
392 537 435 594 eo,
457 519 616 595 respondit:
638 519 722 595 Roga
740 519 837 578 Deum
859 518 937 594 quod
959 521 1010 594 vis,
1033 526 1062 579 et
1082 535 1139 580 non

100 610 218 686 negabit
239 609 301 667 tibi.
344 605 445 665 Oravit
466 607 525 682 ille,
555 612 584 665 et
605 606 756 665 exauditus
778 613 829 664 est.
871 605 920 664 Ab
942 605 990 665 illo
1012 612 1140 682 tempore

99 699 129 756 iu
160 701 274 754 tanturn
304 693 500 753 delectabatur
528 695 557 750 in
588 693 658 752 cibis
687 693 877 769 regularibus,
909 697 942 750 ut
968 692 1006 750 de
1027 693 1140 752 lieentia

98 784 218 842 mmor-is
247 782 436 840 abstinentiae
466 779 575 838 Abbati
607 780 680 841 foret
707 783 894 855 importunus.
937 778 1140 839 NOVICIUS:

99 871 186 929 Beati
207 874 275 927 sunt
297 866 475 941 claustrales,
499 869 547 940 qui
569 866 605 924 ad
627 872 737 925 tanmm
758 865 978 924 familiaritatem
1000 865 1056 924 Dei
1078 866 1140 925 (ie-

99 957 209 1016 nitricis
238 953 433 1013 admittuntur.
476 952 711 1012 MONAOHUS:
744 953 809 1012 Non
837 952 930 1010 solum
959 951 1141 1027 claustrales,

99 1047 159 1103 imo
180 1048 211 1100 et
224 1057 363 1117 personas
389 1040 550 1100 saeculares
573 1057 604 1098 se
628 1039 776 1116 diligentes
798 1045 890 1098 mater
910 1039 1046 1113 pulchrae
1068 1039 1141 1098 dile-

100 1130 204 1190 ctionis
217 1126 233 1209 Ι)
248 1127 338 1203 diligit
356 1127 526 1186 ethonorat.
569 1127 613 1184 Ex
636 1128 740 1200 quibus
762 1129 884 1184 occurrit
904 1127 1008 1184 beatae
1029 1142 1141 1185 memo-

99 1219 161 1278 riae
176 1214 322 1276 Walterus
337 1213 372 1272 de
385 1213 519 1287 Birbeclr,
541 1216 621 1273 euius
640 1231 727 1289 supra
740 1215 768 1270 in
786 1212 905 1272 diversis
925 1213 996 1272 loeis
1018 1215 1141 1287 memini,

100 1319 190 1379 quem
212 1318 270 1360 non
291 1300 384 1359 solum
411 1300 549 1359 inferioris
570 1299 676 1358 ordiris
697 1300 838 1373 homines,
872 1299 922 1358 sed
945 1305 973 1358 et
995 1299 1091 1376 Reges
1113 1306 1141 1359 et

100 1390 246 1466 principes
262 1388 429 1462 nobilesque
451 1387 669 1460 venerabantur,
691 1386 839 1445 audientes
854 1386 993 1445 beneficia
1014 1393 1140 1446 amatre

100 1477 221 1536 Domini
248 1475 289 1532 illi
313 1491 458 1534 concessa.
501 1472 704 1533 NOVIOIUS:
739 1472 827 1532 Cuius
847 1465 928 1552 ΓΜ)
957 1473 1141 1548 professionis

101 1565 238 1637 viriste,
270 1578 306 1620 ex
334 1561 528 1636 superioribus
555 1561 638 1635 novi3
671 1559 722 1618 sed
752 1562 815 1634 quis
842 1560 926 1630 inerit
957 1559 1005 1618 vel
1026 1560 1140 1635 qualem

103 1651 217 1710 duxerit
238 1651 327 1707 vitam
349 1654 416 1706 ante
438 1649 668 1720 conversionem,
697 1649 757 1706 sive
790 1663 944 1705 conversus
971 1650 999 1705 in
1028 1647 1140 1720 ordine,

102 1740 175 1796 scire
191 1726 331 1795 desidero.
375 1732 610 1792 MONACHUS:
634 1732 777 1808 Quicquid
792 1732 827 1791 de
847 1732 922 1792 illius
944 1735 1056 1792 actibus
1077 1751 1141 1793 me-

103 1826 195 1884 moria
218 1821 337 1898 dignum
358 1823 435 1895 novi,
456 1820 515 1879 fida
535 1821 588 1878 tibi
609 1819 734 1895 pandam
755 1818 900 1879 relatione.

379 2009 613 2070 CAPITULUM
648 2009 828 2070 XXXVIII.
838 2005 869 2089 l⁵)

346 2133 415 2193 Vua
437 2133 548 2192 domam
575 2130 698 2191 Woltera'
720 2132 755 2192 de
775 2131 910 2191 Birbeeh.

167 2256 260 2333 Igitur
289 2253 435 2314 Walterus
464 2252 499 2313 de
530 2252 657 2313 Birbeeh
683 2252 753 2312 villa
781 2252 916 2312 oriundus
945 2254 1066 2328 exstitit,
1098 2256 1142 2314 vir

103 2343 184 2404 dives
217 2357 252 2400 ac
283 2348 386 2417 potens
419 2338 476 2420 etr)
505 2341 608 2400 nobilis
638 2339 737 2414 valde,
770 2342 997 2417 consanguineus
1025 2339 1141 2402 Henrici

102 2431 196 2490 Ducis
228 2428 384 2488 Lovaniae
434 2427 490 2503 Qui
523 2445 588 2488 eum
621 2433 697 2486 esset
728 2427 843 2487 militiae
874 2427 1014 2487 saeculari
1045 2429 1140 2490 adhuc

102 2522 200 2576 aetate
220 2515 325 2574 florens
347 2513 472 2591 deditus,
500 2517 578 2574 etin
601 2531 635 2574 ea
655 2520 787 2573 strenuus
809 2517 985 2590 sedeatque
1007 2519 1140 2576 uomina-

102 2611 163 2678 tus,
190 2599 347 2660 Dominam
375 2608 502 2660 nostram
530 2608 660 2661 sanctam
688 2601 745 2660 Dei
776 2599 949 2661 Genitricem
970 2619 1139 2679 semperque

102 2691 254 2767 Virginem
285 2688 408 2748 Mariam
440 2688 477 2747 ab
509 2691 572 2764 ipsa
602 2690 724 2764 pueritia
752 2691 846 2764 coepit
873 2690 1019 2764 invocare,
1052 2696 1081 2748 et
1102 2707 1138 2750 ex

102 2779 204 2835 intimo
226 2775 319 2834 cordis
347 2775 452 2834 affectu
480 2775 608 2850 diligere,
640 2781 727 2850 atque
747 2777 871 2849 ieiuniis,
900 2775 1088 2852 eleemosynis
1109 2785 1145 2836 et

102 2865 257 2922 missarum
286 2862 523 2922 celebrationibus
550 2862 699 2921 honorare.
741 2862 823 2921 Licet
848 2865 923 2922 enim
945 2879 1063 2938 corpore
1085 2862 1138 2924 de-

104 2949 181 3009 ditus
204 2955 292 3022 esset,
325 2955 357 3007 ut
384 2948 491 3008 dictum
519 2955 574 3022 est,
607 2951 805 3023 tornamentis,
837 2948 923 3008 corde
945 2955 1041 3008 tamen
1061 2957 1139 3010 totus

104 3044 166 3096 erat
193 3038 223 3094 in
252 3036 391 3110 obsequio
419 3036 523 3094 beatae
544 3036 677 3112 Virginis.
699 3067 740 3077 —
762 3036 903 3111 Tempore
924 3037 1051 3111 quodam
1072 3053 1139 3098 curn

103 3128 271 3199 properaret
291 3123 330 3180 ad
344 3121 489 3197 quoddam
510 3127 728 3195 tomamentum,
748 3119 882 3202 multos⁴)
904 3123 1007 3183 milites
1027 3123 1139 3184 habeus

103 3212 134 3268 in
155 3211 307 3283 comitatu,
334 3211 536 3283 venissentque
545 3206 565 3288 ⁵)
594 3209 632 3268 ad
661 3207 810 3268 ecclesiam
839 3210 995 3286 quandam,
1022 3211 1084 3270 illos
1106 3219 1140 3271 nt

104 3299 223 3355 missam
256 3295 354 3354 audire
387 3296 493 3355 vellent
522 3296 699 3354 hortabatur.
749 3295 834 3371 Quod
867 3313 932 3356 cum
963 3307 1141 3374 recusarent,

104 3399 218 3442 moram
238 3389 347 3441 mntem
369 3384 424 3442 eibi
445 3383 633 3457 periculosam
655 3398 717 3440 esse
738 3383 964 3460 praetendentes,
983 3385 1038 3444 illis
1058 3403 1140 3446 reec-

105 3469 241 3529 dentibus
269 3472 336 3545 ipse
359 3471 477 3544 mansit,
507 3473 623 3528 missam
652 3468 687 3528 de
716 3476 815 3528 sancta
843 3470 936 3530 Maria
957 3472 1011 3531 sibi
1032 3477 1141 3533 cantari

104 3557 187 3632 feeit,
209 3563 238 3615 et
259 3556 375 3633 obtulit,
398 3557 495 3632 sicque
516 3559 609 3616 socios
630 3557 774 3616 insecutus
796 3563 847 3618 est.
891 3557 944 3618 Cui
966 3577 1032 3620 cum
1052 3559 1141 3637 aliqui

125 3743 156 3810 r)
173 3741 250 3794 recen
269 3742 313 3805 ar,
330 3743 371 3793 24.
391 3771 423 3780 -
441 3742 473 3809 a)
492 3742 531 3794 er
549 3743 656 3794 suern.
677 3769 708 3781 -
726 3742 759 3812 a)
777 3743 865 3795 nomer.
884 3744 913 3795 rr.
932 3761 956 3812 p.
976 3749 1000 3798 5.
1020 3774 1051 3784 -
1071 3745 1103 3813 a)
1121 3745 1142 3798 o

177 3819 204 3862 et
221 3821 339 3878 potens
357 3818 397 3874 et,
414 3802 455 3863 lic
472 3819 504 3864 et
521 3820 638 3880 potens
657 3827 700 3863 ac.
716 3841 745 3852 -
759 3813 792 3881 4)
809 3814 926 3865 multos
944 3814 994 3867 add
1011 3814 1039 3867 ll.
1060 3843 1090 3854 ·-·
1110 3816 1143 3883 5)

178 3879 262 3934 acue
280 3883 504 3949 venissetque.
861 3957 884 4029 3
