2594 4302
449 245 504 311 nn
529 247 755 317 urnuoonrs.
854 203 855 208 Ν

437 373 669 504 ominosum
694 437 758 504 nv.

153 564 201 624 Dc
217 565 323 640 puella
345 571 373 624 ct
393 567 472 624 silice
492 569 525 624 iu
546 569 664 642 signum
685 564 853 624 stabilitatis
874 564 936 624 cius
957 568 1053 625 sciam.

146 685 284 745 Allardus
305 689 436 746 novicius
457 693 570 761 noster,
595 689 671 746 sicut
690 689 759 772 ipse¹
774 685 842 744 mihi
865 685 974 761 retulit,
1003 686 1093 764 habet
1103 681 1120 766 ¹)

82 779 267 832 materteram
302 776 417 832 nomine
446 773 574 849 Juttam,
611 791 685 848 quae
714 779 780 832 ante
810 775 1025 832 conversionem
1055 773 1122 832 licet

9 903 16 914 .
83 876 201 935 corpore
219 860 318 918 fuisset
339 866 427 935 casta,
448 861 578 937 gestibus
600 867 697 919 tamen
718 861 802 918 nimis
824 859 1028 918 ostendebatur
1049 859 1121 919 levis

83 964 118 1006 ac
138 947 257 1006 lasciva.
300 947 370 1006 Erat
395 950 470 1006 enim
491 947 604 1007 nubilis.
648 947 731 1005 Haec
754 964 820 1005 curn
841 947 887 1005 die
909 945 1034 1021 quadarn
1055 963 1121 1005 cum

70 1035 229 1094 sororibus
256 1033 383 1108 luderet,
409 1051 563 1109 germanus
593 1035 654 1092 eius
682 1051 805 1109 magnae
833 1035 980 1110 gravitatis
1003 1031 1121 1092 clericus

83 1121 172 1182 affuit.
209 1120 267 1196 Qui
281 1120 380 1179 dolens
403 1120 438 1179 de
460 1123 563 1180 sororis
585 1119 710 1195 levitate,
732 1121 840 1179 silicem
862 1118 1064 1178 solidissimum
1085 1117 1121 1178 de

83 1210 198 1268 flumine
221 1206 295 1282 tulit,
317 1213 346 1266 et
366 1209 421 1266 ait:
443 1207 526 1266 Prius
550 1205 696 1267 scindetur
717 1206 790 1282 lapis
811 1209 865 1265 iste
887 1209 916 1264 in
937 1223 1024 1264 manu
1047 1223 1121 1280 mea,

84 1313 171 1372 quarn
199 1310 279 1352 soror
300 1311 366 1354 mea
386 1293 470 1354 Jutta
491 1293 601 1354 stabilis
622 1293 688 1368 fiat,
710 1311 744 1353 ac
767 1294 906 1353 monialis.
948 1292 1030 1351 Deus
1051 1309 1120 1351 vero

83 1388 116 1441 ut
136 1379 298 1441 ostenderet
311 1380 456 1440 hominem
469 1399 526 1440 non
541 1397 604 1439 esse
625 1380 808 1439 iudicandum
830 1378 988 1438 secundum
1008 1379 1120 1454 faciem,

84 1486 151 1528 mox
179 1468 287 1526 silicem
317 1471 345 1525 in
372 1485 459 1526 manu
489 1471 549 1526 eius
576 1465 668 1525 scidit.
712 1466 798 1543 Quod
826 1468 876 1524 ubi
903 1466 952 1525 illa
975 1469 1120 1542 comperit,

85 1565 144 1615 turn
157 1555 246 1614 verbo
268 1554 368 1629 fratris,
390 1560 452 1612 turn
474 1553 610 1612 miraculo
631 1553 734 1628 lapidis
757 1560 937 1628 compuncta,
958 1555 1064 1628 nuptiis
1085 1569 1121 1616 ac

85 1642 200 1702 saeculo
213 1639 358 1716 valedixit,
380 1646 409 1699 et
422 1644 451 1698 in
461 1635 592 1724 ,claustro
607 1641 863 1700 sanctimonialium
881 1643 927 1698 cui
949 1639 1134 1699 vocabulum-

84 1736 128 1789 est
148 1728 296 1787 Bethbure
304 1723 340 1808 ²),
370 1726 511 1802 religionis
532 1726 663 1786 habiturn
685 1729 825 1803 suscepit,
853 1726 976 1785 eundem
995 1725 1121 1802 lapidem

84 1813 284 1890 usquehodie
299 1817 329 1872 in
351 1816 543 1873 testimonium
566 1817 704 1873 castitatis
726 1821 813 1887 atque
835 1814 1027 1873 conversionis
1050 1829 1120 1872 suae

83 1919 242 1962 reservans.
290 1900 372 1960 Haec
409 1901 486 1960 dicta
513 1902 570 1959 sint
591 1900 627 1959 de
650 1899 804 1959 elementis.
846 1901 947 1960 Placet
967 1916 1044 1958 nunc
1065 1896 1138 1958 au?

84 1990 144 2048 dire
166 1987 274 2063 aliquid
294 1987 457 2046 miraculosi
478 1987 513 2046 de
534 1987 579 2045 his
601 1988 727 2062 quaein
747 1987 801 2046 illis
823 1993 989 2062 moventur,
1017 1981 1124 2046 avibus*

84 2076 207 2150 scilicet,
239 2076 382 2151 piscibus,
414 2074 584 2133 animalibus
616 2069 678 2152 ac³)
707 2073 877 2147 reptilibus?
916 2069 1119 2132 NOVICIUS:

83 2163 192 2221 Placet.
234 2159 470 2222 MONACHUS:
501 2160 586 2237 Quod
609 2159 736 2219 dicturus
757 2179 837 2235 sum,
864 2167 960 2220 utrum
983 2160 1120 2235 scriptum

84 2251 121 2308 sit
135 2265 250 2324 annon,
271 2251 387 2324 ignor03
411 2265 465 2324 ego
488 2251 563 2307 euim
584 2247 653 2305 illud
675 2264 733 2306 non
755 2246 841 2305 didici
863 2265 898 2308 ex
918 2245 1048 2321 lectione,
1068 2244 1121 2306 sed

83 2353 119 2395 ex
142 2337 290 2396 cuiusdam
311 2335 434 2413 religiosi
455 2331 538 2416 viril)
560 2333 706 2394 relatione.

438 2526 671 2587 CAPITULUM
698 2526 791 2608 LVI.

80 2651 128 2710 Dc
152 2649 271 2708 acicula
293 2631 402 2708 meritis
423 2653 518 2709 cuncti
534 2650 665 2708 lbornoc
675 2648 813 2724 Episcopi
834 2663 855 2704 o
875 2647 964 2706 miluo
987 2643 1121 2705 liberata.

147 2771 282 2828 Matrona
306 2771 450 2843 quaedam
471 2772 589 2830 beatum
610 2770 753 2829 Thomam
775 2767 1009 2828 cantuariensem
1030 2767 1122 2843 pluri·

80 2875 162 2916 mum
185 2855 313 2930 diligens,
335 2856 456 2916 assiduis
477 2857 687 2915 infirmitatibus
707 2855 874 2931 laborabat3
900 2861 1015 2914 etcum
1037 2853 1121 2913 dolo·

79 2943 161 3002 ribus
190 2939 385 3021 angeretur⁵),
423 2942 546 3001 eundem
575 2949 726 3019 martyrem
757 2942 801 3000 his
829 2942 924 3002 verbis
951 2940 1121 3000 invocabat:

78 3031 187 3090 Sancte
215 3030 308 3103 inquit
339 3029 452 3087 Thoma
479 3028 585 3088 adiuva
613 3047 669 3088 me.
693 3029 848 3088 *Habebat
876 3023 999 3107 autem⁶)
1021 3029 1145 3088 nescio,
1214 3103 1215 3106 Ἴ

77 3121 160 3178 cuius
181 3117 294 3194 generis
315 3115 466 3190 aviculam,
488 3133 562 3190 quae
585 3132 620 3174 ex
642 3116 807 3174 assiduitate
828 3114 977 3189 audiendi,
999 3113 1120 3174 eundern

75 3203 211 3264 absolute
233 3204 303 3262 satis
324 3202 449 3278 prolerre
472 3202 608 3261 didicerat
629 3204 795 3261 orationem.
826 3201 883 3261 Die
906 3202 1030 3277 quadam
1052 3200 1119 3258 mil-

76 3310 132 3350 vus
163 3297 244 3350 extra
274 3288 476 3348 domunculam
505 3306 569 3347 eam
590 3287 706 3364 videns,
731 3290 833 3363 rapuit,
855 3294 884 3348 et
905 3288 1041 3347 avolavit.
1083 3286 1119 3344 In

74 3371 149 3453 ipso
169 3384 255 3452 raptu
276 3376 353 3435 *dum
375 3377 519 3451 unguibus
540 3373 614 3433 illius
636 3377 698 3433 avis
719 3381 909 3451 premeretur,
938 3376 1047 3435 cunctis
1070 3376 1120 3448 qui

76 3465 201 3524 aderant
223 3462 405 3523 audientibus
429 3462 563 3521 clamavit
586 3462 621 3520 de
643 3478 724 3520 aere:
753 3461 859 3541 Sancte
881 3461 993 3520 Thomu
1015 3455 1121 3519 adiuva

75 3569 134 3611 me.
177 3551 217 3611 Ut
246 3557 343 3610 autem
373 3549 509 3608 mirabilis
536 3548 618 3607 Deus
645 3550 778 3624 martyris
806 3549 850 3606 sui
874 3548 1121 3623 merita'pretiosa

75 3637 301 3712 demonstraret,
330 3637 418 3696 milvo
439 3642 471 3694 ut
500 3634 644 3695 aviculam
667 3634 819 3694 dimitteret
840 3637 994 3710 praecepit.
1037 3633 1121 3709 Quae

93 3756 126 3823 1)
145 3753 165 3806 B
183 3753 306 3806 habuit.
320 3783 351 3793 -
371 3753 403 3821 2)
420 3751 539 3815 Bedbur‚
554 3754 624 3803 iuxta
645 3749 789 3818 oppidulum
808 3748 905 3802 Calcur.
920 3780 950 3790 -
968 3749 1000 3816 3)
1018 3746 1061 3801 EF
1079 3757 1121 3799 et.
1203 3751 1205 3755 ‘

149 3853 175 3862 —
191 3823 223 3889 4)
237 3823 278 3875 ΕΡ
296 3824 356 3876 viri
375 3831 409 3874 r'e
425 3822 550 3890 ligiosi.
561 3832 596 3860 '-
609 3821 642 3889 5)
654 3819 698 3874 ΑΡ
716 3827 880 3890 ageretur.
900 3847 931 3858 -
948 3817 1013 3886 6)c
1030 3818 1120 3870 enim.
