2594 4302
531 221 760 332 nunmcrro
780 259 892 330 noas

538 419 772 523 csrnuuuu
789 461 876 524 xvr.
917 497 924 513 .

283 579 332 642 Dc
353 581 471 642 miecio
492 581 646 644 combreto
667 591 696 644 et
716 599 840 661 copore
859 581 986 643 nonos
1009 583 1130 641 briccio.

252 703 319 764 Non
347 709 392 764 cst
420 703 469 764 diu
491 703 569 780 quod
591 704 735 782 quaedam
763 704 885 766 ecclesia
904 706 935 764 in
955 704 1104 781 provincia
1129 707 1222 762 nostra

189 796 291 852 exusta
312 797 363 852 est
407 789 538 867 Cumque
560 795 657 852 omnia
679 809 754 868 quae
775 793 896 852 cremari
908 798 1041 869 poterant
1061 793 1091 850 in
1104 791 1223 850 cinerem
1276 799 1277 812 ¹

187 877 307 938 fuissent
326 877 451 953 redacta,
472 879 593 940 flammis
614 882 714 955 sopitis
727 879 858 940 homines
878 881 1018 939 intrantes
1038 877 1132 938 solam
1151 875 1224 954 pixi-

188 963 255 1024 dem
291 983 356 1025 oum
393 981 511 1042 corpore
544 963 653 1024 Christi
683 966 813 1026 illaesam
835 983 922 1042 super
942 965 1034 1026 altare
1053 969 1226 1042 repererunt

189 1047 275 1128 Quod
301 1069 354 1134 pro
384 1051 522 1112 miraculo
542 1070 650 1130 magno
670 1054 746 1114 dent
765 1070 866 1118 reuera
886 1053 955 1130 tuit,
984 1051 1116 1112 Conrado
1137 1051 1226 1111 Priori

187 1138 259 1200 Loci
286 1145 403 1200 sancus
424 1139 534 1200 Mariae
561 1147 592 1200 et
612 1140 675 1200 aliis
697 1157 785 1216 qnam
805 1139 937 1216 pluribus
957 1139 1112 1200 relerentes
1133 1139 1227 1198 Deum

186 1226 435 1304 glorificaverunt,
461 1227 615 1302 plurimum
643 1244 696 1304 per
720 1227 777 1288 hoc
805 1229 834 1286 in
863 1226 922 1287 fide
951 1227 1110 1287 confortati.
1154 1225 1227 1286 Ecce

85 1335 87 1342 ·
187 1312 280 1374 habes
301 1331 337 1374 ex
349 1311 365 1393 ¹)
386 1311 520 1389 hisquae
539 1313 705 1390 dictasunt,
725 1313 940 1374 evidentissima
952 1320 1133 1390 argumenta,
1154 1309 1228 1388 quod

188 1403 267 1460 omni
288 1407 445 1475 creaturae,
465 1401 635 1476 rationabili,
656 1406 689 1460 ut
710 1400 827 1476 homini,
847 1401 1041 1475 irrationabili,
1061 1407 1095 1459 nt
1116 1403 1226 1460 anima·

110 1557 113 1564 ‚
187 1486 277 1563 libus,
297 1487 467 1563 insensibili,
489 1504 582 1563 aquae
603 1487 726 1563 scilicet,
752 1494 859 1562 terrae,
881 1491 940 1546 aeri
962 1493 991 1547 et
1011 1489 1086 1563 igni,
1106 1486 1227 1548 manile·

189 1581 266 1634 stata
272 1570 293 1654 ²)
307 1577 344 1634 cit
356 1577 447 1634 virtus
458 1573 545 1632 divini
555 1574 640 1634 huius
650 1575 832 1634 sacramenti.
852 1573 1057 1634 NOVICIUS:
1072 1573 1153 1634 Satis
1163 1572 1227 1632 mihi

125 1725 128 1736 ,
188 1662 343 1738 probatum
364 1659 508 1736 estquod
529 1661 583 1720 sub
598 1664 693 1736 specie
715 1663 798 1737 panis
819 1663 858 1720 eit
876 1675 1095 1736 verum‘corpus
1110 1660 1226 1735 Christi3

189 1765 265 1808 nunc
287 1754 384 1808 autem
406 1764 505 1808 verum
528 1749 588 1807 eins
611 1751 780 1826 sanguinem
802 1764 866 1808 esse
887 1748 941 1808 sub
964 1750 1060 1824 specie
1082 1749 1160 1824 vini,
1192 1748 1227 1806 si-

189 1835 304 1895 milibus
324 1833 394 1894 mihi
415 1834 553 1911 exemplis
574 1835 718 1895 ostendas.
760 1831 998 1895 MONAOHUS:
1019 1833 1144 1894 Noveris
1162 1850 1228 1894 oon-
1276 1889 1277 1910 ,

124 1957 127 1964 ·
189 1921 295 1983 similes
324 1939 427 1982 causas
464 1937 527 1980 esse
548 1919 785 1997 subsequentium
805 1921 949 1981 visionum
971 1917 1073 2002 quas⁸)
1096 1927 1128 1981 et
1147 1937 1229 1997 praa·
1276 1917 1277 1962 ἲ

69 2079 71 2088 ,
190 2009 361 2070 cadentium.
404 2007 601 2084 Quibusdam,
628 2015 661 2068 ut
681 2009 777 2083 iustis,
809 2008 900 2068 lomna
924 2009 1071 2086 sanguinis
1104 2006 1229 2068 ostendi·

190 2102 251 2174 tur,
280 2095 318 2156 ad
340 2093 500 2155 devotionis
522 2112 592 2156 suae
613 2095 884 2171 remunerationem
915 2091 951 2155 dc
973 2101 1157 2156 sacramento
1179 2094 1229 2154 du-

187 2181 360 2258 btunnbus,
380 2181 419 2243 ad
441 2181 690 2260 confortationem
712 2181 787 2242 male
807 2182 987 2258 viventibus,
1014 2179 1053 2242 ad
1074 2183 1229 2260 correptio·

188 2285 264 2332 nem.
306 2269 383 2331 Ecce
404 2268 544 2348 exempla

530 2457 764 2522 carnotum
785 2457 887 2521 nvn.
971 2435 974 2450 ’

79 2559 82 2566 ’
211 2585 261 2644 ne
280 2581 396 2643 lacau
414 2582 540 2642 neree
562 2583 614 2658 que
633 2581 766 2658 focem
788 2583 943 2658 semaa
963 2581 1040 2642 eoae
1058 2583 1091 2642 a
1112 2583 1210 2642 cauce

255 2706 355 2766 Bonae
381 2705 537 2765 memoriae
567 2701 673 2764 Daniel
703 2701 807 2763 Abbas
839 2701 1017 2778 Samariae,
1056 2703 1228 2780 quandoque

190 2791 272 2853 Prior
292 2800 405 2868 noster,
422 2793 500 2852 'cum
522 2787 598 2871 diei)
620 2791 745 2867 quodam
765 2793 884 2850 missam
906 2787 1078 2866 celebraret,
1109 2791 1228 2852 sormam

190 2881 308 2941 humani
328 2881 474 2957 sanguinis
495 2879 524 2936 in
547 2877 634 2938 calice
655 2871 735 2936 vidit.
776 2875 817 2960 Et
837 2879 906 2952 qnia
926 2883 995 2938 tunc
1014 2881 1154 2954 temporis
1174 2893 1227 2938 non

189 2965 242 3028 fuit
274 2969 327 3028 sibi
350 2967 481 3027 conscius
503 2963 622 3024 alicuius
643 2963 786 3040 mortalis,
815 2963 936 3024 eandem
958 2965 1097 3025 visionem
1118 2981 1227 3042 nequa·

191 3071 279 3134 quam
306 3055 360 3114 sibi
391 3052 430 3113 ad
455 3051 605 3128 iudicium,
641 3051 693 3112 sed
730 3050 768 3111 ad
797 3051 1021 3112 consolationem
1062 3069 1227 3114 concessam

190 3145 324 3220 speravit.
379 3139 475 3200 Huius
506 3140 625 3199 visionis
656 3139 737 3198 testis
773 3145 818 3198 est
856 3135 1035 3220 Germdus⁵)
1071 3139 1226 3201 monachus

190 3237 299 3304 noster,
318 3226 473 3304 aliquando
496 3226 707 3287 concanonicus
728 3227 789 3286 eius
810 3227 840 3286 in
868 3227 968 3287 maiori
990 3224 1112 3288 ecclesia
1141 3225 1227 3287 Golo-

188 3319 263 3378 niac.
307 3314 495 3392 Comparetur
520 3307 633 3393 igitnr⁶)
655 3314 727 3373 visio
748 3312 821 3376 haec
843 3315 945 3375 visioni
966 3312 1154 3390 Godescalci,
1181 3313 1227 3390 qni

187 3403 347 3466 Dominum
372 3401 445 3462 vidit
472 3401 526 3462 sub
547 3403 643 3477 specie
664 3401 747 3477 panis
767 3404 797 3460 in
818 3401 909 3462 lorma
929 3401 1059 3476 infantis,
1088 3404 1163 3462 sicut
1184 3399 1227 3460 di·

189 3497 268 3554 ctum
289 3495 334 3551 est
354 3486 480 3566 capitulo
501 3487 637 3548 secundo.
669 3487 759 3548 Porro
773 3487 851 3564 quod
872 3485 1026 3563 aliquando
1046 3487 1138 3548 forma
1159 3505 1226 3548 san·

188 3579 282 3658 guinis
310 3575 484 3652 quibusdam
511 3575 547 3635 da
576 3581 756 3636 sacramento
784 3574 981 3634 dubitantibus
1002 3573 1170 3636 ostendatur
1190 3571 1226 3635 ad

190 3664 435 3739 confortationem,
456 3678 550 3723 sermo
573 3677 696 3739 sequens
719 3658 883 3742 declarav).

207 3781 239 3852 l)
257 3779 278 3838 O
295 3779 422 3904 lna-23
439 3777 484 3834 ab
500 3776 801 3848 macilentae-AN
820 3791 910 3847 quae.
928 3775 1102 3848 -mtnct’
1117 3777 1150 3830 in
1168 3774 1223 3830 dic.

259 3849 382 3920 -ffle
429 3845 1222 3919 eruardus.-6)'igituruuAD.-7)Cdcclarabit
