2580 4316
450 867 799 976 CAESARE

244 1121 294 1214 ΙΝ
318 1113 593 1214 ”otltotlll
623 1110 970 1218 lllltltllltltlllt

418 1339 827 1424 PRoLofflJS.

542 1544 698 1600 ᾧ

131 1796 292 1928 colligite
324 1848 514 1926 fragmento
541 1865 577 1905 ne
600 1854 728 1924 pereant
744 1843 772 1924 9.
820 1846 894 1905 Cum
916 1863 951 1906 ex
974 1846 1070 1906 debito
1093 1849 1138 1903 in-

69 1960 181 2018 iunctae
217 1951 447 2015 sollicitudinis
475 1950 569 2026 aliqua
598 1969 633 2010 ex
668 1951 712 2010 hia
743 1969 817 2028 quae
845 1953 875 2009 in
910 1951 1016 2010 ordine*
1040 1941 1138 2010 nostro

68 2065 169 2122 nostris
192 2059 400 2135 temporibus
436 2055 602 2114 miraculose
634 2061 717 2132 gesta
746 2062 813 2114 sunt
842 2061 871 2114 et
899 2056 1024 2130 quotidie
1053 2055 1138 2128 fiunt,

69 2171 220 2226 recitarem
243 2164 404 2233 noviciis,
435 2166 550 2235 rogatus
579 2178 684 2219 suma
706 2157 911 2240 quibusdam²)
942 2179 1008 2219 cnm
1029 2163 1139 2218 instan-

69 2272 108 2330 tia
128 2269 244 2343 multa,
284 2264 402 2325 eadem
432 2264 536 2338 scripto
567 2269 747 2340 perpetuare.
789 2264 935 2323 Dicebant
963 2267 1040 2323 enim
1067 2267 1139 2322 irre·

69 2373 241 2450 superabile
282 2372 354 2430 fore
395 2367 547 2442 damnum,
586 2369 611 2426 si
651 2385 685 2426 ca
712 2370 837 2444 perirent
868 2387 919 2446 per
952 2370 1140 2444 oblivionem,

69 2497 143 2554 quae
177 2478 323 2554 posteris
362 2489 428 2531 csse
460 2479 592 2547 poterant
631 2472 669 2531 ad
698 2472 936 2532 aedificationem.
992 2473 1066 2532 Cum
1099 2473 1137 2532 ad

70 2583 125 2640 hoc
145 2584 250 2640 minua
277 2593 382 2638 essem
402 2579 533 2652 paratus,
562 2582 624 2634 tum
652 2583 768 2654 propter
788 2577 883 2636 Latini
912 2579 1051 2636 sermonis
1073 2579 1138 2636 ino-

68 2688 161 2762 piam,
191 2691 262 2744 tum
287 2685 414 2758 propter
441 2665 602 2739 invidorum
624 2680 843 2756 detractionem,
873 2684 995 2740 accessit
1015 2679 1139 2740 Abbati«

71 2793 127 2849 mci
148 2767 334 2865 imperium,
357 2801 411 2842 nec
433 2800 491 2843 non
505 2783 669 2844 etlibbatis
690 2785 762 2844 Loci
775 2794 891 2845 sanctae
903 2783 1045 2866 Maliaci)
1069 2803 1139 2845 con-

91 2975 122 3042 1)
139 2973 240 3027 laban.
262 2971 300 3035 6,
320 2969 363 3021 12.
386 2967 518 3044 Caesarium
542 2971 568 3022 in
592 2969 682 3022 llomil.
703 2971 733 3022 ll.
746 2987 782 3038 lp.
808 2970 855 3022 71:
893 2971 1059 3040 „Fragmenta
1083 2981 1141 3022 sunt

142 3060 283 3115 memoria
311 3055 390 3124 digna
412 3058 532 3108 virtutum
555 3057 684 3124 exempla:
709 3057 740 3109 de
765 3057 855 3126 quibus
879 3061 986 3110 maxima
1007 3057 1140 3127 diligentia

143 3147 231 3199 debet
252 3159 319 3195 essa
338 3142 461 3210 praelato,
479 3153 506 3200 ut
517 3144 643 3214 aliquibus
662 3144 782 3196 iratribus
800 3144 905 3196 literatis
923 3144 964 3196 illa
983 3161 1029 3212 per
1047 3147 1139 3212 script-a

71 3238 73 3246 '
145 3234 284 3302 colligere
304 3213 457 3298 praecipuit,
484 3244 517 3284 ne
541 3247 587 3300 per
610 3231 761 3284 oblivionem
779 3241 892 3298 pareant.
928 3231 983 3300 Ego
1015 3231 1138 3300 siquidem

144 3322 261 3378 Abbate
282 3333 342 3370 mac
361 3319 539 3385 praecipiente,
555 3326 584 3370 'et
601 3319 705 3370 bairum
724 3321 828 3370 caritate
845 3321 990 3388 instigante,
1007 3319 1138 3374 duodecim

148 3406 299 3477 sportellas
317 3404 421 3471 implevi
439 3406 634 3473 eriiragmcutia
653 3405 811 3476 huiusmodi,
828 3406 955 3476 dialogum
973 3423 1004 3458 ex
1022 3409 1059 3458 eir
1076 3423 1139 3459 cou-

147 3493 271 3548 iiciendo
290 3489 424 3542 duodecin
442 3491 654 3544 distinctionum
675 3521 705 3534 -
725 3493 758 3560 2)
776 3491 796 3545 C
813 3494 906 3546 multis.
925 3523 956 3534 -
975 3494 1008 3562 3)
1025 3494 1074 3548 boc
1091 3505 1139 3554 cst

150 3585 335 3640 llarienstatt„
351 3580 379 3630 in
397 3579 590 3632 Westcrwaldia
613 3595 693 3647 prope
714 3580 896 3650 llachenburg:
908 3579 954 3631 'de
972 3597 1021 3648 qua
1039 3581 1139 3634 abbatia

151 3669 218 3722 vide
250 3667 283 3719 Α.
306 3665 448 3718 liauimann
470 3667 496 3718 in
519 3666 584 3718 libro
606 3667 665 3720 ab.
682 3666 790 3730 Lersclr,
817 3667 921 3721 Βοηιιιιο
944 3667 1026 3731 1843,
1054 3667 1138 3720 edito:

151 3751 417 3810 Niederrbeiniacbas
433 3751 560 3808 Jahrbuch'
578 3754 618 3806 fiir
635 3753 796 3819 aeschine,
812 3763 860 3806 etc.
879 3754 897 3805 l.
916 3769 941 3820 p.
961 3752 1018 3804 115.

855 3829 874 3899 1
