2538 4314
154 252 215 324 ns
470 246 700 310 oleumcum
720 245 870 308 uenum

151 371 294 431 Dominus
315 370 404 428 menti
425 369 495 444 eius,
517 387 603 445 quem
626 368 727 444 eadem
748 368 821 430 hora
842 370 913 428 satis
935 366 1083 445 diligenter
1104 369 1202 428 invo-

152 463 283 532 caverat,
315 456 393 532 qnod
414 463 514 518 cenna
533 459 684 516 imminens
704 456 863 532 periculum
886 455 1024 516 consessio
1046 473 1202 514 summum

149 546 223 605 toret
243 543 409 605 remedium.
451 543 490 602 Et
511 542 654 602 divertens
676 561 695 602 a
716 543 839 617 domino,
862 544 944 617 quasi
961 542 999 601 ad
1011 542 1203 602 saussacien·

152 632 221 692 dum
241 637 369 706 naturae,
390 633 469 690 venit
489 630 528 690 ad
548 633 695 705 rusticum,
717 630 862 690 confessus
885 635 929 688 est
941 636 1102 704 peccatum,
1124 645 1202 687 sus-

152 721 227 795 cepit
247 719 460 793 poenitentiam.
503 717 606 778 Statim
627 733 758 776 reversus
779 716 818 776 ad
838 716 965 790 militem,
986 715 1022 775 de
1043 715 1095 774 tali
1104 732 1203 792 opere

151 805 220 866 nihil
241 807 450 880 suspicantem,
478 803 563 863 simul
591 810 731 865 venerumt
759 801 796 862 ad
824 803 1001 862 daemonem.
1046 802 1202 878 Quicum

35 961 38 971 y
151 909 267 954 servum
287 891 456 965 adulterum,
477 893 535 950 imo
558 891 593 949 de
615 890 755 950 adulterio
776 891 834 948 iam
854 889 1046 964 iustificatum,
1068 889 1201 966 diligen·-

151 982 208 1038 tins
230 982 348 1038 intuitus
370 978 484 1052 fuisset,
514 979 554 1037 ait
575 977 672 1036 miles:
699 977 775 1050 Dic,
803 979 828 1036 si
850 976 957 1052 aliquid
977 978 1053 1035 nosti
1074 976 1110 1036 de
1132 975 1200 1034 illo.

152 1066 312 1142 Respondit
333 1065 469 1124 daemon:
498 1064 592 1138 Multa
614 1064 650 1123 de
672 1081 707 1144 eo
728 1065 812 1138 novi,
839 1081 915 1139 quae
937 1062 1023 1122 modo
1042 1059 1058 1142 ¹)
1080 1065 1201 1139 ignore.

152 1154 257 1229 Sisque
277 1169 329 1228 per
350 1153 485 1210 virtutem
507 1151 692 1210 confessionis
712 1150 848 1210 liberatus
871 1157 915 1210 est
935 1167 1035 1209 servus
1043 1147 1064 1229 ²)
1078 1168 1099 1209 a
1111 1165 1201 1209 mor-

152 1247 194 1315 te,
224 1246 253 1298 et
282 1239 412 1297 dominus
441 1256 459 1296 a
488 1239 659 1312 suspicione.
709 1237 799 1297 Vides
828 1245 967 1313 qnantum
995 1236 1092 1296 valeat
1120 1254 1201 1296 vera

152 1325 314 1387 confessio?
356 1323 560 1384 NOVICIUS:
592 1324 672 1400 Quae
695 1330 738 1382 est
758 1341 828 1383 vera
850 1322 1012 1382 confessio?
1055 1321 1199 1382 MONA·

153 1412 271 1472 CHUS:
298 1412 334 1470 In
357 1429 414 1486 qua
435 1411 548 1468 firmum
568 1413 746 1486 propositum
768 1417 812 1470 cst
832 1409 1031 1470 satisfaciendi.
1072 1408 1199 1469 NOVI-

153 1499 254 1560 GIUS:
288 1498 363 1574 Quid
386 1500 411 1557 si
430 1500 494 1574 ipsa
515 1497 669 1557 satisfactio
690 1499 818 1556 iniuncta
838 1496 1014 1573 negligitur?
1057 1495 1200 1556 MONA-

154 1585 269 1646 OHUS:
291 1585 322 1645 Si
343 1587 406 1660 ipsa
427 1584 600 1660 negligentia
620 1602 679 1644 nou
700 1585 784 1643 firerit
806 1601 841 1642 cx
861 1583 1037 1657 infirmitate,
1071 1586 1133 1642 sive
1159 1599 1199 1642 ex

152 1674 331 1746 necessitate,
353 1671 404 1730 sed
425 1673 551 1730 iniuncta
564 1673 748 1746 poenitentia,
770 1676 802 1729 nt
823 1688 910 1745 saepe
925 1672 1070 1748 contingit,
1092 1672 1200 1745 parvi·

152 1759 284 1836 penditur
307 1766 335 1819 et
357 1760 560 1832 contemnitur,
587 1765 740 1835 peccatum
767 1760 825 1817 iarn
854 1757 1004 1816 dimissum
1033 1759 1199 1816 revertitur.

152 1847 272 1906 Etiamsi
293 1852 443 1922 peccatum
466 1845 549 1904 inerit
570 1845 692 1920 veniale,
714 1851 742 1904 et
763 1846 938 1920 poenitentia
956 1861 1008 1919 per
1019 1844 1200 1903 oblivionem

149 1934 319 2012 negligatur,
340 1951 398 1993 non
420 1931 483 1992 dico
506 1931 584 2008 quod
605 1949 700 2008 poena
719 1931 794 1990 illins
816 1933 928 2007 peceati
948 1931 1099 2008 perillam
1117 1931 1199 1990 obli-

154 2023 266 2082 vionem
278 2019 421 2080 deleatur.

500 2199 733 2288 cnrrruurun
753 2222 843 2307 ivr)
867 2266 870 2271 -

153 2369 199 2426 De
220 2368 385 2440 sacodote,
418 2370 470 2442 qui
485 2385 545 2443 pro
566 2369 702 2426 illusione
722 2374 872 2426 nocturno
888 2366 1042 2442 psalmum
1064 2369 1096 2424 in
1118 2382 1194 2426 eou-

253 2455 380 2530 fusione
400 2457 566 2514 iniunctum
587 2455 743 2530 negligens,
765 2457 798 2514 in
819 2451 1087 2529 tocioperritulibus

568 2544 696 2616 punitus
719 2547 768 2599 est.

216 2679 358 2739 Sacerdos
380 2677 498 2754 quidam
517 2680 547 2736 in
570 2677 655 2738 dorno
676 2684 789 2752 nostra,
818 2677 892 2736 sicut
921 2678 958 2736 ab
981 2677 1041 2736 eins
1064 2692 1113 2736 ore
1135 2695 1193 2736 an-

152 2767 223 2841 divi,
259 2765 305 2825 die
335 2763 460 2841 quadam
490 2766 697 2825 confessionem
724 2765 792 2824 iecit
820 2762 855 2823 de
883 2763 1014 2823 illusione
1042 2769 1192 2824 nocturna.

153 2853 301 2912 Ininnctus
324 2859 367 2911 est
389 2854 415 2912 ei
435 2851 564 2929 psalmus
585 2870 660 2911 unus
691 2868 742 2927 pro
765 2852 965 2910 satisfactione.
1009 2849 1103 2925 Quem
1124 2868 1191 2910 cnm

150 2957 202 3016 per
224 2939 398 2999 oblivionem
429 2939 599 3016 negligeret,
633 2938 735 2998 eadem
764 2937 825 3012 die,
857 2940 933 2997 eirca
959 2937 1024 2997 loca
1055 2937 1192 3013 genitalia

65 3037 67 3044 '
150 3033 262 3086 tantum
285 3029 380 3102 coepit
400 3028 540 3101 pruritum
562 3032 591 3084 et
612 3026 744 3085 ardorem
766 3027 885 3099 sentire,
913 3041 949 3084 ac
976 3026 1000 3083 si
1030 3026 1107 3082 carni
1129 3027 1191 3085 eius

151 3114 284 3174 ardentes
313 3115 421 3172 mticae
456 3119 550 3172 essent
579 3115 736 3189 appositae.
787 3111 842 3187 Qui
875 3128 940 3170 eum
972 3112 1085 3170 territus
1110 3118 1190 3171 tactu
1264 3115 1265 3120 ’

151 3200 313 3277 exploraret
334 3199 403 3276 qnid
426 3207 508 3274 esset,
531 3205 560 3258 et
581 3199 650 3258 nihil
671 3200 778 3259 ibidem
800 3201 948 3273 nveniret,
970 3197 1133 3257 recordatus
1146 3206 1190 3258 est

150 3287 254 3364 psalmi
275 3289 392 3346 iniuncti
414 3292 443 3346 et
471 3287 601 3363 neglecti.
644 3286 855 3362 Imputansqne
883 3287 1038 3343 immissam
1066 3301 1189 3361 poenam

151 3374 245 3434 eidem
267 3376 492 3451 transgressioni,
513 3373 657 3450 psalmum
679 3373 757 3447 dixit,
779 3379 808 3432 et
820 3372 902 3431 dolor
913 3373 1083 3447 conquievit.
1111 3371 1188 3432 Gon-

149 3461 235 3522 litens
256 3462 354 3539 fugere
377 3460 463 3520 debet
484 3461 667 3520 oblivionem.
711 3459 789 3518 Audi
811 3459 888 3518 aliud
911 3459 1080 3534 exemplum.

167 3751 235 3873 Q?
260 3766 351 3873 unffi
371 3779 400 3791 -
430 3750 462 3818 2]
488 3749 531 3804 Cl)
554 3765 671 3804 servus
698 3748 866 3802 liberatus
893 3758 954 3802 ert.
985 3779 1015 3790 -
1044 3749 1076 3817 *J
1100 3748 1184 3805 llonril.

231 3837 280 3888 ,μ
352 3858 357 3872 .
