<?xml version="1.0" encoding="UTF-8"?>
<!DOCTYPE html PUBLIC "-//W3C//DTD XHTML 1.0 Transitional//EN"
    "http://www.w3.org/TR/xhtml1/DTD/xhtml1-transitional.dtd">
<html xmlns="http://www.w3.org/1999/xhtml" xml:lang="en" lang="en">
 <head>
  <title>
</title>
<meta http-equiv="Content-Type" content="text/html;charset=utf-8" />
  <meta name='ocr-system' content='tesseract 3.04.00' />
  <meta name='ocr-capabilities' content='ocr_page ocr_carea ocr_par ocr_line ocrx_word'/>
</head>
<body>
  <div class='ocr_page' id='page_1' title='image "./caesariiheister05stragoog/caesariiheister05stragoog_0672.png"; bbox 0 0 2594 4302; ppageno 0'>
   <div class='ocr_carea' id='block_1_1' title="bbox 455 275 1124 376">
    <p class='ocr_par' dir='ltr' id='par_1_1' title="bbox 455 275 1124 376">
     <span class='ocr_line' id='line_1_1' title="bbox 455 275 1124 376; baseline -0.003 -40"><span class='ocrx_word' id='word_1_1' title='bbox 455 278 510 337; x_wconf 87' lang='lat' dir='ltr'><strong>DE</strong></span> <span class='ocrx_word' id='word_1_2' title='bbox 535 275 762 339; x_wconf 79' lang='lat' dir='ltr'><strong>MIRAGULIS.</strong></span> <span class='ocrx_word' id='word_1_3' title='bbox 976 361 978 376; x_wconf 37' lang='grc' dir='ltr'>Ι</span> <span class='ocrx_word' id='word_1_4' title='bbox 1065 279 1124 335; x_wconf 78' lang='grc'><strong>247</strong></span> 
     </span>
    </p>
   </div>
   <div class='ocr_carea' id='block_1_2' title="bbox 85 395 1191 2208">
    <p class='ocr_par' dir='ltr' id='par_1_2' title="bbox 85 395 1191 2208">
     <span class='ocr_line' id='line_1_2' title="bbox 91 395 1127 478; baseline -0.001 -21"><span class='ocrx_word' id='word_1_5' title='bbox 91 398 158 458; x_wconf 93' lang='lat' dir='ltr'><strong>dore</strong></span> <span class='ocrx_word' id='word_1_6' title='bbox 183 399 320 458; x_wconf 82' lang='lat' dir='ltr'><strong>nitebant.</strong></span> <span class='ocrx_word' id='word_1_7' title='bbox 364 397 419 476; x_wconf 90' lang='lat' dir='ltr'><strong>Qui</strong></span> <span class='ocrx_word' id='word_1_8' title='bbox 441 405 537 458; x_wconf 89' lang='lat' dir='ltr'><strong>autem</strong></span> <span class='ocrx_word' id='word_1_9' title='bbox 559 401 587 457; x_wconf 90' lang='lat' dir='ltr'><strong>in</strong></span> <span class='ocrx_word' id='word_1_10' title='bbox 609 401 736 458; x_wconf 88' lang='lat' dir='ltr'><strong>tentoriis</strong></span> <span class='ocrx_word' id='word_1_11' title='bbox 758 400 819 458; x_wconf 87' lang='lat' dir='ltr'><strong>sive</strong></span> <span class='ocrx_word' id='word_1_12' title='bbox 830 395 847 478; x_wconf 85' lang='lat'><strong>¹)</strong></span> <span class='ocrx_word' id='word_1_13' title='bbox 869 398 995 458; x_wconf 83' lang='lat' dir='ltr'><strong>tabernis</strong></span> <span class='ocrx_word' id='word_1_14' title='bbox 1012 400 1127 458; x_wconf 81' lang='lat' dir='ltr'><strong>extincti</strong></span> 
     </span>
     <span class='ocr_line' id='line_1_3' title="bbox 91 485 1127 561; baseline 0 -17"><span class='ocrx_word' id='word_1_15' title='bbox 91 492 181 559; x_wconf 88' lang='lat' dir='ltr'><strong>erant,</strong></span> <span class='ocrx_word' id='word_1_16' title='bbox 211 485 382 546; x_wconf 85' lang='lat' dir='ltr'><strong>carbonibus</strong></span> <span class='ocrx_word' id='word_1_17' title='bbox 412 488 548 560; x_wconf 83' lang='lat' dir='ltr'><strong>nigriores</strong></span> <span class='ocrx_word' id='word_1_18' title='bbox 571 486 758 561; x_wconf 81' lang='lat' dir='ltr'><strong>apparebant.</strong></span> <span class='ocrx_word' id='word_1_19' title='bbox 801 485 865 544; x_wconf 86' lang='lat' dir='ltr'><strong>Tali</strong></span> <span class='ocrx_word' id='word_1_20' title='bbox 886 488 961 544; x_wconf 88' lang='lat' dir='ltr'><strong>enim</strong></span> <span class='ocrx_word' id='word_1_21' title='bbox 984 492 1127 544; x_wconf 84' lang='lat' dir='ltr'><strong>caractere</strong></span> 
     </span>
     <span class='ocr_line' id='line_1_4' title="bbox 90 567 1127 648; baseline 0 -18"><span class='ocrx_word' id='word_1_22' title='bbox 90 573 169 632; x_wconf 90' lang='lat' dir='ltr'><strong>Deus</strong></span> <span class='ocrx_word' id='word_1_23' title='bbox 190 572 283 632; x_wconf 88' lang='lat' dir='ltr'><strong>bonos</strong></span> <span class='ocrx_word' id='word_1_24' title='bbox 306 567 498 648; x_wconf 81' lang='lat' dir='ltr'><strong>distingricbat</strong></span> <span class='ocrx_word' id='word_1_25' title='bbox 519 591 537 632; x_wconf 93' lang='lat' dir='ltr'><strong>a</strong></span> <span class='ocrx_word' id='word_1_26' title='bbox 558 571 648 632; x_wconf 90' lang='lat' dir='ltr'><strong>malis.</strong></span> <span class='ocrx_word' id='word_1_27' title='bbox 692 571 895 631; x_wconf 84' lang='lat' dir='ltr'>NOVICIUS:</span> <span class='ocrx_word' id='word_1_28' title='bbox 920 573 1001 632; x_wconf 90' lang='lat' dir='ltr'><strong>Sicut</strong></span> <span class='ocrx_word' id='word_1_29' title='bbox 1021 573 1049 629; x_wconf 95' lang='lat' dir='ltr'><strong>in</strong></span> <span class='ocrx_word' id='word_1_30' title='bbox 1071 572 1127 632; x_wconf 88' lang='lat' dir='ltr'><strong>hac</strong></span> 
     </span>
     <span class='ocr_line' id='line_1_5' title="bbox 90 655 1127 738; baseline 0.002 -22"><span class='ocrx_word' id='word_1_31' title='bbox 90 659 174 736; x_wconf 85' lang='lat' dir='ltr'><strong>plaga</strong></span> <span class='ocrx_word' id='word_1_32' title='bbox 196 659 351 733; x_wconf 81' lang='lat' dir='ltr'><strong>considero,</strong></span> <span class='ocrx_word' id='word_1_33' title='bbox 372 676 430 718; x_wconf 91' lang='lat' dir='ltr'><strong>non</strong></span> <span class='ocrx_word' id='word_1_34' title='bbox 452 677 522 718; x_wconf 88' lang='lat' dir='ltr'><strong>casu</strong></span> <span class='ocrx_word' id='word_1_35' title='bbox 543 659 595 719; x_wconf 86' lang='lat' dir='ltr'><strong>sed</strong></span> <span class='ocrx_word' id='word_1_36' title='bbox 616 659 673 718; x_wconf 92' lang='lat' dir='ltr'><strong>Dei</strong></span> <span class='ocrx_word' id='word_1_37' title='bbox 692 658 796 719; x_wconf 91' lang='lat' dir='ltr'><strong>iudicio</strong></span> <span class='ocrx_word' id='word_1_38' title='bbox 816 655 920 738; x_wconf 88' lang='lat' dir='ltr'><strong>iusto²)</strong></span> <span class='ocrx_word' id='word_1_39' title='bbox 942 659 1127 734; x_wconf 84' lang='lat' dir='ltr'><strong>flagellamur.</strong></span> 
     </span>
     <span class='ocr_line' id='line_1_6' title="bbox 92 744 1127 822; baseline 0 -18"><span class='ocrx_word' id='word_1_40' title='bbox 92 744 324 805; x_wconf 85' lang='lat' dir='ltr'>MONACHUS.</span> <span class='ocrx_word' id='word_1_41' title='bbox 346 745 411 806; x_wconf 94' lang='lat' dir='ltr'><strong>Hoc</strong></span> <span class='ocrx_word' id='word_1_42' title='bbox 425 746 537 822; x_wconf 85' lang='lat' dir='ltr'><strong>plenius</strong></span> <span class='ocrx_word' id='word_1_43' title='bbox 551 752 651 804; x_wconf 92' lang='lat' dir='ltr'><strong>notare</strong></span> <span class='ocrx_word' id='word_1_44' title='bbox 665 748 793 821; x_wconf 91' lang='lat' dir='ltr'><strong>poteris</strong></span> <span class='ocrx_word' id='word_1_45' title='bbox 785 764 813 804; x_wconf 87' lang='lat' dir='ltr'><strong>ru</strong></span> <span class='ocrx_word' id='word_1_46' title='bbox 837 745 942 804; x_wconf 89' lang='lat' dir='ltr'><strong>diluvio</strong></span> <span class='ocrx_word' id='word_1_47' title='bbox 960 746 1107 820; x_wconf 89' lang='lat' dir='ltr'><strong>Frisiae,</strong></span> <span class='ocrx_word' id='word_1_48' title='bbox 1098 765 1127 804; x_wconf 91' lang='lat' dir='ltr'><strong>m</strong></span> 
     </span>
     <span class='ocr_line' id='line_1_7' title="bbox 91 817 1128 908; baseline 0 -18"><span class='ocrx_word' id='word_1_49' title='bbox 91 849 145 908; x_wconf 90' lang='lat' dir='ltr'><strong>quo</strong></span> <span class='ocrx_word' id='word_1_50' title='bbox 160 832 282 907; x_wconf 89' lang='lat' dir='ltr'><strong>amplius</strong></span> <span class='ocrx_word' id='word_1_51' title='bbox 298 849 385 907; x_wconf 88' lang='lat' dir='ltr'><strong>quam</strong></span> <span class='ocrx_word' id='word_1_52' title='bbox 403 839 517 893; x_wconf 91' lang='lat' dir='ltr'><strong>centum</strong></span> <span class='ocrx_word' id='word_1_53' title='bbox 534 832 622 892; x_wconf 88' lang='lat' dir='ltr'><strong>millia</strong></span> <span class='ocrx_word' id='word_1_54' title='bbox 639 831 787 891; x_wconf 91' lang='lat' dir='ltr'><strong>hominum</strong></span> <span class='ocrx_word' id='word_1_55' title='bbox 805 817 889 890; x_wconf 79' lang='lat' dir='ltr'><strong>s&#39;imul</strong></span> <span class='ocrx_word' id='word_1_56' title='bbox 907 835 1033 891; x_wconf 87' lang='lat' dir='ltr'><strong>extincta</strong></span> <span class='ocrx_word' id='word_1_57' title='bbox 1054 840 1128 904; x_wconf 89' lang='lat' dir='ltr'><strong>sunt,</strong></span> 
     </span>
     <span class='ocr_line' id='line_1_8' title="bbox 90 918 1127 1022; baseline -0.001 -43"><span class='ocrx_word' id='word_1_58' title='bbox 90 937 124 979; x_wconf 89' lang='lat' dir='ltr'><strong>ac</strong></span> <span class='ocrx_word' id='word_1_59' title='bbox 138 918 239 978; x_wconf 92' lang='lat' dir='ltr'><strong>deinde</strong></span> <span class='ocrx_word' id='word_1_60' title='bbox 254 936 330 977; x_wconf 88' lang='lat' dir='ltr'><strong>anno</strong></span> <span class='ocrx_word' id='word_1_61' title='bbox 344 922 427 979; x_wconf 91' lang='lat' dir='ltr'><strong>tertio</strong></span> <span class='ocrx_word' id='word_1_62' title='bbox 449 922 524 979; x_wconf 91' lang='lat' dir='ltr'><strong>cirea</strong></span> <span class='ocrx_word' id='word_1_63' title='bbox 539 919 728 1022; x_wconf 77' lang='lat' dir='ltr'><strong>quadraginta</strong></span> <span class='ocrx_word' id='word_1_64' title='bbox 749 918 843 978; x_wconf 89' lang='lat' dir='ltr'><strong>millia.</strong></span> <span class='ocrx_word' id='word_1_65' title='bbox 871 918 999 994; x_wconf 86' lang='lat' dir='ltr'><strong>Tempus</strong></span> <span class='ocrx_word' id='word_1_66' title='bbox 1014 926 1042 976; x_wconf 92' lang='lat' dir='ltr'><strong>et</strong></span> <span class='ocrx_word' id='word_1_67' title='bbox 1056 936 1127 978; x_wconf 88' lang='lat' dir='ltr'><strong>cau·</strong></span> 
     </span>
     <span class='ocr_line' id='line_1_9' title="bbox 89 1005 1191 1082; baseline 0 -17"><span class='ocrx_word' id='word_1_68' title='bbox 89 1023 150 1065; x_wconf 88' lang='lat' dir='ltr'><strong>sem</strong></span> <span class='ocrx_word' id='word_1_69' title='bbox 168 1005 296 1064; x_wconf 91' lang='lat' dir='ltr'><strong>eiusdem</strong></span> <span class='ocrx_word' id='word_1_70' title='bbox 312 1005 415 1082; x_wconf 86' lang='lat' dir='ltr'><strong>plagae</strong></span> <span class='ocrx_word' id='word_1_71' title='bbox 434 1009 504 1065; x_wconf 87' lang='lat' dir='ltr'><strong>satis</strong></span> <span class='ocrx_word' id='word_1_72' title='bbox 519 1008 647 1080; x_wconf 84' lang='lat' dir='ltr'><strong>expressi</strong></span> <span class='ocrx_word' id='word_1_73' title='bbox 663 1008 693 1064; x_wconf 89' lang='lat' dir='ltr'><strong>in</strong></span> <span class='ocrx_word' id='word_1_74' title='bbox 711 1006 889 1064; x_wconf 88' lang='lat' dir='ltr'><strong>distinctione</strong></span> <span class='ocrx_word' id='word_1_75' title='bbox 908 1007 1029 1080; x_wconf 89' lang='lat' dir='ltr'><strong>septima</strong></span> <span class='ocrx_word' id='word_1_76' title='bbox 1047 1007 1127 1080; x_wconf 85' lang='lat' dir='ltr'><strong>capi·</strong></span> <span class='ocrx_word' id='word_1_77' title='bbox 1189 1059 1191 1065; x_wconf 93' lang='lat'><strong>.</strong></span> 
     </span>
     <span class='ocr_line' id='line_1_10' title="bbox 89 1090 1128 1167; baseline -0.002 -15"><span class='ocrx_word' id='word_1_78' title='bbox 89 1092 148 1152; x_wconf 89' lang='lat' dir='ltr'><strong>tulo</strong></span> <span class='ocrx_word' id='word_1_79' title='bbox 161 1095 252 1151; x_wconf 90' lang='lat' dir='ltr'><strong>tertio.</strong></span> <span class='ocrx_word' id='word_1_80' title='bbox 280 1090 484 1152; x_wconf 84' lang='lat' dir='ltr'>NOVICIUS:</span> <span class='ocrx_word' id='word_1_81' title='bbox 501 1092 643 1152; x_wconf 88' lang='lat' dir='ltr'><strong>Videntur</strong></span> <span class='ocrx_word' id='word_1_82' title='bbox 655 1091 724 1150; x_wconf 89' lang='lat' dir='ltr'><strong>mihi</strong></span> <span class='ocrx_word' id='word_1_83' title='bbox 740 1092 846 1150; x_wconf 89' lang='lat' dir='ltr'><strong>diluvia</strong></span> <span class='ocrx_word' id='word_1_84' title='bbox 861 1091 933 1150; x_wconf 89' lang='lat' dir='ltr'><strong>haee</strong></span> <span class='ocrx_word' id='word_1_85' title='bbox 947 1091 1128 1167; x_wconf 85' lang='lat' dir='ltr'><strong>particularia</strong></span> 
     </span>
     <span class='ocr_line' id='line_1_11' title="bbox 90 1162 1128 1254; baseline -0.004 -14"><span class='ocrx_word' id='word_1_86' title='bbox 90 1179 209 1240; x_wconf 87' lang='lat' dir='ltr'><strong>celerem</strong></span> <span class='ocrx_word' id='word_1_87' title='bbox 219 1178 326 1238; x_wconf 89' lang='lat' dir='ltr'><strong>iudicis</strong></span> <span class='ocrx_word' id='word_1_88' title='bbox 345 1178 501 1239; x_wconf 90' lang='lat' dir='ltr'><strong>adventum</strong></span> <span class='ocrx_word' id='word_1_89' title='bbox 514 1181 727 1254; x_wconf 81' lang='lat' dir='ltr'><strong>praenunciare.</strong></span> <span class='ocrx_word' id='word_1_90' title='bbox 760 1162 995 1238; x_wconf 83' lang='lat' dir='ltr'>MONACHUS:</span> <span class='ocrx_word' id='word_1_91' title='bbox 1018 1179 1128 1237; x_wconf 85' lang='lat' dir='ltr'><strong>Verum</strong></span> 
     </span>
     <span class='ocr_line' id='line_1_12' title="bbox 90 1264 1127 1342; baseline -0.002 -16"><span class='ocrx_word' id='word_1_92' title='bbox 90 1272 140 1340; x_wconf 84' lang='lat' dir='ltr'><strong>est,</strong></span> <span class='ocrx_word' id='word_1_93' title='bbox 158 1267 226 1341; x_wconf 90' lang='lat' dir='ltr'><strong>quia</strong></span> <span class='ocrx_word' id='word_1_94' title='bbox 240 1264 341 1325; x_wconf 93' lang='lat' dir='ltr'><strong>eodem</strong></span> <span class='ocrx_word' id='word_1_95' title='bbox 355 1273 484 1342; x_wconf 90' lang='lat' dir='ltr'><strong>tempore</strong></span> <span class='ocrx_word' id='word_1_96' title='bbox 498 1264 647 1341; x_wconf 91' lang='lat' dir='ltr'><strong>impletum</strong></span> <span class='ocrx_word' id='word_1_97' title='bbox 660 1282 712 1341; x_wconf 89' lang='lat' dir='ltr'><strong>pro</strong></span> <span class='ocrx_word' id='word_1_98' title='bbox 727 1273 808 1341; x_wconf 89' lang='lat' dir='ltr'><strong>parte</strong></span> <span class='ocrx_word' id='word_1_99' title='bbox 823 1272 874 1340; x_wconf 88' lang='lat' dir='ltr'><strong>est,</strong></span> <span class='ocrx_word' id='word_1_100' title='bbox 892 1265 991 1340; x_wconf 92' lang='lat' dir='ltr'><strong>quod</strong></span> <span class='ocrx_word' id='word_1_101' title='bbox 983 1282 1045 1340; x_wconf 81' lang='lat' dir='ltr'><strong>ipse</strong></span> <span class='ocrx_word' id='word_1_102' title='bbox 1058 1282 1127 1339; x_wconf 90' lang='lat' dir='ltr'><strong>pro·</strong></span> 
     </span>
     <span class='ocr_line' id='line_1_13' title="bbox 89 1349 1127 1432; baseline -0.002 -20"><span class='ocrx_word' id='word_1_103' title='bbox 89 1354 163 1412; x_wconf 89' lang='lat' dir='ltr'><strong>misit</strong></span> <span class='ocrx_word' id='word_1_104' title='bbox 171 1349 191 1432; x_wconf 84' lang='lat'><strong>³)</strong></span> <span class='ocrx_word' id='word_1_105' title='bbox 208 1352 320 1413; x_wconf 86' lang='lat' dir='ltr'><strong>diceus:</strong></span> <span class='ocrx_word' id='word_1_106' title='bbox 341 1352 434 1412; x_wconf 81' lang='lat' dir='ltr'><strong>Erit</strong></span> <span class='ocrx_word' id='word_1_107' title='bbox 424 1371 456 1411; x_wconf 80' lang='lat' dir='ltr'><strong>en</strong></span> <span class='ocrx_word' id='word_1_108' title='bbox 469 1357 553 1412; x_wconf 79' lang='lat' dir='ltr'><strong>terris</strong></span> <span class='ocrx_word' id='word_1_109' title='bbox 561 1371 706 1428; x_wconf 73' lang='lat' dir='ltr'><strong>presumo</strong></span> <span class='ocrx_word' id='word_1_110' title='bbox 720 1355 852 1427; x_wconf 76' lang='lat' dir='ltr'><strong>pontium</strong></span> <span class='ocrx_word' id='word_1_111' title='bbox 862 1370 940 1428; x_wconf 79' lang='lat' dir='ltr'><strong>prae</strong></span> <span class='ocrx_word' id='word_1_112' title='bbox 955 1352 1127 1427; x_wconf 70' lang='lat' dir='ltr'><strong>confusione</strong></span> 
     </span>
     <span class='ocr_line' id='line_1_14' title="bbox 88 1438 1127 1516; baseline -0.002 -18"><span class='ocrx_word' id='word_1_113' title='bbox 88 1443 201 1498; x_wconf 79' lang='lat' dir='ltr'><strong>sonitus</strong></span> <span class='ocrx_word' id='word_1_114' title='bbox 229 1443 322 1498; x_wconf 73' lang='lat' dir='ltr'><strong>marta</strong></span> <span class='ocrx_word' id='word_1_115' title='bbox 349 1445 376 1498; x_wconf 84' lang='lat' dir='ltr'><strong>et</strong></span> <span class='ocrx_word' id='word_1_116' title='bbox 403 1438 567 1516; x_wconf 78' lang='lat' dir='ltr'><strong>fluctuum,</strong></span> <span class='ocrx_word' id='word_1_117' title='bbox 589 1438 785 1498; x_wconf 82' lang='lat' dir='ltr'><strong>arescentibus</strong></span> <span class='ocrx_word' id='word_1_118' title='bbox 806 1438 972 1498; x_wconf 76' lang='lat' dir='ltr'><strong>bominibus</strong></span> <span class='ocrx_word' id='word_1_119' title='bbox 988 1457 1066 1512; x_wconf 76' lang='lat' dir='ltr'><strong>prae</strong></span> <span class='ocrx_word' id='word_1_120' title='bbox 1090 1443 1127 1496; x_wconf 82' lang='lat' dir='ltr'><strong>a·-</strong></span> 
     </span>
     <span class='ocr_line' id='line_1_15' title="bbox 88 1523 1127 1600; baseline 0 -16"><span class='ocrx_word' id='word_1_121' title='bbox 88 1523 209 1600; x_wconf 79' lang='lat' dir='ltr'><strong>more⁴).</strong></span> <span class='ocrx_word' id='word_1_122' title='bbox 252 1524 328 1584; x_wconf 90' lang='lat' dir='ltr'><strong>Nam</strong></span> <span class='ocrx_word' id='word_1_123' title='bbox 348 1526 423 1585; x_wconf 89' lang='lat' dir='ltr'><strong>sicut</strong></span> <span class='ocrx_word' id='word_1_124' title='bbox 443 1525 513 1584; x_wconf 91' lang='lat' dir='ltr'><strong>mibi</strong></span> <span class='ocrx_word' id='word_1_125' title='bbox 534 1525 630 1585; x_wconf 88' lang='lat' dir='ltr'><strong>retulit</strong></span> <span class='ocrx_word' id='word_1_126' title='bbox 650 1524 753 1584; x_wconf 90' lang='lat' dir='ltr'><strong>Abbas</strong></span> <span class='ocrx_word' id='word_1_127' title='bbox 769 1528 862 1584; x_wconf 87' lang='lat' dir='ltr'><strong>saneti</strong></span> <span class='ocrx_word' id='word_1_128' title='bbox 876 1525 1023 1598; x_wconf 90' lang='lat' dir='ltr'><strong>Bemardi‚</strong></span> <span class='ocrx_word' id='word_1_129' title='bbox 1044 1527 1127 1584; x_wconf 88' lang='lat' dir='ltr'><strong>timor</strong></span> 
     </span>
     <span class='ocr_line' id='line_1_16' title="bbox 88 1611 1126 1689; baseline -0.003 -17"><span class='ocrx_word' id='word_1_130' title='bbox 88 1619 183 1672; x_wconf 85' lang='lat' dir='ltr'><strong>tantus</strong></span> <span class='ocrx_word' id='word_1_131' title='bbox 194 1617 256 1671; x_wconf 87' lang='lat' dir='ltr'><strong>erat</strong></span> <span class='ocrx_word' id='word_1_132' title='bbox 268 1614 297 1670; x_wconf 91' lang='lat' dir='ltr'><strong>in</strong></span> <span class='ocrx_word' id='word_1_133' title='bbox 311 1611 411 1686; x_wconf 81' lang='lat' dir='ltr'><strong>Frisia,</strong></span> <span class='ocrx_word' id='word_1_134' title='bbox 431 1618 465 1671; x_wconf 91' lang='lat' dir='ltr'><strong>ut</strong></span> <span class='ocrx_word' id='word_1_135' title='bbox 485 1612 589 1689; x_wconf 82' lang='lat' dir='ltr'><strong>singuli</strong></span> <span class='ocrx_word' id='word_1_136' title='bbox 610 1611 728 1688; x_wconf 86' lang='lat' dir='ltr'><strong>singulis</strong></span> <span class='ocrx_word' id='word_1_137' title='bbox 743 1614 895 1670; x_wconf 89' lang='lat' dir='ltr'><strong>momentis</strong></span> <span class='ocrx_word' id='word_1_138' title='bbox 910 1620 1032 1671; x_wconf 91' lang='lat' dir='ltr'><strong>mortem</strong></span> <span class='ocrx_word' id='word_1_139' title='bbox 1045 1628 1126 1670; x_wconf 89' lang='lat' dir='ltr'><strong>suam</strong></span> 
     </span>
     <span class='ocr_line' id='line_1_17' title="bbox 86 1698 1174 1775; baseline 0 -17"><span class='ocrx_word' id='word_1_140' title='bbox 86 1703 300 1775; x_wconf 85' lang='lat' dir='ltr'><strong>exspectarent,</strong></span> <span class='ocrx_word' id='word_1_141' title='bbox 325 1704 353 1758; x_wconf 89' lang='lat' dir='ltr'><strong>et</strong></span> <span class='ocrx_word' id='word_1_142' title='bbox 374 1701 456 1773; x_wconf 88' lang='lat' dir='ltr'><strong>quasi</strong></span> <span class='ocrx_word' id='word_1_143' title='bbox 477 1704 639 1759; x_wconf 86' lang='lat' dir='ltr'><strong>arescerent</strong></span> <span class='ocrx_word' id='word_1_144' title='bbox 659 1716 727 1773; x_wconf 89' lang='lat' dir='ltr'><strong>prae</strong></span> <span class='ocrx_word' id='word_1_145' title='bbox 750 1701 970 1773; x_wconf 87' lang='lat' dir='ltr'><strong>exspectatione.</strong></span> <span class='ocrx_word' id='word_1_146' title='bbox 1012 1698 1047 1756; x_wconf 93' lang='lat' dir='ltr'><strong>In</strong></span> <span class='ocrx_word' id='word_1_147' title='bbox 1070 1715 1127 1775; x_wconf 88' lang='lat' dir='ltr'><strong>qua</strong></span> <span class='ocrx_word' id='word_1_148' title='bbox 1173 1731 1174 1738; x_wconf 51' lang='lat'><strong>.</strong></span> 
     </span>
     <span class='ocr_line' id='line_1_18' title="bbox 86 1783 1126 1862; baseline 0 -18"><span class='ocrx_word' id='word_1_149' title='bbox 86 1791 167 1844; x_wconf 88' lang='lat' dir='ltr'><strong>tanta</strong></span> <span class='ocrx_word' id='word_1_150' title='bbox 194 1784 271 1844; x_wconf 86' lang='lat' dir='ltr'><strong>iacta</strong></span> <span class='ocrx_word' id='word_1_151' title='bbox 292 1791 336 1844; x_wconf 90' lang='lat' dir='ltr'><strong>est</strong></span> <span class='ocrx_word' id='word_1_152' title='bbox 355 1802 489 1861; x_wconf 89' lang='lat' dir='ltr'><strong>pressura</strong></span> <span class='ocrx_word' id='word_1_153' title='bbox 509 1785 696 1862; x_wconf 83' lang='lat' dir='ltr'><strong>pppulonrm,</strong></span> <span class='ocrx_word' id='word_1_154' title='bbox 728 1791 761 1843; x_wconf 91' lang='lat' dir='ltr'><strong>ut</strong></span> <span class='ocrx_word' id='word_1_155' title='bbox 782 1783 1036 1858; x_wconf 68' lang='lat' dir='ltr'><strong>multiFrison&#39;um</strong></span> <span class='ocrx_word' id='word_1_156' title='bbox 1056 1802 1126 1861; x_wconf 88' lang='lat' dir='ltr'><strong>pro-</strong></span> 
     </span>
     <span class='ocr_line' id='line_1_19' title="bbox 85 1870 1127 1948; baseline -0.001 -17"><span class='ocrx_word' id='word_1_157' title='bbox 85 1873 196 1932; x_wconf 88' lang='lat' dir='ltr'><strong>vincias</strong></span> <span class='ocrx_word' id='word_1_158' title='bbox 216 1877 347 1947; x_wconf 89' lang='lat' dir='ltr'><strong>peterent</strong></span> <span class='ocrx_word' id='word_1_159' title='bbox 367 1871 483 1931; x_wconf 88' lang='lat' dir='ltr'><strong>alienas.</strong></span> <span class='ocrx_word' id='word_1_160' title='bbox 525 1870 728 1931; x_wconf 82' lang='lat' dir='ltr'><strong>NOVIOIUS·</strong></span> <span class='ocrx_word' id='word_1_161' title='bbox 751 1872 815 1948; x_wconf 86' lang='lat' dir='ltr'><strong>Ego</strong></span> <span class='ocrx_word' id='word_1_162' title='bbox 836 1874 891 1930; x_wconf 87' lang='lat' dir='ltr'><strong>ista</strong></span> <span class='ocrx_word' id='word_1_163' title='bbox 904 1879 973 1931; x_wconf 90' lang='lat' dir='ltr'><strong>tuno</strong></span> <span class='ocrx_word' id='word_1_164' title='bbox 992 1874 1127 1948; x_wconf 88' lang='lat' dir='ltr'><strong>temporis</strong></span> 
     </span>
     <span class='ocr_line' id='line_1_20' title="bbox 85 1956 1126 2034; baseline -0.002 -16"><span class='ocrx_word' id='word_1_165' title='bbox 85 1958 219 2018; x_wconf 88' lang='lat' dir='ltr'><strong>intellexi.</strong></span> <span class='ocrx_word' id='word_1_166' title='bbox 257 1956 494 2018; x_wconf 84' lang='lat' dir='ltr'>MONACHUS:</span> <span class='ocrx_word' id='word_1_167' title='bbox 516 1958 561 2017; x_wconf 85' lang='lat' dir='ltr'><strong>Ex</strong></span> <span class='ocrx_word' id='word_1_168' title='bbox 583 1976 640 2034; x_wconf 87' lang='lat' dir='ltr'><strong>quo</strong></span> <span class='ocrx_word' id='word_1_169' title='bbox 661 1958 740 2033; x_wconf 92' lang='lat' dir='ltr'><strong>loqui</strong></span> <span class='ocrx_word' id='word_1_170' title='bbox 755 1961 836 2034; x_wconf 92' lang='lat' dir='ltr'><strong>coepi</strong></span> <span class='ocrx_word' id='word_1_171' title='bbox 858 1959 894 2018; x_wconf 91' lang='lat' dir='ltr'><strong>de</strong></span> <span class='ocrx_word' id='word_1_172' title='bbox 916 1961 1007 2034; x_wconf 86' lang='lat' dir='ltr'><strong>aquis,</strong></span> <span class='ocrx_word' id='word_1_173' title='bbox 1028 1965 1126 2018; x_wconf 89' lang='lat' dir='ltr'><strong>osten-</strong></span> 
     </span>
     <span class='ocr_line' id='line_1_21' title="bbox 87 2043 1127 2162; baseline 0.002 -59"><span class='ocrx_word' id='word_1_174' title='bbox 87 2046 154 2104; x_wconf 88' lang='lat' dir='ltr'><strong>dere</strong></span> <span class='ocrx_word' id='word_1_175' title='bbox 175 2046 227 2104; x_wconf 89' lang='lat' dir='ltr'><strong>tibi</strong></span> <span class='ocrx_word' id='word_1_176' title='bbox 247 2043 323 2148; x_wconf 80' lang='lat' dir='ltr'><strong>volo,</strong></span> <span class='ocrx_word' id='word_1_177' title='bbox 345 2051 454 2120; x_wconf 85' lang='lat' dir='ltr'><strong>quanta</strong></span> <span class='ocrx_word' id='word_1_178' title='bbox 474 2045 555 2114; x_wconf 86' lang='lat' dir='ltr'><strong>Deus</strong></span> <span class='ocrx_word' id='word_1_179' title='bbox 576 2044 714 2106; x_wconf 85' lang='lat' dir='ltr'><strong>miracula</strong></span> <span class='ocrx_word' id='word_1_180' title='bbox 736 2048 821 2105; x_wconf 88' lang='lat' dir='ltr'><strong>etiam</strong></span> <span class='ocrx_word' id='word_1_181' title='bbox 834 2047 938 2106; x_wconf 87' lang='lat' dir='ltr'><strong>nostris</strong></span> <span class='ocrx_word' id='word_1_182' title='bbox 951 2045 1127 2162; x_wconf 88' lang='lat' dir='ltr'><strong>temporibus</strong></span> 
     </span>
     <span class='ocr_line' id='line_1_22' title="bbox 88 2131 424 2208; baseline 0 -17"><span class='ocrx_word' id='word_1_183' title='bbox 88 2137 224 2208; x_wconf 85' lang='lat' dir='ltr'><strong>operatus</strong></span> <span class='ocrx_word' id='word_1_184' title='bbox 245 2133 318 2192; x_wconf 91' lang='lat' dir='ltr'><strong>est</strong></span> <span class='ocrx_word' id='word_1_185' title='bbox 309 2150 339 2191; x_wconf 89' lang='lat' dir='ltr'><strong>rn</strong></span> <span class='ocrx_word' id='word_1_186' title='bbox 361 2131 424 2191; x_wconf 88' lang='lat' dir='ltr'><strong>illis.</strong></span> 
     </span>
    </p>
   </div>
   <div class='ocr_carea' id='block_1_3' title="bbox 435 2427 869 2511">
    <p class='ocr_par' dir='ltr' id='par_1_3' title="bbox 435 2427 869 2511">
     <span class='ocr_line' id='line_1_23' title="bbox 435 2427 869 2511; baseline 0.002 -24"><span class='ocrx_word' id='word_1_187' title='bbox 435 2427 668 2511; x_wconf 74' lang='lat' dir='ltr'><strong>carmenum</strong></span> <span class='ocrx_word' id='word_1_188' title='bbox 688 2427 786 2488; x_wconf 81' lang='lat' dir='ltr'><strong>xnn.</strong></span> <span class='ocrx_word' id='word_1_189' title='bbox 865 2473 869 2478; x_wconf 94' lang='lat'><strong>.</strong></span> 
     </span>
    </p>
   </div>
   <div class='ocr_carea' id='block_1_4' title="bbox 191 2563 1024 2644">
    <p class='ocr_par' dir='ltr' id='par_1_4' title="bbox 191 2563 1024 2644">
     <span class='ocr_line' id='line_1_24' title="bbox 191 2563 1024 2644; baseline 0.001 -19"><span class='ocrx_word' id='word_1_190' title='bbox 191 2567 239 2626; x_wconf 87' lang='lat' dir='ltr'><strong>De</strong></span> <span class='ocrx_word' id='word_1_191' title='bbox 262 2585 357 2644; x_wconf 79' lang='lat' dir='ltr'><strong>puero</strong></span> <span class='ocrx_word' id='word_1_192' title='bbox 379 2575 567 2628; x_wconf 75' lang='lat' dir='ltr'><strong>morueruoao</strong></span> <span class='ocrx_word' id='word_1_193' title='bbox 583 2575 654 2642; x_wconf 83' lang='lat' dir='ltr'><strong>poet</strong></span> <span class='ocrx_word' id='word_1_194' title='bbox 676 2567 855 2643; x_wconf 81' lang='lat' dir='ltr'><strong>baptismum</strong></span> <span class='ocrx_word' id='word_1_195' title='bbox 875 2574 984 2638; x_wconf 75' lang='lat' dir='ltr'><strong>canuto</strong></span> <span class='ocrx_word' id='word_1_196' title='bbox 993 2563 1024 2644; x_wconf 83' lang='lat'><strong>⁵).</strong></span> 
     </span>
    </p>
   </div>
   <div class='ocr_carea' id='block_1_5' title="bbox 84 2703 1129 3304">
    <p class='ocr_par' dir='ltr' id='par_1_5' title="bbox 84 2703 1129 3304">
     <span class='ocr_line' id='line_1_25' title="bbox 101 2703 1127 2784; baseline -0.001 -21"><span class='ocrx_word' id='word_1_197' title='bbox 101 2717 105 2726; x_wconf 86' lang='grc'><strong><em>·</em></strong></span> <span class='ocrx_word' id='word_1_198' title='bbox 154 2703 325 2765; x_wconf 82' lang='lat' dir='ltr'><strong>Godein‘dus</strong></span> <span class='ocrx_word' id='word_1_199' title='bbox 354 2709 490 2784; x_wconf 83' lang='lat' dir='ltr'><strong>magister</strong></span> <span class='ocrx_word' id='word_1_200' title='bbox 514 2707 692 2766; x_wconf 90' lang='lat' dir='ltr'><strong>noviciorum</strong></span> <span class='ocrx_word' id='word_1_201' title='bbox 712 2712 889 2778; x_wconf 91' lang='lat' dir='ltr'><strong>nostrorum,</strong></span> <span class='ocrx_word' id='word_1_202' title='bbox 918 2711 984 2764; x_wconf 90' lang='lat' dir='ltr'><strong>ante</strong></span> <span class='ocrx_word' id='word_1_203' title='bbox 1006 2721 1127 2764; x_wconf 88' lang='lat' dir='ltr'><strong>conver-</strong></span> 
     </span>
     <span class='ocr_line' id='line_1_26' title="bbox 86 2791 1127 2870; baseline 0 -20"><span class='ocrx_word' id='word_1_204' title='bbox 86 2793 199 2850; x_wconf 90' lang='lat' dir='ltr'><strong>sionem</strong></span> <span class='ocrx_word' id='word_1_205' title='bbox 234 2792 401 2866; x_wconf 87' lang='lat' dir='ltr'><strong>parochiam</strong></span> <span class='ocrx_word' id='word_1_206' title='bbox 427 2793 572 2868; x_wconf 86' lang='lat' dir='ltr'><strong>qnandam</strong></span> <span class='ocrx_word' id='word_1_207' title='bbox 593 2793 720 2870; x_wconf 84' lang='lat' dir='ltr'><strong>regebat.</strong></span> <span class='ocrx_word' id='word_1_208' title='bbox 769 2791 826 2851; x_wconf 93' lang='lat' dir='ltr'><strong>Hic</strong></span> <span class='ocrx_word' id='word_1_209' title='bbox 851 2808 916 2851; x_wconf 93' lang='lat' dir='ltr'><strong>cum</strong></span> <span class='ocrx_word' id='word_1_210' title='bbox 936 2792 981 2850; x_wconf 93' lang='lat' dir='ltr'><strong>die</strong></span> <span class='ocrx_word' id='word_1_211' title='bbox 1003 2791 1127 2867; x_wconf 86' lang='lat' dir='ltr'><strong>quadam</strong></span> 
     </span>
     <span class='ocr_line' id='line_1_27' title="bbox 84 2877 1128 2954; baseline 0.004 -20"><span class='ocrx_word' id='word_1_212' title='bbox 84 2893 209 2952; x_wconf 85' lang='lat' dir='ltr'><strong>puerum</strong></span> <span class='ocrx_word' id='word_1_213' title='bbox 231 2877 397 2953; x_wconf 87' lang='lat' dir='ltr'><strong>baptizaret,</strong></span> <span class='ocrx_word' id='word_1_214' title='bbox 417 2878 453 2937; x_wconf 91' lang='lat' dir='ltr'><strong>de</strong></span> <span class='ocrx_word' id='word_1_215' title='bbox 475 2881 556 2938; x_wconf 91' lang='lat' dir='ltr'><strong>cuius</strong></span> <span class='ocrx_word' id='word_1_216' title='bbox 576 2879 664 2940; x_wconf 92' lang='lat' dir='ltr'><strong>latere</strong></span> <span class='ocrx_word' id='word_1_217' title='bbox 685 2878 831 2954; x_wconf 88' lang='lat' dir='ltr'><strong>pendebat</strong></span> <span class='ocrx_word' id='word_1_218' title='bbox 852 2895 918 2938; x_wconf 90' lang='lat' dir='ltr'><strong>caro</strong></span> <span class='ocrx_word' id='word_1_219' title='bbox 940 2879 1001 2936; x_wconf 91' lang='lat' dir='ltr'><strong>miri</strong></span> <span class='ocrx_word' id='word_1_220' title='bbox 1025 2877 1128 2938; x_wconf 87' lang='lat' dir='ltr'><strong>horro-</strong></span> 
     </span>
     <span class='ocr_line' id='line_1_28' title="bbox 86 2964 1128 3038; baseline 0.001 -16"><span class='ocrx_word' id='word_1_221' title='bbox 86 2965 136 3038; x_wconf 87' lang='lat' dir='ltr'><strong>ris,</strong></span> <span class='ocrx_word' id='word_1_222' title='bbox 157 2978 225 3021; x_wconf 89' lang='lat' dir='ltr'><strong>mox</strong></span> <span class='ocrx_word' id='word_1_223' title='bbox 247 2970 279 3021; x_wconf 93' lang='lat' dir='ltr'><strong>ut</strong></span> <span class='ocrx_word' id='word_1_224' title='bbox 300 2964 435 3024; x_wconf 84' lang='lat' dir='ltr'><strong>infantem</strong></span> <span class='ocrx_word' id='word_1_225' title='bbox 455 2967 485 3023; x_wconf 93' lang='lat' dir='ltr'><strong>in</strong></span> <span class='ocrx_word' id='word_1_226' title='bbox 505 2968 620 3024; x_wconf 93' lang='lat' dir='ltr'><strong>nomine</strong></span> <span class='ocrx_word' id='word_1_227' title='bbox 642 2973 760 3025; x_wconf 88' lang='lat' dir='ltr'><strong>sanetae</strong></span> <span class='ocrx_word' id='word_1_228' title='bbox 778 2967 923 3024; x_wconf 83' lang='lat' dir='ltr'><strong>Trinitatis</strong></span> <span class='ocrx_word' id='word_1_229' title='bbox 944 2965 1034 3024; x_wconf 87' lang='lat' dir='ltr'><strong>tribus</strong></span> <span class='ocrx_word' id='word_1_230' title='bbox 1055 2966 1128 3024; x_wconf 83' lang='lat' dir='ltr'><strong>vici·</strong></span> 
     </span>
     <span class='ocr_line' id='line_1_29' title="bbox 86 3051 1127 3127; baseline 0.003 -18"><span class='ocrx_word' id='word_1_231' title='bbox 86 3051 143 3109; x_wconf 90' lang='lat' dir='ltr'><strong>bus</strong></span> <span class='ocrx_word' id='word_1_232' title='bbox 164 3051 328 3109; x_wconf 88' lang='lat' dir='ltr'><strong>immersum</strong></span> <span class='ocrx_word' id='word_1_233' title='bbox 342 3053 473 3126; x_wconf 74' lang='lat' dir='ltr'><strong>extraxit,</strong></span> <span class='ocrx_word' id='word_1_234' title='bbox 494 3057 705 3111; x_wconf 86' lang='lat' dir='ltr'><strong>monstruosum</strong></span> <span class='ocrx_word' id='word_1_235' title='bbox 724 3051 794 3111; x_wconf 93' lang='lat' dir='ltr'><strong>illud</strong></span> <span class='ocrx_word' id='word_1_236' title='bbox 816 3058 966 3127; x_wconf 87' lang='lat' dir='ltr'><strong>apostema</strong></span> <span class='ocrx_word' id='word_1_237' title='bbox 986 3069 1127 3127; x_wconf 84' lang='lat' dir='ltr'><strong>nusquam</strong></span> 
     </span>
     <span class='ocr_line' id='line_1_30' title="bbox 87 3136 1129 3215; baseline 0.001 -19"><span class='ocrx_word' id='word_1_238' title='bbox 87 3139 258 3212; x_wconf 82' lang='lat' dir='ltr'><strong>comparuit.</strong></span> <span class='ocrx_word' id='word_1_239' title='bbox 302 3136 367 3213; x_wconf 88' lang='lat' dir='ltr'><strong>Quo</strong></span> <span class='ocrx_word' id='word_1_240' title='bbox 399 3140 461 3196; x_wconf 88' lang='lat' dir='ltr'><strong>viso</strong></span> <span class='ocrx_word' id='word_1_241' title='bbox 491 3137 522 3196; x_wconf 93' lang='lat' dir='ltr'><strong>hi</strong></span> <span class='ocrx_word' id='word_1_242' title='bbox 551 3140 599 3213; x_wconf 86' lang='lat' dir='ltr'><strong>qui</strong></span> <span class='ocrx_word' id='word_1_243' title='bbox 627 3136 746 3197; x_wconf 88' lang='lat' dir='ltr'><strong>aderant</strong></span> <span class='ocrx_word' id='word_1_244' title='bbox 766 3137 997 3215; x_wconf 83' lang='lat' dir='ltr'><strong>glorificaverunt</strong></span> <span class='ocrx_word' id='word_1_245' title='bbox 1016 3139 1129 3214; x_wconf 87' lang='lat' dir='ltr'><strong>Deum,</strong></span> 
     </span>
     <span class='ocr_line' id='line_1_31' title="bbox 84 3221 767 3304; baseline 0 -20"><span class='ocrx_word' id='word_1_246' title='bbox 84 3225 223 3300; x_wconf 88' lang='lat' dir='ltr'><strong>baptismi</strong></span> <span class='ocrx_word' id='word_1_247' title='bbox 245 3227 380 3284; x_wconf 87' lang='lat' dir='ltr'><strong>virtutem</strong></span> <span class='ocrx_word' id='word_1_248' title='bbox 401 3225 508 3300; x_wconf 90' lang='lat' dir='ltr'><strong>ubique</strong></span> <span class='ocrx_word' id='word_1_249' title='bbox 529 3221 767 3304; x_wconf 82' lang='lat' dir='ltr'><strong>praedicantes⁶).</strong></span> 
     </span>
    </p>
   </div>
   <div class='ocr_carea' id='block_1_6' title="bbox 105 3545 1177 3897">
    <p class='ocr_par' dir='ltr' id='par_1_6' title="bbox 105 3545 1177 3897">
     <span class='ocr_line' id='line_1_32' title="bbox 105 3545 1177 3620; baseline -0.002 -16"><span class='ocrx_word' id='word_1_250' title='bbox 105 3551 138 3620; x_wconf 84' lang='lat'><strong>1)</strong></span> <span class='ocrx_word' id='word_1_251' title='bbox 156 3548 296 3605; x_wconf 80' lang='lat' dir='ltr'><strong>ACDEFP</strong></span> <span class='ocrx_word' id='word_1_252' title='bbox 315 3549 345 3600; x_wconf 90' lang='lat' dir='ltr'><strong>in</strong></span> <span class='ocrx_word' id='word_1_253' title='bbox 364 3549 506 3602; x_wconf 88' lang='lat' dir='ltr'><strong>theatris</strong></span> <span class='ocrx_word' id='word_1_254' title='bbox 524 3550 596 3602; x_wconf 87' lang='lat' dir='ltr'><strong>sive</strong></span> <span class='ocrx_word' id='word_1_255' title='bbox 614 3551 652 3602; x_wconf 94' lang='lat' dir='ltr'><strong>in.</strong></span> <span class='ocrx_word' id='word_1_256' title='bbox 673 3579 702 3588; x_wconf 95' lang='lat'>—</span> <span class='ocrx_word' id='word_1_257' title='bbox 717 3549 749 3617; x_wconf 82' lang='lat'><strong>2)</strong></span> <span class='ocrx_word' id='word_1_258' title='bbox 767 3549 788 3602; x_wconf 89' lang='lat' dir='ltr'><strong>B</strong></span> <span class='ocrx_word' id='word_1_259' title='bbox 806 3551 895 3602; x_wconf 83' lang='lat' dir='ltr'><strong>iusto</strong></span> <span class='ocrx_word' id='word_1_260' title='bbox 913 3550 971 3602; x_wconf 83' lang='lat' dir='ltr'><strong>bei</strong></span> <span class='ocrx_word' id='word_1_261' title='bbox 989 3551 1127 3614; x_wconf 80' lang='lat' dir='ltr'><strong>iudicio,</strong></span> <span class='ocrx_word' id='word_1_262' title='bbox 1172 3545 1177 3555; x_wconf 63' lang='lat'><strong><em>¹</em></strong></span> 
     </span>
     <span class='ocr_line' id='line_1_33' title="bbox 160 3618 1127 3687; baseline -0.001 -14"><span class='ocrx_word' id='word_1_263' title='bbox 160 3619 178 3673; x_wconf 89' lang='grc' dir='ltr'><strong><em>Ρ</em></strong></span> <span class='ocrx_word' id='word_1_264' title='bbox 202 3620 259 3672; x_wconf 80' lang='lat' dir='ltr'><strong>bct</strong></span> <span class='ocrx_word' id='word_1_265' title='bbox 284 3621 375 3671; x_wconf 86' lang='lat' dir='ltr'><strong>iusto</strong></span> <span class='ocrx_word' id='word_1_266' title='bbox 399 3620 535 3671; x_wconf 93' lang='lat' dir='ltr'><strong>iudicio.</strong></span> <span class='ocrx_word' id='word_1_267' title='bbox 555 3649 586 3658; x_wconf 92' lang='lat'>-</span> <span class='ocrx_word' id='word_1_268' title='bbox 606 3619 638 3686; x_wconf 87' lang='grc'><strong>3)</strong></span> <span class='ocrx_word' id='word_1_269' title='bbox 656 3618 698 3671; x_wconf 84' lang='grc' dir='ltr'><strong>ΑΡ</strong></span> <span class='ocrx_word' id='word_1_270' title='bbox 723 3621 910 3686; x_wconf 82' lang='lat' dir='ltr'><strong>praemisit,</strong></span> <span class='ocrx_word' id='word_1_271' title='bbox 929 3619 949 3673; x_wconf 86' lang='lat' dir='ltr'>C</span> <span class='ocrx_word' id='word_1_272' title='bbox 967 3623 1127 3687; x_wconf 81' lang='lat' dir='ltr'><strong>permisit.</strong></span> 
     </span>
     <span class='ocr_line' id='line_1_34' title="bbox 158 3686 1128 3758; baseline -0.001 -17"><span class='ocrx_word' id='word_1_273' title='bbox 158 3719 191 3730; x_wconf 89' lang='lat'>-</span> <span class='ocrx_word' id='word_1_274' title='bbox 210 3690 242 3757; x_wconf 81' lang='grc'><strong>4)</strong></span> <span class='ocrx_word' id='word_1_275' title='bbox 260 3686 282 3738; x_wconf 92' lang='grc' dir='ltr'><strong>Β</strong></span> <span class='ocrx_word' id='word_1_276' title='bbox 301 3688 351 3740; x_wconf 88' lang='lat' dir='ltr'><strong>add</strong></span> <span class='ocrx_word' id='word_1_277' title='bbox 369 3697 402 3741; x_wconf 89' lang='lat' dir='ltr'><strong>et</strong></span> <span class='ocrx_word' id='word_1_278' title='bbox 420 3689 691 3756; x_wconf 82' lang='lat' dir='ltr'><strong>exspectatione,</strong></span> <span class='ocrx_word' id='word_1_279' title='bbox 708 3697 741 3740; x_wconf 88' lang='lat' dir='ltr'><strong>et</strong></span> <span class='ocrx_word' id='word_1_280' title='bbox 765 3697 886 3741; x_wconf 82' lang='lat' dir='ltr'><strong>cetera.</strong></span> <span class='ocrx_word' id='word_1_281' title='bbox 907 3719 937 3729; x_wconf 94' lang='lat'><em>-</em></span> <span class='ocrx_word' id='word_1_282' title='bbox 957 3690 990 3758; x_wconf 85' lang='lat'><strong>5)</strong></span> <span class='ocrx_word' id='word_1_283' title='bbox 1008 3688 1073 3742; x_wconf 87' lang='lat' dir='ltr'><strong>CFP</strong></span> <span class='ocrx_word' id='word_1_284' title='bbox 1091 3688 1128 3741; x_wconf 86' lang='lat' dir='ltr'><strong>de</strong></span> 
     </span>
     <span class='ocr_line' id='line_1_35' title="bbox 158 3757 1129 3879; baseline 0 -68"><span class='ocrx_word' id='word_1_285' title='bbox 158 3766 303 3879; x_wconf 73' lang='lat' dir='ltr'><strong>molnstro</strong></span> <span class='ocrx_word' id='word_1_286' title='bbox 326 3759 358 3809; x_wconf 90' lang='lat' dir='ltr'><strong>in</strong></span> <span class='ocrx_word' id='word_1_287' title='bbox 383 3775 483 3828; x_wconf 86' lang='lat' dir='ltr'><strong>puero</strong></span> <span class='ocrx_word' id='word_1_288' title='bbox 505 3773 564 3826; x_wconf 89' lang='lat' dir='ltr'><strong>per</strong></span> <span class='ocrx_word' id='word_1_289' title='bbox 584 3757 781 3827; x_wconf 84' lang='lat' dir='ltr'><strong>baptismum</strong></span> <span class='ocrx_word' id='word_1_290' title='bbox 799 3759 922 3828; x_wconf 79' lang='lat' dir='ltr'><strong>fugato.</strong></span> <span class='ocrx_word' id='word_1_291' title='bbox 942 3787 973 3798; x_wconf 90' lang='lat'>-</span> <span class='ocrx_word' id='word_1_292' title='bbox 992 3759 1024 3828; x_wconf 88' lang='grc'><strong>6)</strong></span> <span class='ocrx_word' id='word_1_293' title='bbox 1041 3757 1064 3811; x_wconf 89' lang='grc' dir='ltr'><strong>Β</strong></span> <span class='ocrx_word' id='word_1_294' title='bbox 1081 3757 1129 3811; x_wconf 85' lang='lat' dir='ltr'><strong>di-</strong></span> 
     </span>
     <span class='ocr_line' id='line_1_36' title="bbox 158 3836 345 3897; baseline -0.016 -15"><span class='ocrx_word' id='word_1_295' title='bbox 158 3845 198 3882; x_wconf 87' lang='lat' dir='ltr'><strong>vu</strong></span> <span class='ocrx_word' id='word_1_296' title='bbox 220 3836 345 3897; x_wconf 75' lang='lat' dir='ltr'><strong>gantos.</strong></span> 
     </span>
    </p>
   </div>
   <div class='ocr_carea' id='block_1_7' title="bbox 0 0 1302 4302">
    <p class='ocr_par' dir='ltr' id='par_1_7' title="bbox 0 0 1302 4302">
     <span class='ocr_line' id='line_1_37' title="bbox 0 0 1302 4302; baseline 0 0"><span class='ocrx_word' id='word_1_297' title='bbox 0 0 1302 4302; x_wconf 95' lang='lat' dir='ltr'><strong> </strong></span> 
     </span>
    </p>
   </div>
  </div>
 </body>
</html>
