2642 4330
475 257 530 316 DE
550 256 821 320 DAEMONIBUS.
1102 261 1164 320 299

123 398 172 441 sus
195 385 240 440 est
264 384 295 439 et
317 379 500 454 combustus,
522 379 690 456 sacrilegam
713 398 748 440 ex
770 383 810 440 eis
825 379 924 442 'facere
946 381 1063 442 volebat
1084 402 1165 444 com-

122 469 299 540 munionem,
321 473 355 524 ut
367 467 424 524 suis
438 468 573 526 viaticum
590 467 672 526 fieret
681 463 698 546 ¹)
720 467 758 526 ad
780 474 927 528 aeternam
945 469 1166 530 damnationem.

97 564 100 570 '
122 555 197 614 Nam
220 547 340 629 quidam
355 550 619 628 AbbasHispanus
636 553 739 613 ordinis
761 557 850 612 nostri
872 572 923 631 per
943 573 995 615 nos
1018 561 1167 632 transiens,
1187 564 1189 570 '
1249 597 1252 602 -

123 643 173 716 qui
195 658 263 701 cum
285 640 430 715 Episcopo
461 645 490 698 et
510 639 706 700 Ecclesiarum
725 641 860 716 praelatis
882 641 1011 702 eiusdem
1031 642 1166 704 haeretici

122 745 233 788 errores
253 726 409 802 damnavit,
432 743 497 785 eum
514 726 617 786 dixisse
635 727 783 810 referebat,
805 727 882 803 quod
903 731 1025 789 rusticus
1047 731 1166 807 quilibet

120 815 152 872 in
165 830 267 873 mensa
282 831 344 887 sua,
368 819 396 871 et
411 813 445 872 de
462 829 538 888 pane
560 831 612 872 suo
635 831 692 888 quo
715 820 884 890 vesceretur,
907 816 1046 876 conficere
1067 817 1167 894 posset

122 917 227 978 corpus
254 899 367 958 Christi.
410 900 480 958 Erat
510 901 585 959 enim
615 900 692 958 idem
719 900 888 960 maledictus
916 902 998 962 saber
1025 904 1165 964 serranus.

120 985 329 1048 NOVICIUS:
353 985 430 1062 Quid
444 1003 510 1062 ergo
528 992 624 1046 actum
638 993 681 1046 cst
704 987 739 1045 de
761 986 911 1048 haereticis
927 989 1164 1050 coloniensibus?

121 1071 360 1133 MONACHUS:
382 1073 471 1150 Ducti
486 1079 553 1131 sunt
575 1079 654 1132 extra
677 1076 829 1148 civitatem,
851 1081 881 1133 et
896 1078 976 1134 iuxta
999 1068 1176 1139 cimiterium'

122 1159 303 1220 Judaeorum
327 1160 412 1219 simul
432 1162 462 1218 in
483 1163 578 1235 ignem
599 1160 686 1219 missi.
730 1160 873 1235 Quicum
895 1161 1002 1222 fortiter
1024 1164 1165 1240 arderent,

83 1286 86 1290 -
123 1247 220 1306 multis
233 1246 397 1305 videntibus
413 1253 441 1305 et
455 1247 643 1322 audientibus,
657 1245 803 1305 Amoldus
818 1250 957 1308 semiustis
966 1247 986 1328 2)
1010 1251 1164 1326 discipulo-

124 1352 188 1392 rum
203 1333 347 1410 capitibus
361 1351 476 1392 manum
496 1336 653 1408 imponens,
675 1336 729 1391 ait:
752 1332 923 1394 Constantes
946 1343 1036 1396 estote
1057 1340 1086 1395 in
1107 1337 1164 1396 fide
1201 1371 1204 1380 ‚

123 1427 237 1495 vestra,
267 1421 336 1495 quia
362 1418 447 1479 hodie
475 1413 551 1478 eritis
582 1437 647 1478 cum
668 1419 837 1496 Laurentio;
866 1439 930 1480 cum
956 1430 1053 1482 tamen
1081 1426 1165 1498 nimis

125 1506 322 1566 discordarent
355 1524 373 1564 a
405 1506 461 1564 fide
492 1506 647 1565 Laurentii.
698 1506 771 1566 Cum
801 1516 876 1567 esset
904 1511 977 1569 inter
1005 1528 1054 1570 eos
1083 1511 1183 1588 virgo'

125 1593 268 1668 quaedam
290 1594 436 1668 speciosa,
459 1593 510 1652 scd
531 1593 689 1667 haeretica,
716 1599 745 1652 et
767 1595 944 1669 quorundam
967 1601 1164 1673 compassione

125 1682 161 1740 ab
183 1683 251 1757 igne
274 1679 436 1754 subtracta,
457 1682 679 1756 promittentium
689 1677 719 1760 ³),
742 1683 808 1756 quia
829 1681 877 1741 vel
898 1699 962 1742 eam
983 1687 1044 1744 viro
1067 1684 1164 1744 trade·

123 1773 195 1842 rent,
216 1764 265 1828 vel
286 1767 311 1825 si
332 1765 388 1824 hoc
409 1768 501 1842 magis
522 1766 656 1842 placeret,
677 1769 704 1826 in
727 1771 899 1827 monasterio
920 1771 1062 1846 virginum
1083 1771 1165 1836 loca-

124 1860 195 1929 rent,
217 1869 285 1914 eum
313 1852 508 1913 verbotenus
531 1855 735 1929 consensisset,
760 1857 817 1914 iam
840 1859 992 1916 exstinctis
1005 1857 1166 1932 haereticis,

125 1942 288 2000 tenentibus
321 1956 354 1998 sc
391 1939 473 1998 dixit:
506 1940 601 1999 Dicite
629 1941 713 2015 milri,
750 1942 801 2000 ubi
827 1943 902 2000 iacet
929 1943 1063 2002 seductor
1094 1943 1165 2003 illei
1212 1997 1219 2008 .

125 2026 256 2102 Cumque
279 2028 307 2086 ci
329 2025 570 2086 demonstrassent
590 2029 756 2103 magistrum
778 2026 954 2106 Amoldum,
974 2047 1009 2088 ex
1031 2032 1164 2090 manibus

122 2113 237 2173 illorum
260 2113 373 2188 elapsa,
401 2113 474 2172 facie
496 2112 577 2172 veste
598 2119 689 2189 tecta,
711 2130 797 2190 super
818 2119 948 2199 exstincti
971 2133 1073 2192 corpus
1094 2120 1163 2192 ruit,

123 2207 153 2260 et
176 2218 241 2260 cum
263 2199 312 2258 illo
334 2202 364 2257 in
385 2199 525 2277 infernum
546 2207 683 2276 perpetuo
709 2217 808 2260 arsura
830 2201 984 2262 descendit.

459 2389 701 2461 ΟΑΡΙΊἮΙᾸΙΜΙ
718 2391 782 2452 XX
792 2388 831 2472 ⁴⁶).

270 2509 324 2575 Dc'
347 2513 670 2573 haeresiVoldosianc
686 2519 723 2573 'in
745 2519 861 2575 civitate
882 2515 1014 2576 Mesena.
1120 2576 1123 2582 Δ

187 2653 294 2712 Paucis
316 2655 396 2712 annis
415 2653 526 2728 elapsis,
548 2653 602 2711 sub
622 2653 766 2729 Episcopo
784 2655 973 2732 Bertramn'ro,
994 2659 1056 2716 viro
1077 2655 1163 2718 valde

123 2738 245 2816 literato,
268 2745 331 2800 orta
354 2746 396 2798 est
408 2739 536 2798 haeresis
552 2739 728 2798 Valdosiana
739 2743 769 2799 in
784 2743 897 2801 civitate
919 2741 1084 2824 Metensi⁴),
1106 2745 1163 2804 hoc

124 2825 219 2886 modo.
258 2826 331 2885 Cum
360 2826 437 2884 idem
457 2825 585 2885 Antiates
614 2829 643 2886 in
670 2827 824 2887 festivitate
852 2830 976 2905 quadam
1004 2831 1111 2905 populo
1132 2829 1162 2889 in

125 2914 245 2974 ecclesia
257 2909 278 2992 5)
300 2913 502 2989 praedicasset,
524 2912 596 2970 dnos
610 2913 743 2973 homines
754 2917 894 2975 ministros
909 2916 1015 2975 diaboli
1034 2919 1064 2974 in
1078 2919 1163 2976 turba

124 3005 199 3060 stare
222 3003 409 3075 conspiciens,
431 3002 483 3058 ait:
504 2998 598 3058 Video
619 3002 767 3061 intervos
788 3005 907 3063 nuncios
930 3001 1043 3062 diaboli.
1085 3003 1162 3064 Ecce

124 3085 163 3144 illi
184 3093 267 3161 sunt,
297 3087 385 3163 digito
408 3103 458 3144 eos
481 3086 633 3146 ostendens
645 3083 680 3167 ⁶),
703 3089 752 3163 qui
772 3106 818 3148 mc
839 3096 989 3164 praesente
1010 3091 1040 3148 in
1061 3089 1163 3150 Monte
1206 3154 1209 3159 ,

123 3172 282 3232 Pessulano
297 3170 316 3253 ⁷)
349 3179 464 3250 propter
492 3173 627 3232 haereses
657 3174 783 3233 damnati
811 3182 878 3235 sunt
906 3184 935 3235 et
964 3179 1055 3236 eiecti.
1106 3177 1162 3254 Qui

124 3258 269 3336 Episcopo
291 3260 387 3319 durius
408 3259 623 3335 responderunt,
644 3260 784 3322 hahentes
805 3265 985 3322 incomitata
1007 3280 1060 3322 suo
1074 3265 1162 3324 scho-

124 3344 228 3422 larem,
261 3349 310 3422 qui
343 3362 422 3406 more
452 3348 552 3406 canino
575 3353 673 3423 contra
708 3365 774 3407 eum
794 3349 933 3424 latrabat,
963 3351 1070 3408 iniuriis
1095 3367 1162 3410 cum

124 3430 337 3515 lascesciensl).
378 3432 496 3510 Egressi
515 3449 583 3493 vero
607 3434 801 3510 deecclesia,
832 3436 1042 3496 multitudinem
1063 3439 1163 3514 populi

146 3615 176 3684 l)
193 3616 231 3670 GP
248 3617 347 3670 ficret
364 3616 517 3670 viaticum
537 3648 568 3658 -
582 3619 667 3688 2)Βο
685 3622 868 3674 semiustus.
885 3652 915 3662 —
928 3620 1013 3692 3)Βο
1031 3624 1162 3690 promit-

194 3688 348 3740 tentibus.
369 3719 399 3728 -
419 3688 452 3756 a)
473 3688 561 3740 Hamil.
579 3689 598 3740 1.
616 3705 641 3756 p.
661 3691 718 3742 138.
739 3719 769 3731 -
788 3692 820 3761 4)
839 3693 910 3744 Melz.
930 3723 960 3732 -
981 3692 1013 3759 5]
1030 3695 1056 3744 in
1073 3694 1162 3745 Homi-

194 3755 226 3806 lia
243 3757 327 3817 addit,
354 3759 462 3818 sancti
486 3757 649 3825 Stephani.
670 3790 699 3799 —
726 3759 757 3828 6)
780 3760 799 3812 Β
827 3760 1057 3813 demonstraus.
1078 3791 1108 3802 -
1129 3763 1163 3830 7)

195 3825 400 3902 identpellicr.-
412 3825 684 3897 amlacesciens,
700 3827 962 3898 Glacessiens,B
980 3829 1161 3884 lacescens.
