<?xml version="1.0" encoding="UTF-8"?>
<!DOCTYPE html PUBLIC "-//W3C//DTD XHTML 1.0 Transitional//EN"
    "http://www.w3.org/TR/xhtml1/DTD/xhtml1-transitional.dtd">
<html xmlns="http://www.w3.org/1999/xhtml" xml:lang="en" lang="en">
 <head>
  <title>
</title>
<meta http-equiv="Content-Type" content="text/html;charset=utf-8" />
  <meta name='ocr-system' content='tesseract 3.04.00' />
  <meta name='ocr-capabilities' content='ocr_page ocr_carea ocr_par ocr_line ocrx_word'/>
</head>
<body>
  <div class='ocr_page' id='page_1' title='image "./caesariiheister05stragoog/caesariiheister05stragoog_0448.png"; bbox 0 0 2664 4308; ppageno 0'>
   <div class='ocr_carea' id='block_1_1' title="bbox 129 324 1167 528">
    <p class='ocr_par' dir='ltr' id='par_1_1' title="bbox 129 324 1167 528">
     <span class='ocr_line' id='line_1_1' title="bbox 447 324 1164 390; baseline 0.001 -2"><span class='ocrx_word' id='word_1_1' title='bbox 447 326 503 389; x_wconf 82' lang='lat' dir='ltr'><strong>DE</strong></span> <span class='ocrx_word' id='word_1_2' title='bbox 524 324 683 390; x_wconf 79' lang='lat' dir='ltr'>SANGTA</span> <span class='ocrx_word' id='word_1_3' title='bbox 702 325 845 389; x_wconf 81' lang='lat' dir='ltr'><strong>MARIA.</strong></span> <span class='ocrx_word' id='word_1_4' title='bbox 1124 329 1164 389; x_wconf 75' lang='grc'><strong>11</strong></span> 
     </span>
     <span class='ocr_line' id='line_1_2' title="bbox 129 449 1167 528; baseline -0.001 -16"><span class='ocrx_word' id='word_1_5' title='bbox 129 455 159 512; x_wconf 90' lang='lat' dir='ltr'><strong>in</strong></span> <span class='ocrx_word' id='word_1_6' title='bbox 178 449 275 512; x_wconf 89' lang='lat' dir='ltr'><strong>medio</strong></span> <span class='ocrx_word' id='word_1_7' title='bbox 296 449 376 510; x_wconf 91' lang='lat' dir='ltr'><strong>chori</strong></span> <span class='ocrx_word' id='word_1_8' title='bbox 395 455 519 511; x_wconf 84' lang='lat' dir='ltr'><strong>stantem</strong></span> <span class='ocrx_word' id='word_1_9' title='bbox 544 450 741 512; x_wconf 87' lang='lat' dir='ltr'><strong>decentissime</strong></span> <span class='ocrx_word' id='word_1_10' title='bbox 764 455 973 528; x_wconf 77' lang='lat' dir='ltr'><strong>praeparatam.</strong></span> <span class='ocrx_word' id='word_1_11' title='bbox 1010 449 1167 511; x_wconf 75' lang='lat' dir='ltr'><strong>Venientes</strong></span> 
     </span>
    </p>
   </div>
   <div class='ocr_carea' id='block_1_2' title="bbox 126 535 1168 1654">
    <p class='ocr_par' dir='ltr' id='par_1_2' title="bbox 126 535 1168 1654">
     <span class='ocr_line' id='line_1_3' title="bbox 129 535 1167 614; baseline -0.004 -14"><span class='ocrx_word' id='word_1_12' title='bbox 129 545 226 600; x_wconf 90' lang='lat' dir='ltr'><strong>autem</strong></span> <span class='ocrx_word' id='word_1_13' title='bbox 237 544 296 598; x_wconf 84' lang='lat' dir='ltr'><strong>tres</strong></span> <span class='ocrx_word' id='word_1_14' title='bbox 307 541 373 598; x_wconf 91' lang='lat' dir='ltr'><strong>miri</strong></span> <span class='ocrx_word' id='word_1_15' title='bbox 386 537 495 598; x_wconf 87' lang='lat' dir='ltr'><strong>decoris</strong></span> <span class='ocrx_word' id='word_1_16' title='bbox 510 545 665 614; x_wconf 72' lang='lat' dir='ltr'><strong>mamonae,</strong></span> <span class='ocrx_word' id='word_1_17' title='bbox 679 538 846 598; x_wconf 89' lang='lat' dir='ltr'><strong>indumenta</strong></span> <span class='ocrx_word' id='word_1_18' title='bbox 857 535 1046 597; x_wconf 72' lang='lat' dir='ltr'><strong>sacerdotalia</strong></span> <span class='ocrx_word' id='word_1_19' title='bbox 1059 549 1167 614; x_wconf 86' lang='lat' dir='ltr'><strong>appor-</strong></span> 
     </span>
     <span class='ocr_line' id='line_1_4' title="bbox 129 621 1165 704; baseline -0.004 -16"><span class='ocrx_word' id='word_1_20' title='bbox 129 632 271 701; x_wconf 84' lang='lat' dir='ltr'><strong>tavemmt,</strong></span> <span class='ocrx_word' id='word_1_21' title='bbox 293 631 323 684; x_wconf 91' lang='lat' dir='ltr'><strong>et</strong></span> <span class='ocrx_word' id='word_1_22' title='bbox 344 625 516 701; x_wconf 77' lang='lat' dir='ltr'><strong>explicantes</strong></span> <span class='ocrx_word' id='word_1_23' title='bbox 539 642 574 685; x_wconf 89' lang='lat' dir='ltr'><strong>ea</strong></span> <span class='ocrx_word' id='word_1_24' title='bbox 595 642 682 702; x_wconf 89' lang='lat' dir='ltr'><strong>super</strong></span> <span class='ocrx_word' id='word_1_25' title='bbox 702 643 832 685; x_wconf 89' lang='lat' dir='ltr'><strong>mensam</strong></span> <span class='ocrx_word' id='word_1_26' title='bbox 852 625 907 702; x_wconf 91' lang='lat' dir='ltr'><strong>ipsi</strong></span> <span class='ocrx_word' id='word_1_27' title='bbox 921 621 937 704; x_wconf 83' lang='lat'><strong>¹)</strong></span> <span class='ocrx_word' id='word_1_28' title='bbox 958 630 1165 700; x_wconf 87' lang='lat' dir='ltr'><strong>praesentave-</strong></span> 
     </span>
     <span class='ocr_line' id='line_1_5' title="bbox 128 710 1166 788; baseline -0.004 -14"><span class='ocrx_word' id='word_1_29' title='bbox 128 719 202 774; x_wconf 92' lang='lat' dir='ltr'><strong>runt.</strong></span> <span class='ocrx_word' id='word_1_30' title='bbox 224 745 267 756; x_wconf 88' lang='lat'><strong>—-</strong></span> <span class='ocrx_word' id='word_1_31' title='bbox 288 710 356 772; x_wconf 85' lang='lat' dir='ltr'><strong>Alio</strong></span> <span class='ocrx_word' id='word_1_32' title='bbox 366 712 464 772; x_wconf 89' lang='lat' dir='ltr'><strong>itidem</strong></span> <span class='ocrx_word' id='word_1_33' title='bbox 484 718 614 788; x_wconf 91' lang='lat' dir='ltr'><strong>tempore</strong></span> <span class='ocrx_word' id='word_1_34' title='bbox 635 730 702 772; x_wconf 90' lang='lat' dir='ltr'><strong>curn</strong></span> <span class='ocrx_word' id='word_1_35' title='bbox 722 714 751 770; x_wconf 90' lang='lat' dir='ltr'><strong>in</strong></span> <span class='ocrx_word' id='word_1_36' title='bbox 779 713 858 771; x_wconf 91' lang='lat' dir='ltr'><strong>initio</strong></span> <span class='ocrx_word' id='word_1_37' title='bbox 879 711 998 770; x_wconf 89' lang='lat' dir='ltr'><strong>laudum</strong></span> <span class='ocrx_word' id='word_1_38' title='bbox 1019 710 1166 787; x_wconf 87' lang='lat' dir='ltr'><strong>Psalmus,</strong></span> 
     </span>
     <span class='ocr_line' id='line_1_6' title="bbox 129 796 1168 873; baseline -0.004 -13"><span class='ocrx_word' id='word_1_39' title='bbox 129 802 213 860; x_wconf 81' lang='lat' dir='ltr'><strong>Daue</strong></span> <span class='ocrx_word' id='word_1_40' title='bbox 233 803 410 858; x_wconf 76' lang='grc'><strong>1010010010(</strong></span> <span class='ocrx_word' id='word_1_41' title='bbox 436 802 546 873; x_wconf 74' lang='grc'><strong>(100111,</strong></span> <span class='ocrx_word' id='word_1_42' title='bbox 581 800 795 873; x_wconf 83' lang='lat' dir='ltr'><strong>decantaretur,</strong></span> <span class='ocrx_word' id='word_1_43' title='bbox 828 797 900 858; x_wconf 91' lang='lat' dir='ltr'><strong>vidit</strong></span> <span class='ocrx_word' id='word_1_44' title='bbox 932 796 1078 858; x_wconf 87' lang='lat' dir='ltr'><strong>dexteram</strong></span> <span class='ocrx_word' id='word_1_45' title='bbox 1110 798 1168 858; x_wconf 90' lang='lat' dir='ltr'><strong>Dei</strong></span> 
     </span>
     <span class='ocr_line' id='line_1_7' title="bbox 129 885 1166 963; baseline -0.004 -15"><span class='ocrx_word' id='word_1_46' title='bbox 129 903 217 963; x_wconf 88' lang='lat' dir='ltr'><strong>super</strong></span> <span class='ocrx_word' id='word_1_47' title='bbox 236 886 364 946; x_wconf 88' lang='lat' dir='ltr'><strong>medium</strong></span> <span class='ocrx_word' id='word_1_48' title='bbox 386 886 464 945; x_wconf 90' lang='lat' dir='ltr'><strong>chori</strong></span> <span class='ocrx_word' id='word_1_49' title='bbox 486 886 602 946; x_wconf 87' lang='lat' dir='ltr'><strong>dantem</strong></span> <span class='ocrx_word' id='word_1_50' title='bbox 630 885 859 945; x_wconf 86' lang='lat' dir='ltr'><strong>benedictionem</strong></span> <span class='ocrx_word' id='word_1_51' title='bbox 879 902 965 962; x_wconf 83' lang='lat' dir='ltr'><strong>super</strong></span> <span class='ocrx_word' id='word_1_52' title='bbox 986 891 1166 945; x_wconf 87' lang='lat' dir='ltr'><strong>conventum.</strong></span> 
     </span>
     <span class='ocr_line' id='line_1_8' title="bbox 130 972 1168 1049; baseline -0.003 -15"><span class='ocrx_word' id='word_1_53' title='bbox 130 973 177 1034; x_wconf 91' lang='lat' dir='ltr'><strong>Ob</strong></span> <span class='ocrx_word' id='word_1_54' title='bbox 200 990 288 1049; x_wconf 88' lang='lat' dir='ltr'><strong>quam</strong></span> <span class='ocrx_word' id='word_1_55' title='bbox 309 989 606 1032; x_wconf 87' lang='lat' dir='ltr'><strong>eausamconeessum</strong></span> <span class='ocrx_word' id='word_1_56' title='bbox 628 979 673 1032; x_wconf 89' lang='lat' dir='ltr'><strong>ast</strong></span> <span class='ocrx_word' id='word_1_57' title='bbox 691 972 826 1032; x_wconf 85' lang='lat' dir='ltr'><strong>iratribus</strong></span> <span class='ocrx_word' id='word_1_58' title='bbox 849 974 1001 1045; x_wconf 88' lang='lat' dir='ltr'><strong>conversis,</strong></span> <span class='ocrx_word' id='word_1_59' title='bbox 1021 973 1051 1030; x_wconf 93' lang='lat' dir='ltr'><strong>in</strong></span> <span class='ocrx_word' id='word_1_60' title='bbox 1072 974 1168 1031; x_wconf 83' lang='lat' dir='ltr'><strong>mino·</strong></span> 
     </span>
     <span class='ocr_line' id='line_1_9' title="bbox 129 1049 1167 1140; baseline -0.002 -20"><span class='ocrx_word' id='word_1_61' title='bbox 129 1049 242 1140; x_wconf 86' lang='lat' dir='ltr'><strong>ribns²)</strong></span> <span class='ocrx_word' id='word_1_62' title='bbox 262 1060 342 1119; x_wconf 85' lang='lat' dir='ltr'><strong>iestis</strong></span> <span class='ocrx_word' id='word_1_63' title='bbox 373 1059 453 1118; x_wconf 89' lang='lat' dir='ltr'><strong>illum</strong></span> <span class='ocrx_word' id='word_1_64' title='bbox 473 1059 622 1120; x_wconf 89' lang='lat' dir='ltr'><strong>Psalmum</strong></span> <span class='ocrx_word' id='word_1_65' title='bbox 650 1059 809 1135; x_wconf 84' lang='lat' dir='ltr'><strong>peraudire.</strong></span> <span class='ocrx_word' id='word_1_66' title='bbox 850 1057 1167 1119; x_wconf 72' lang='lat' dir='ltr'><strong>NOVICIU81Miror</strong></span> 
     </span>
     <span class='ocr_line' id='line_1_10' title="bbox 126 1142 1166 1224; baseline 0.001 -22"><span class='ocrx_word' id='word_1_67' title='bbox 126 1148 234 1222; x_wconf 78' lang='lat' dir='ltr'><strong>quibus</strong></span> <span class='ocrx_word' id='word_1_68' title='bbox 255 1147 362 1205; x_wconf 90' lang='lat' dir='ltr'><strong>meritis</strong></span> <span class='ocrx_word' id='word_1_69' title='bbox 383 1148 427 1204; x_wconf 90' lang='lat' dir='ltr'><strong>vir</strong></span> <span class='ocrx_word' id='word_1_70' title='bbox 447 1147 500 1206; x_wconf 90' lang='lat' dir='ltr'><strong>iste</strong></span> <span class='ocrx_word' id='word_1_71' title='bbox 522 1146 560 1205; x_wconf 89' lang='lat' dir='ltr'><strong>ad</strong></span> <span class='ocrx_word' id='word_1_72' title='bbox 575 1151 686 1205; x_wconf 88' lang='lat' dir='ltr'><strong>tantam</strong></span> <span class='ocrx_word' id='word_1_73' title='bbox 706 1147 868 1222; x_wconf 88' lang='lat' dir='ltr'><strong>pervenerit</strong></span> <span class='ocrx_word' id='word_1_74' title='bbox 888 1147 1009 1222; x_wconf 89' lang='lat' dir='ltr'><strong>gratiam</strong></span> <span class='ocrx_word' id='word_1_75' title='bbox 1016 1142 1046 1224; x_wconf 78' lang='lat'><strong>³).</strong></span> <span class='ocrx_word' id='word_1_76' title='bbox 1088 1143 1166 1204; x_wconf 87' lang='grc' dir='ltr'><strong>ΜΟ-</strong></span> 
     </span>
     <span class='ocr_line' id='line_1_11' title="bbox 129 1228 1166 1311; baseline -0.004 -18"><span class='ocrx_word' id='word_1_77' title='bbox 129 1232 303 1294; x_wconf 82' lang='lat' dir='ltr'><strong>NAOHUS:</strong></span> <span class='ocrx_word' id='word_1_78' title='bbox 334 1233 496 1292; x_wconf 84' lang='lat' dir='ltr'><strong>Virtutibus</strong></span> <span class='ocrx_word' id='word_1_79' title='bbox 529 1228 674 1311; x_wconf 70' lang='lat' dir='ltr'><strong>animast)</strong></span> <span class='ocrx_word' id='word_1_80' title='bbox 703 1235 842 1306; x_wconf 86' lang='lat' dir='ltr'><strong>maxime,</strong></span> <span class='ocrx_word' id='word_1_81' title='bbox 871 1235 988 1292; x_wconf 89' lang='lat' dir='ltr'><strong>caritate</strong></span> <span class='ocrx_word' id='word_1_82' title='bbox 1019 1229 1166 1306; x_wconf 87' lang='lat' dir='ltr'><strong>videlicet,</strong></span> 
     </span>
     <span class='ocr_line' id='line_1_12' title="bbox 130 1313 1168 1396; baseline -0.003 -16"><span class='ocrx_word' id='word_1_83' title='bbox 130 1320 320 1396; x_wconf 86' lang='lat' dir='ltr'><strong>simplicitate,</strong></span> <span class='ocrx_word' id='word_1_84' title='bbox 339 1318 500 1378; x_wconf 87' lang='lat' dir='ltr'><strong>humilitate</strong></span> <span class='ocrx_word' id='word_1_85' title='bbox 522 1325 551 1378; x_wconf 92' lang='lat' dir='ltr'><strong>et</strong></span> <span class='ocrx_word' id='word_1_86' title='bbox 567 1319 612 1378; x_wconf 88' lang='lat' dir='ltr'><strong>his</strong></span> <span class='ocrx_word' id='word_1_87' title='bbox 628 1313 776 1379; x_wconf 81' lang='lat' dir='ltr'><strong>similibus.</strong></span> <span class='ocrx_word' id='word_1_88' title='bbox 819 1318 854 1377; x_wconf 93' lang='lat' dir='ltr'><strong>In</strong></span> <span class='ocrx_word' id='word_1_89' title='bbox 874 1319 919 1378; x_wconf 91' lang='lat' dir='ltr'><strong>his</strong></span> <span class='ocrx_word' id='word_1_90' title='bbox 942 1321 1018 1378; x_wconf 90' lang='lat' dir='ltr'><strong>enim</strong></span> <span class='ocrx_word' id='word_1_91' title='bbox 1040 1319 1168 1378; x_wconf 90' lang='lat' dir='ltr'><strong>consistit</strong></span> 
     </span>
     <span class='ocr_line' id='line_1_13' title="bbox 130 1405 1167 1483; baseline -0.002 -17"><span class='ocrx_word' id='word_1_92' title='bbox 130 1425 250 1483; x_wconf 88' lang='lat' dir='ltr'><strong>regnum</strong></span> <span class='ocrx_word' id='word_1_93' title='bbox 271 1405 337 1479; x_wconf 89' lang='lat' dir='ltr'><strong>Dei,</strong></span> <span class='ocrx_word' id='word_1_94' title='bbox 357 1421 415 1464; x_wconf 92' lang='grc'><strong>11011</strong></span> <span class='ocrx_word' id='word_1_95' title='bbox 435 1408 464 1464; x_wconf 92' lang='lat' dir='ltr'><strong>in</strong></span> <span class='ocrx_word' id='word_1_96' title='bbox 486 1423 625 1480; x_wconf 88' lang='lat' dir='ltr'><strong>sermone,</strong></span> <span class='ocrx_word' id='word_1_97' title='bbox 646 1406 694 1466; x_wconf 91' lang='lat' dir='ltr'><strong>vel</strong></span> <span class='ocrx_word' id='word_1_98' title='bbox 714 1409 743 1464; x_wconf 93' lang='lat' dir='ltr'><strong>in</strong></span> <span class='ocrx_word' id='word_1_99' title='bbox 764 1406 863 1465; x_wconf 89' lang='lat' dir='ltr'><strong>labore</strong></span> <span class='ocrx_word' id='word_1_100' title='bbox 885 1405 1032 1480; x_wconf 90' lang='lat' dir='ltr'><strong>corporali.</strong></span> <span class='ocrx_word' id='word_1_101' title='bbox 1074 1405 1167 1464; x_wconf 88' lang='lat' dir='ltr'><strong>Prae-</strong></span> 
     </span>
     <span class='ocr_line' id='line_1_14' title="bbox 130 1488 1166 1570; baseline -0.002 -18"><span class='ocrx_word' id='word_1_102' title='bbox 130 1494 226 1554; x_wconf 87' lang='lat' dir='ltr'><strong>dicare</strong></span> <span class='ocrx_word' id='word_1_103' title='bbox 247 1499 346 1552; x_wconf 88' lang='lat' dir='ltr'><strong>autem</strong></span> <span class='ocrx_word' id='word_1_104' title='bbox 366 1509 419 1551; x_wconf 89' lang='lat' dir='ltr'><strong>seu</strong></span> <span class='ocrx_word' id='word_1_105' title='bbox 439 1493 572 1551; x_wconf 87' lang='lat' dir='ltr'><strong>manibus</strong></span> <span class='ocrx_word' id='word_1_106' title='bbox 592 1493 722 1552; x_wconf 89' lang='lat' dir='ltr'><strong>laborare</strong></span> <span class='ocrx_word' id='word_1_107' title='bbox 744 1495 805 1552; x_wconf 83' lang='lat' dir='ltr'><strong>sine</strong></span> <span class='ocrx_word' id='word_1_108' title='bbox 826 1494 978 1552; x_wconf 92' lang='lat' dir='ltr'><strong>virtutibus</strong></span> <span class='ocrx_word' id='word_1_109' title='bbox 993 1488 1166 1570; x_wconf 81' lang='lat' dir='ltr'><strong>modicum⁶)</strong></span> 
     </span>
     <span class='ocr_line' id='line_1_15' title="bbox 130 1579 1167 1654; baseline -0.005 -13"><span class='ocrx_word' id='word_1_110' title='bbox 130 1580 217 1641; x_wconf 87' lang='lat' dir='ltr'><strong>valet.</strong></span> <span class='ocrx_word' id='word_1_111' title='bbox 260 1579 372 1638; x_wconf 86' lang='lat' dir='ltr'><strong>Tantae</strong></span> <span class='ocrx_word' id='word_1_112' title='bbox 412 1580 561 1654; x_wconf 82' lang='lat' dir='ltr'><strong>siqnidem·</strong></span> <span class='ocrx_word' id='word_1_113' title='bbox 580 1579 673 1643; x_wconf 80' lang='grc'><strong>1110101</strong></span> <span class='ocrx_word' id='word_1_114' title='bbox 704 1581 886 1654; x_wconf 87' lang='lat' dir='ltr'><strong>humilitatis,</strong></span> <span class='ocrx_word' id='word_1_115' title='bbox 926 1585 958 1638; x_wconf 90' lang='lat' dir='ltr'><strong>ut</strong></span> <span class='ocrx_word' id='word_1_116' title='bbox 986 1581 1011 1638; x_wconf 95' lang='lat' dir='ltr'><strong>si</strong></span> <span class='ocrx_word' id='word_1_117' title='bbox 1042 1579 1167 1654; x_wconf 87' lang='lat' dir='ltr'><strong>aliquem</strong></span> 
     </span>
    </p>
   </div>
   <div class='ocr_carea' id='block_1_3' title="bbox 130 1662 1270 1745">
    <p class='ocr_par' dir='ltr' id='par_1_3' title="bbox 130 1662 1270 1745">
     <span class='ocr_line' id='line_1_16' title="bbox 130 1662 1270 1745; baseline -0.001 -19"><span class='ocrx_word' id='word_1_118' title='bbox 130 1665 338 1727; x_wconf 88' lang='lat' dir='ltr'><strong>monachorum</strong></span> <span class='ocrx_word' id='word_1_119' title='bbox 359 1666 476 1725; x_wconf 90' lang='lat' dir='ltr'><strong>obvium</strong></span> <span class='ocrx_word' id='word_1_120' title='bbox 484 1662 505 1745; x_wconf 75' lang='lat'><strong>⁶)</strong></span> <span class='ocrx_word' id='word_1_121' title='bbox 527 1666 683 1741; x_wconf 88' lang='lat' dir='ltr'><strong>habuisset,</strong></span> <span class='ocrx_word' id='word_1_122' title='bbox 705 1667 881 1742; x_wconf 85' lang='lat' dir='ltr'><strong>complicatis</strong></span> <span class='ocrx_word' id='word_1_123' title='bbox 902 1667 1021 1725; x_wconf 89' lang='lat' dir='ltr'><strong>manicis</strong></span> <span class='ocrx_word' id='word_1_124' title='bbox 1042 1683 1074 1725; x_wconf 91' lang='lat' dir='ltr'><strong>se</strong></span> <span class='ocrx_word' id='word_1_125' title='bbox 1095 1683 1167 1726; x_wconf 88' lang='lat' dir='ltr'><strong>con·</strong></span> <span class='ocrx_word' id='word_1_126' title='bbox 1265 1701 1270 1712; x_wconf 86' lang='lat'>·</span> 
     </span>
    </p>
   </div>
   <div class='ocr_carea' id='block_1_4' title="bbox 130 1751 1171 3481">
    <p class='ocr_par' dir='ltr' id='par_1_4' title="bbox 130 1751 1171 3481">
     <span class='ocr_line' id='line_1_17' title="bbox 130 1751 1166 1830; baseline -0.002 -18"><span class='ocrx_word' id='word_1_127' title='bbox 130 1754 271 1826; x_wconf 88' lang='lat' dir='ltr'><strong>traheret,</strong></span> <span class='ocrx_word' id='word_1_128' title='bbox 292 1759 321 1812; x_wconf 89' lang='lat' dir='ltr'><strong>et</strong></span> <span class='ocrx_word' id='word_1_129' title='bbox 352 1769 388 1811; x_wconf 92' lang='lat' dir='ltr'><strong>ne</strong></span> <span class='ocrx_word' id='word_1_130' title='bbox 416 1752 495 1810; x_wconf 92' lang='lat' dir='ltr'><strong>illum</strong></span> <span class='ocrx_word' id='word_1_131' title='bbox 516 1760 598 1812; x_wconf 83' lang='lat' dir='ltr'><strong>vaste</strong></span> <span class='ocrx_word' id='word_1_132' title='bbox 629 1759 773 1830; x_wconf 87' lang='lat' dir='ltr'><strong>tangeret,</strong></span> <span class='ocrx_word' id='word_1_133' title='bbox 801 1755 831 1810; x_wconf 92' lang='lat' dir='ltr'><strong>in</strong></span> <span class='ocrx_word' id='word_1_134' title='bbox 863 1759 973 1829; x_wconf 90' lang='lat' dir='ltr'><strong>partem</strong></span> <span class='ocrx_word' id='word_1_135' title='bbox 1003 1751 1166 1812; x_wconf 83' lang='lat' dir='ltr'><strong>declinaret.</strong></span> 
     </span>
     <span class='ocr_line' id='line_1_18' title="bbox 130 1838 1167 1916; baseline -0.004 -16"><span class='ocrx_word' id='word_1_136' title='bbox 130 1841 297 1915; x_wconf 86' lang='lat' dir='ltr'><strong>Requisitus</strong></span> <span class='ocrx_word' id='word_1_137' title='bbox 320 1838 356 1898; x_wconf 90' lang='lat' dir='ltr'><strong>de</strong></span> <span class='ocrx_word' id='word_1_138' title='bbox 377 1839 441 1914; x_wconf 91' lang='lat' dir='ltr'><strong>hoc,</strong></span> <span class='ocrx_word' id='word_1_139' title='bbox 462 1839 621 1915; x_wconf 87' lang='lat' dir='ltr'><strong>respondit:</strong></span> <span class='ocrx_word' id='word_1_140' title='bbox 643 1840 782 1916; x_wconf 86' lang='lat' dir='ltr'><strong>Egosum</strong></span> <span class='ocrx_word' id='word_1_141' title='bbox 802 1846 951 1915; x_wconf 87' lang='lat' dir='ltr'><strong>peccator,</strong></span> <span class='ocrx_word' id='word_1_142' title='bbox 973 1844 1003 1897; x_wconf 86' lang='lat' dir='ltr'><strong>et</strong></span> <span class='ocrx_word' id='word_1_143' title='bbox 1022 1855 1081 1898; x_wconf 90' lang='lat' dir='ltr'><strong>non</strong></span> <span class='ocrx_word' id='word_1_144' title='bbox 1102 1855 1167 1897; x_wconf 91' lang='lat' dir='ltr'><strong>sum</strong></span> 
     </span>
     <span class='ocr_line' id='line_1_19' title="bbox 130 1924 1167 2004; baseline -0.003 -18"><span class='ocrx_word' id='word_1_145' title='bbox 130 1927 234 2004; x_wconf 87' lang='lat' dir='ltr'><strong>dignus</strong></span> <span class='ocrx_word' id='word_1_146' title='bbox 256 1926 352 1985; x_wconf 89' lang='lat' dir='ltr'><strong>uthos</strong></span> <span class='ocrx_word' id='word_1_147' title='bbox 373 1929 582 1985; x_wconf 89' lang='lat' dir='ltr'><strong>sanctosviros</strong></span> <span class='ocrx_word' id='word_1_148' title='bbox 603 1933 721 2003; x_wconf 87' lang='lat' dir='ltr'><strong>tangam</strong></span> <span class='ocrx_word' id='word_1_149' title='bbox 742 1925 789 1986; x_wconf 92' lang='lat' dir='ltr'><strong>vel</strong></span> <span class='ocrx_word' id='word_1_150' title='bbox 810 1932 913 2002; x_wconf 90' lang='lat' dir='ltr'><strong>tangar</strong></span> <span class='ocrx_word' id='word_1_151' title='bbox 932 1926 971 1984; x_wconf 86' lang='lat' dir='ltr'><strong>ab</strong></span> <span class='ocrx_word' id='word_1_152' title='bbox 993 1927 1042 1984; x_wconf 91' lang='lat' dir='ltr'><strong>eis.</strong></span> <span class='ocrx_word' id='word_1_153' title='bbox 1083 1924 1167 1984; x_wconf 85' lang='lat' dir='ltr'><strong>Duos</strong></span> 
     </span>
     <span class='ocr_line' id='line_1_20' title="bbox 131 2012 1168 2090; baseline -0.002 -17"><span class='ocrx_word' id='word_1_154' title='bbox 131 2013 273 2090; x_wconf 89' lang='lat' dir='ltr'><strong>siquidem</strong></span> <span class='ocrx_word' id='word_1_155' title='bbox 293 2012 367 2072; x_wconf 88' lang='lat' dir='ltr'><strong>filios</strong></span> <span class='ocrx_word' id='word_1_156' title='bbox 388 2019 454 2071; x_wconf 89' lang='lat' dir='ltr'><strong>ante</strong></span> <span class='ocrx_word' id='word_1_157' title='bbox 477 2016 693 2073; x_wconf 88' lang='lat' dir='ltr'><strong>conversionem</strong></span> <span class='ocrx_word' id='word_1_158' title='bbox 719 2015 749 2071; x_wconf 92' lang='lat' dir='ltr'><strong>in</strong></span> <span class='ocrx_word' id='word_1_159' title='bbox 770 2016 917 2074; x_wconf 88' lang='lat' dir='ltr'><strong>iuventute</strong></span> <span class='ocrx_word' id='word_1_160' title='bbox 938 2018 1088 2089; x_wconf 85' lang='lat' dir='ltr'><strong>genuerat,</strong></span> <span class='ocrx_word' id='word_1_161' title='bbox 1109 2028 1168 2071; x_wconf 91' lang='lat' dir='ltr'><strong>non</strong></span> 
     </span>
     <span class='ocr_line' id='line_1_21' title="bbox 130 2098 1168 2176; baseline -0.003 -15"><span class='ocrx_word' id='word_1_162' title='bbox 130 2108 229 2161; x_wconf 84' lang='lat' dir='ltr'><strong>tamen</strong></span> <span class='ocrx_word' id='word_1_163' title='bbox 256 2099 396 2176; x_wconf 87' lang='lat' dir='ltr'><strong>legitima,</strong></span> <span class='ocrx_word' id='word_1_164' title='bbox 428 2099 586 2160; x_wconf 85' lang='lat' dir='ltr'><strong>Henricnm</strong></span> <span class='ocrx_word' id='word_1_165' title='bbox 617 2101 750 2160; x_wconf 90' lang='lat' dir='ltr'><strong>videlicet</strong></span> <span class='ocrx_word' id='word_1_166' title='bbox 778 2117 948 2160; x_wconf 86' lang='lat' dir='ltr'><strong>conversum</strong></span> <span class='ocrx_word' id='word_1_167' title='bbox 979 2098 1015 2157; x_wconf 88' lang='lat' dir='ltr'><strong>de</strong></span> <span class='ocrx_word' id='word_1_168' title='bbox 1043 2098 1168 2173; x_wconf 83' lang='lat' dir='ltr'><strong>vilario,</strong></span> 
     </span>
     <span class='ocr_line' id='line_1_22' title="bbox 131 2185 1168 2262; baseline -0.002 -16"><span class='ocrx_word' id='word_1_169' title='bbox 131 2191 225 2246; x_wconf 89' lang='lat' dir='ltr'><strong>virum</strong></span> <span class='ocrx_word' id='word_1_170' title='bbox 257 2191 405 2260; x_wconf 91' lang='lat' dir='ltr'><strong>sanctum,</strong></span> <span class='ocrx_word' id='word_1_171' title='bbox 438 2186 474 2245; x_wconf 89' lang='lat' dir='ltr'><strong>de</strong></span> <span class='ocrx_word' id='word_1_172' title='bbox 503 2204 561 2262; x_wconf 90' lang='lat' dir='ltr'><strong>quo</strong></span> <span class='ocrx_word' id='word_1_173' title='bbox 594 2187 768 2246; x_wconf 90' lang='lat' dir='ltr'><strong>dictumest</strong></span> <span class='ocrx_word' id='word_1_174' title='bbox 800 2190 830 2245; x_wconf 90' lang='lat' dir='ltr'><strong>in</strong></span> <span class='ocrx_word' id='word_1_175' title='bbox 862 2192 964 2262; x_wconf 87' lang='lat' dir='ltr'><strong>quarta</strong></span> <span class='ocrx_word' id='word_1_176' title='bbox 990 2185 1168 2244; x_wconf 90' lang='lat' dir='ltr'><strong>distinctione</strong></span> 
     </span>
     <span class='ocr_line' id='line_1_23' title="bbox 132 2271 1168 2350; baseline -0.004 -16"><span class='ocrx_word' id='word_1_177' title='bbox 132 2273 257 2350; x_wconf 88' lang='lat' dir='ltr'><strong>capitulo</strong></span> <span class='ocrx_word' id='word_1_178' title='bbox 279 2275 423 2332; x_wconf 90' lang='lat' dir='ltr'><strong>tricesimo</strong></span> <span class='ocrx_word' id='word_1_179' title='bbox 453 2275 560 2349; x_wconf 90' lang='lat' dir='ltr'><strong>primo,</strong></span> <span class='ocrx_word' id='word_1_180' title='bbox 591 2279 620 2334; x_wconf 90' lang='lat' dir='ltr'><strong>et</strong></span> <span class='ocrx_word' id='word_1_181' title='bbox 640 2273 805 2335; x_wconf 88' lang='lat' dir='ltr'><strong>Johannem</strong></span> <span class='ocrx_word' id='word_1_182' title='bbox 826 2273 1000 2332; x_wconf 87' lang='lat' dir='ltr'><strong>monachum</strong></span> <span class='ocrx_word' id='word_1_183' title='bbox 1022 2272 1057 2331; x_wconf 90' lang='lat' dir='ltr'><strong>da</strong></span> <span class='ocrx_word' id='word_1_184' title='bbox 1080 2271 1168 2331; x_wconf 83' lang='lat' dir='ltr'><strong>Olau-</strong></span> 
     </span>
     <span class='ocr_line' id='line_1_24' title="bbox 131 2358 1169 2436; baseline -0.004 -15"><span class='ocrx_word' id='word_1_185' title='bbox 131 2367 208 2436; x_wconf 85' lang='lat' dir='ltr'><strong>stro,</strong></span> <span class='ocrx_word' id='word_1_186' title='bbox 235 2361 285 2436; x_wconf 90' lang='lat' dir='ltr'><strong>qui</strong></span> <span class='ocrx_word' id='word_1_187' title='bbox 305 2358 401 2418; x_wconf 90' lang='lat' dir='ltr'><strong>adhue</strong></span> <span class='ocrx_word' id='word_1_188' title='bbox 422 2368 560 2436; x_wconf 77' lang='lat' dir='ltr'><strong>superest.</strong></span> <span class='ocrx_word' id='word_1_189' title='bbox 602 2360 806 2421; x_wconf 83' lang='lat' dir='ltr'>NOVICIUS:</span> <span class='ocrx_word' id='word_1_190' title='bbox 834 2360 910 2436; x_wconf 84' lang='lat' dir='ltr'><strong>Quid</strong></span> <span class='ocrx_word' id='word_1_191' title='bbox 940 2365 984 2419; x_wconf 88' lang='lat' dir='ltr'><strong>est</strong></span> <span class='ocrx_word' id='word_1_192' title='bbox 1005 2359 1083 2434; x_wconf 89' lang='lat' dir='ltr'><strong>qnod</strong></span> <span class='ocrx_word' id='word_1_193' title='bbox 1103 2375 1169 2418; x_wconf 88' lang='lat' dir='ltr'><strong>ma-</strong></span> 
     </span>
     <span class='ocr_line' id='line_1_25' title="bbox 131 2445 1169 2524; baseline -0.002 -18"><span class='ocrx_word' id='word_1_194' title='bbox 131 2451 222 2509; x_wconf 88' lang='lat' dir='ltr'><strong>iorem</strong></span> <span class='ocrx_word' id='word_1_195' title='bbox 252 2448 282 2505; x_wconf 93' lang='lat' dir='ltr'><strong>in</strong></span> <span class='ocrx_word' id='word_1_196' title='bbox 306 2447 469 2506; x_wconf 89' lang='lat' dir='ltr'><strong>huiusmodi</strong></span> <span class='ocrx_word' id='word_1_197' title='bbox 489 2448 711 2508; x_wconf 84' lang='lat' dir='ltr'><strong>revelationibus</strong></span> <span class='ocrx_word' id='word_1_198' title='bbox 732 2450 854 2524; x_wconf 84' lang='lat' dir='ltr'><strong>gratiam</strong></span> <span class='ocrx_word' id='word_1_199' title='bbox 880 2447 1010 2506; x_wconf 88' lang='lat' dir='ltr'><strong>videmus</strong></span> <span class='ocrx_word' id='word_1_200' title='bbox 1043 2445 1169 2522; x_wconf 90' lang='lat' dir='ltr'><strong>impendi</strong></span> 
     </span>
     <span class='ocr_line' id='line_1_26' title="bbox 131 2533 1168 2611; baseline -0.003 -17"><span class='ocrx_word' id='word_1_201' title='bbox 131 2535 331 2610; x_wconf 88' lang='lat' dir='ltr'><strong>peccatoribus</strong></span> <span class='ocrx_word' id='word_1_202' title='bbox 354 2540 383 2592; x_wconf 89' lang='lat' dir='ltr'><strong>et</strong></span> <span class='ocrx_word' id='word_1_203' title='bbox 403 2533 490 2609; x_wconf 87' lang='lat' dir='ltr'><strong>lapsis</strong></span> <span class='ocrx_word' id='word_1_204' title='bbox 511 2541 578 2610; x_wconf 91' lang='lat' dir='ltr'><strong>post</strong></span> <span class='ocrx_word' id='word_1_205' title='bbox 597 2538 812 2611; x_wconf 88' lang='lat' dir='ltr'><strong>poenitentiam,</strong></span> <span class='ocrx_word' id='word_1_206' title='bbox 833 2551 920 2610; x_wconf 88' lang='lat' dir='ltr'><strong>quam</strong></span> <span class='ocrx_word' id='word_1_207' title='bbox 941 2534 985 2592; x_wconf 88' lang='lat' dir='ltr'><strong>his</strong></span> <span class='ocrx_word' id='word_1_208' title='bbox 1008 2536 1057 2609; x_wconf 91' lang='lat' dir='ltr'><strong>qui</strong></span> <span class='ocrx_word' id='word_1_209' title='bbox 1084 2535 1168 2592; x_wconf 91' lang='lat' dir='ltr'><strong>inno-</strong></span> 
     </span>
     <span class='ocr_line' id='line_1_27' title="bbox 132 2620 1170 2696; baseline -0.003 -14"><span class='ocrx_word' id='word_1_210' title='bbox 132 2623 256 2682; x_wconf 89' lang='lat' dir='ltr'><strong>centiam</strong></span> <span class='ocrx_word' id='word_1_211' title='bbox 268 2638 350 2680; x_wconf 89' lang='lat' dir='ltr'><strong>suam</strong></span> <span class='ocrx_word' id='word_1_212' title='bbox 361 2621 568 2680; x_wconf 75' lang='lat' dir='ltr'><strong>servaverunt?</strong></span> <span class='ocrx_word' id='word_1_213' title='bbox 597 2621 831 2682; x_wconf 78' lang='lat' dir='ltr'>MONACHUS=</span> <span class='ocrx_word' id='word_1_214' title='bbox 853 2621 910 2681; x_wconf 89' lang='lat' dir='ltr'><strong>Ubi</strong></span> <span class='ocrx_word' id='word_1_215' title='bbox 927 2620 1170 2696; x_wconf 86' lang='lat' dir='ltr'><strong>superabundavit</strong></span> 
     </span>
     <span class='ocr_line' id='line_1_28' title="bbox 132 2704 1170 2787; baseline -0.003 -19"><span class='ocrx_word' id='word_1_216' title='bbox 132 2708 282 2782; x_wconf 83' lang='lat' dir='ltr'><strong>(lebetum,</strong></span> <span class='ocrx_word' id='word_1_217' title='bbox 303 2709 343 2766; x_wconf 90' lang='lat' dir='ltr'><strong>ibi</strong></span> <span class='ocrx_word' id='word_1_218' title='bbox 363 2707 526 2782; x_wconf 83' lang='lat' dir='ltr'><strong>frequenter</strong></span> <span class='ocrx_word' id='word_1_219' title='bbox 546 2709 760 2785; x_wconf 86' lang='lat' dir='ltr'><strong>superabundat</strong></span> <span class='ocrx_word' id='word_1_220' title='bbox 781 2713 811 2768; x_wconf 89' lang='lat' dir='ltr'><strong>et</strong></span> <span class='ocrx_word' id='word_1_221' title='bbox 831 2711 923 2785; x_wconf 85' lang='lat' dir='ltr'><strong>gratia</strong></span> <span class='ocrx_word' id='word_1_222' title='bbox 935 2704 964 2787; x_wconf 77' lang='lat'><strong>²).</strong></span> <span class='ocrx_word' id='word_1_223' title='bbox 1000 2707 1041 2766; x_wconf 86' lang='lat' dir='ltr'><strong>Et</strong></span> <span class='ocrx_word' id='word_1_224' title='bbox 1060 2707 1093 2766; x_wconf 91' lang='lat' dir='ltr'><strong>fit</strong></span> <span class='ocrx_word' id='word_1_225' title='bbox 1113 2707 1170 2766; x_wconf 91' lang='lat' dir='ltr'><strong>hoc</strong></span> 
     </span>
     <span class='ocr_line' id='line_1_29' title="bbox 132 2791 1171 2874; baseline -0.003 -20"><span class='ocrx_word' id='word_1_226' title='bbox 132 2812 169 2855; x_wconf 87' lang='lat' dir='ltr'><strong>ex</strong></span> <span class='ocrx_word' id='word_1_227' title='bbox 189 2793 326 2853; x_wconf 84' lang='lat' dir='ltr'><strong>ineffabili</strong></span> <span class='ocrx_word' id='word_1_228' title='bbox 357 2795 551 2854; x_wconf 85' lang='lat' dir='ltr'><strong>misericordia</strong></span> <span class='ocrx_word' id='word_1_229' title='bbox 577 2796 648 2871; x_wconf 88' lang='lat' dir='ltr'><strong>Dei,</strong></span> <span class='ocrx_word' id='word_1_230' title='bbox 669 2813 706 2856; x_wconf 89' lang='lat' dir='ltr'><strong>ne</strong></span> <span class='ocrx_word' id='word_1_231' title='bbox 728 2796 861 2856; x_wconf 89' lang='lat' dir='ltr'><strong>videlicet</strong></span> <span class='ocrx_word' id='word_1_232' title='bbox 882 2791 940 2874; x_wconf 63' lang='lat' dir='ltr'><strong>ets)</strong></span> <span class='ocrx_word' id='word_1_233' title='bbox 961 2794 1035 2870; x_wconf 89' lang='lat' dir='ltr'><strong>lapsi</strong></span> <span class='ocrx_word' id='word_1_234' title='bbox 1055 2800 1171 2870; x_wconf 88' lang='lat' dir='ltr'><strong>propter</strong></span> 
     </span>
     <span class='ocr_line' id='line_1_30' title="bbox 131 2881 1171 2958; baseline -0.002 -18"><span class='ocrx_word' id='word_1_235' title='bbox 131 2887 254 2958; x_wconf 89' lang='lat' dir='ltr'><strong>peccata</strong></span> <span class='ocrx_word' id='word_1_236' title='bbox 269 2881 420 2940; x_wconf 88' lang='lat' dir='ltr'><strong>commissa</strong></span> <span class='ocrx_word' id='word_1_237' title='bbox 431 2881 589 2958; x_wconf 88' lang='lat' dir='ltr'><strong>desperent,</strong></span> <span class='ocrx_word' id='word_1_238' title='bbox 611 2889 640 2944; x_wconf 91' lang='grc'><strong>01</strong></span> <span class='ocrx_word' id='word_1_239' title='bbox 659 2901 695 2942; x_wconf 88' lang='lat' dir='ltr'><strong>ne</strong></span> <span class='ocrx_word' id='word_1_240' title='bbox 706 2885 870 2942; x_wconf 87' lang='lat' dir='ltr'><strong>innocentes</strong></span> <span class='ocrx_word' id='word_1_241' title='bbox 886 2881 921 2942; x_wconf 92' lang='lat' dir='ltr'><strong>de</strong></span> <span class='ocrx_word' id='word_1_242' title='bbox 943 2899 996 2940; x_wconf 91' lang='lat' dir='ltr'><strong>sua</strong></span> <span class='ocrx_word' id='word_1_243' title='bbox 1008 2883 1171 2940; x_wconf 89' lang='lat' dir='ltr'><strong>innocentia</strong></span> 
     </span>
     <span class='ocr_line' id='line_1_31' title="bbox 131 2966 1170 3046; baseline -0.003 -18"><span class='ocrx_word' id='word_1_244' title='bbox 131 2969 299 3043; x_wconf 87' lang='lat' dir='ltr'><strong>superbiant</strong></span> <span class='ocrx_word' id='word_1_245' title='bbox 310 2967 340 3046; x_wconf 79' lang='lat'><strong>⁹).</strong></span> <span class='ocrx_word' id='word_1_246' title='bbox 367 2966 491 3028; x_wconf 81' lang='lat' dir='ltr'><strong>Sedente</strong></span> <span class='ocrx_word' id='word_1_247' title='bbox 509 2987 555 3028; x_wconf 89' lang='lat' dir='ltr'><strong>me</strong></span> <span class='ocrx_word' id='word_1_248' title='bbox 577 2977 705 3045; x_wconf 89' lang='lat' dir='ltr'><strong>tempore</strong></span> <span class='ocrx_word' id='word_1_249' title='bbox 716 2970 842 3045; x_wconf 88' lang='lat' dir='ltr'><strong>quodam</strong></span> <span class='ocrx_word' id='word_1_250' title='bbox 853 2971 883 3026; x_wconf 92' lang='lat' dir='ltr'><strong>in</strong></span> <span class='ocrx_word' id='word_1_251' title='bbox 901 2975 1045 3028; x_wconf 88' lang='lat' dir='ltr'><strong>conventu</strong></span> <span class='ocrx_word' id='word_1_252' title='bbox 1062 2968 1170 3026; x_wconf 90' lang='lat' dir='ltr'><strong>sancti-</strong></span> 
     </span>
     <span class='ocr_line' id='line_1_32' title="bbox 131 3053 1170 3128; baseline -0.002 -14"><span class='ocrx_word' id='word_1_253' title='bbox 131 3053 300 3114; x_wconf 87' lang='lat' dir='ltr'><strong>monialium</strong></span> <span class='ocrx_word' id='word_1_254' title='bbox 321 3053 426 3114; x_wconf 86' lang='lat' dir='ltr'><strong>ordinis</strong></span> <span class='ocrx_word' id='word_1_255' title='bbox 454 3058 557 3128; x_wconf 89' lang='lat' dir='ltr'><strong>nostri‚</strong></span> <span class='ocrx_word' id='word_1_256' title='bbox 591 3075 656 3116; x_wconf 89' lang='lat' dir='ltr'><strong>cum</strong></span> <span class='ocrx_word' id='word_1_257' title='bbox 678 3056 714 3116; x_wconf 90' lang='lat' dir='ltr'><strong>de</strong></span> <span class='ocrx_word' id='word_1_258' title='bbox 735 3055 899 3116; x_wconf 91' lang='lat' dir='ltr'><strong>huiusmodi</strong></span> <span class='ocrx_word' id='word_1_259' title='bbox 919 3056 1077 3115; x_wconf 86' lang='lat' dir='ltr'><strong>visionibus</strong></span> <span class='ocrx_word' id='word_1_260' title='bbox 1099 3069 1170 3112; x_wconf 89' lang='lat' dir='ltr'><strong>con-</strong></span> 
     </span>
     <span class='ocr_line' id='line_1_33' title="bbox 131 3135 1171 3218; baseline -0.003 -17"><span class='ocrx_word' id='word_1_261' title='bbox 131 3141 286 3216; x_wconf 87' lang='lat' dir='ltr'><strong>ferremus,</strong></span> <span class='ocrx_word' id='word_1_262' title='bbox 308 3157 367 3200; x_wconf 88' lang='lat' dir='ltr'><strong>nna</strong></span> <span class='ocrx_word' id='word_1_263' title='bbox 389 3157 425 3199; x_wconf 86' lang='lat' dir='ltr'><strong>ax</strong></span> <span class='ocrx_word' id='word_1_264' title='bbox 445 3144 602 3218; x_wconf 82' lang='lat' dir='ltr'><strong>virginibus</strong></span> <span class='ocrx_word' id='word_1_265' title='bbox 632 3143 702 3202; x_wconf 86' lang='lat' dir='ltr'><strong>dixit</strong></span> <span class='ocrx_word' id='word_1_266' title='bbox 723 3143 760 3202; x_wconf 91' lang='lat' dir='ltr'><strong>ad</strong></span> <span class='ocrx_word' id='word_1_267' title='bbox 782 3135 842 3202; x_wconf 90' lang='lat' dir='ltr'><strong>me:</strong></span> <span class='ocrx_word' id='word_1_268' title='bbox 864 3142 969 3203; x_wconf 91' lang='lat' dir='ltr'><strong>Videte</strong></span> <span class='ocrx_word' id='word_1_269' title='bbox 992 3141 1069 3216; x_wconf 90' lang='lat' dir='ltr'><strong>quod</strong></span> <span class='ocrx_word' id='word_1_270' title='bbox 1089 3136 1171 3200; x_wconf 88' lang='lat' dir='ltr'><strong>Deus</strong></span> 
     </span>
     <span class='ocr_line' id='line_1_34' title="bbox 131 3226 1171 3306; baseline 0.001 -20"><span class='ocrx_word' id='word_1_271' title='bbox 131 3227 239 3286; x_wconf 90' lang='lat' dir='ltr'><strong>talibus</strong></span> <span class='ocrx_word' id='word_1_272' title='bbox 271 3233 383 3286; x_wconf 88' lang='lat' dir='ltr'><strong>secreta</strong></span> <span class='ocrx_word' id='word_1_273' title='bbox 413 3245 466 3287; x_wconf 88' lang='lat' dir='ltr'><strong>sua</strong></span> <span class='ocrx_word' id='word_1_274' title='bbox 486 3229 610 3306; x_wconf 88' lang='lat' dir='ltr'><strong>revelat,</strong></span> <span class='ocrx_word' id='word_1_275' title='bbox 643 3236 672 3290; x_wconf 82' lang='lat' dir='ltr'><strong>st</strong></span> <span class='ocrx_word' id='word_1_276' title='bbox 693 3247 751 3289; x_wconf 90' lang='lat' dir='ltr'><strong>non</strong></span> <span class='ocrx_word' id='word_1_277' title='bbox 771 3231 870 3304; x_wconf 89' lang='lat' dir='ltr'><strong>nobis,</strong></span> <span class='ocrx_word' id='word_1_278' title='bbox 899 3247 986 3288; x_wconf 90' lang='lat' dir='ltr'><strong>unam</strong></span> <span class='ocrx_word' id='word_1_279' title='bbox 1008 3229 1096 3306; x_wconf 84' lang='lat' dir='ltr'><strong>digito</strong></span> <span class='ocrx_word' id='word_1_280' title='bbox 1118 3226 1171 3287; x_wconf 91' lang='lat' dir='ltr'><strong>de-</strong></span> 
     </span>
     <span class='ocr_line' id='line_1_35' title="bbox 130 3316 1171 3398; baseline -0.001 -24"><span class='ocrx_word' id='word_1_281' title='bbox 130 3320 312 3389; x_wconf 85' lang='lat' dir='ltr'><strong>monstrans,</strong></span> <span class='ocrx_word' id='word_1_282' title='bbox 344 3331 431 3388; x_wconf 89' lang='lat' dir='ltr'><strong>quam</strong></span> <span class='ocrx_word' id='word_1_283' title='bbox 456 3334 515 3375; x_wconf 90' lang='lat' dir='ltr'><strong>non</strong></span> <span class='ocrx_word' id='word_1_284' title='bbox 536 3319 674 3394; x_wconf 87' lang='lat' dir='ltr'><strong>virginem</strong></span> <span class='ocrx_word' id='word_1_285' title='bbox 694 3320 808 3377; x_wconf 86' lang='lat' dir='ltr'><strong>venisse</strong></span> <span class='ocrx_word' id='word_1_286' title='bbox 830 3317 867 3376; x_wconf 87' lang='lat' dir='ltr'><strong>ad</strong></span> <span class='ocrx_word' id='word_1_287' title='bbox 890 3316 1019 3376; x_wconf 90' lang='lat' dir='ltr'><strong>ordinem</strong></span> <span class='ocrx_word' id='word_1_288' title='bbox 1039 3317 1171 3398; x_wconf 72' lang='lat' dir='ltr'><strong>suspica-</strong></span> 
     </span>
     <span class='ocr_line' id='line_1_36' title="bbox 130 3397 1171 3481; baseline -0.002 -19"><span class='ocrx_word' id='word_1_289' title='bbox 130 3403 218 3462; x_wconf 90' lang='lat' dir='ltr'><strong>batur</strong></span> <span class='ocrx_word' id='word_1_290' title='bbox 233 3397 271 3480; x_wconf 79' lang='grc' dir='ltr'><strong>ιο).</strong></span> <span class='ocrx_word' id='word_1_291' title='bbox 316 3399 370 3459; x_wconf 77' lang='lat' dir='ltr'><strong>eui</strong></span> <span class='ocrx_word' id='word_1_292' title='bbox 402 3418 455 3478; x_wconf 90' lang='lat' dir='ltr'><strong>ego</strong></span> <span class='ocrx_word' id='word_1_293' title='bbox 487 3405 621 3479; x_wconf 87' lang='lat' dir='ltr'><strong>respondi</strong></span> <span class='ocrx_word' id='word_1_294' title='bbox 642 3404 799 3481; x_wconf 87' lang='lat' dir='ltr'><strong>quodiam</strong></span> <span class='ocrx_word' id='word_1_295' title='bbox 819 3421 906 3479; x_wconf 89' lang='lat' dir='ltr'><strong>supra</strong></span> <span class='ocrx_word' id='word_1_296' title='bbox 928 3403 999 3479; x_wconf 84' lang='lat' dir='ltr'><strong>dixi,</strong></span> <span class='ocrx_word' id='word_1_297' title='bbox 1020 3403 1076 3462; x_wconf 90' lang='lat' dir='ltr'><strong>hoc</strong></span> <span class='ocrx_word' id='word_1_298' title='bbox 1097 3401 1171 3460; x_wconf 91' lang='lat' dir='ltr'><strong>adii·</strong></span> 
     </span>
    </p>
   </div>
   <div class='ocr_carea' id='block_1_5' title="bbox 144 3551 1172 3974">
    <p class='ocr_par' dir='ltr' id='par_1_5' title="bbox 144 3551 1172 3974">
     <span class='ocr_line' id='line_1_37' title="bbox 144 3551 1171 3624; baseline -0.002 -18"><span class='ocrx_word' id='word_1_299' title='bbox 144 3551 239 3622; x_wconf 61' lang='lat' dir='ltr'>*1)CP</span> <span class='ocrx_word' id='word_1_300' title='bbox 258 3553 381 3619; x_wconf 74' lang='lat' dir='ltr'><strong>‹ri-2)</strong></span> <span class='ocrx_word' id='word_1_301' title='bbox 402 3553 422 3606; x_wconf 93' lang='lat' dir='ltr'><strong>B</strong></span> <span class='ocrx_word' id='word_1_302' title='bbox 440 3554 711 3620; x_wconf 69' lang='lat' dir='ltr'><strong>maioribus—3)</strong></span> <span class='ocrx_word' id='word_1_303' title='bbox 729 3555 813 3608; x_wconf 73' lang='lat' dir='ltr'><strong>acu?</strong></span> <span class='ocrx_word' id='word_1_304' title='bbox 831 3555 973 3624; x_wconf 88' lang='lat' dir='ltr'><strong>gloriam.</strong></span> <span class='ocrx_word' id='word_1_305' title='bbox 989 3585 1020 3596; x_wconf 87' lang='lat'><strong>-</strong></span> <span class='ocrx_word' id='word_1_306' title='bbox 1036 3555 1070 3622; x_wconf 80' lang='grc'><strong>4)</strong></span> <span class='ocrx_word' id='word_1_307' title='bbox 1087 3552 1171 3606; x_wconf 75' lang='lat' dir='ltr'>ACDP</span> 
     </span>
     <span class='ocr_line' id='line_1_38' title="bbox 202 3623 1171 3693; baseline 0 -19"><span class='ocrx_word' id='word_1_308' title='bbox 202 3623 312 3687; x_wconf 83' lang='lat' dir='ltr'><strong>animi3</strong></span> <span class='ocrx_word' id='word_1_309' title='bbox 335 3625 372 3674; x_wconf 88' lang='lat' dir='ltr'><strong>sic</strong></span> <span class='ocrx_word' id='word_1_310' title='bbox 389 3631 415 3674; x_wconf 87' lang='lat' dir='ltr'><strong>et</strong></span> <span class='ocrx_word' id='word_1_311' title='bbox 432 3624 505 3676; x_wconf 85' lang='lat' dir='ltr'><strong>inire.</strong></span> <span class='ocrx_word' id='word_1_312' title='bbox 530 3653 559 3664; x_wconf 92' lang='lat'><em>-</em></span> <span class='ocrx_word' id='word_1_313' title='bbox 580 3626 611 3693; x_wconf 88' lang='grc'><strong>5)</strong></span> <span class='ocrx_word' id='word_1_314' title='bbox 629 3625 713 3678; x_wconf 80' lang='lat' dir='ltr'><strong>ACDP</strong></span> <span class='ocrx_word' id='word_1_315' title='bbox 731 3625 769 3676; x_wconf 87' lang='lat' dir='ltr'><strong>ad</strong></span> <span class='ocrx_word' id='word_1_316' title='bbox 792 3625 957 3678; x_wconf 86' lang='lat' dir='ltr'><strong>modicum.</strong></span> <span class='ocrx_word' id='word_1_317' title='bbox 978 3655 1009 3665; x_wconf 89' lang='lat'><em>-</em></span> <span class='ocrx_word' id='word_1_318' title='bbox 1033 3626 1064 3692; x_wconf 86' lang='grc'><strong>6)</strong></span> <span class='ocrx_word' id='word_1_319' title='bbox 1082 3623 1171 3677; x_wconf 81' lang='grc'><strong>0011-</strong></span> 
     </span>
     <span class='ocr_line' id='line_1_39' title="bbox 202 3693 1172 3763; baseline 0.001 -19"><span class='ocrx_word' id='word_1_320' title='bbox 202 3693 294 3744; x_wconf 87' lang='lat' dir='ltr'><strong>viam.</strong></span> <span class='ocrx_word' id='word_1_321' title='bbox 313 3722 343 3732; x_wconf 86' lang='lat'>—</span> <span class='ocrx_word' id='word_1_322' title='bbox 370 3693 402 3760; x_wconf 85' lang='lat'><strong>7)</strong></span> <span class='ocrx_word' id='word_1_323' title='bbox 420 3694 490 3745; x_wconf 84' lang='lat' dir='ltr'><strong>Rom.</strong></span> <span class='ocrx_word' id='word_1_324' title='bbox 509 3695 540 3758; x_wconf 92' lang='lat'><strong>5,</strong></span> <span class='ocrx_word' id='word_1_325' title='bbox 557 3695 599 3746; x_wconf 82' lang='lat'><strong>20.</strong></span> <span class='ocrx_word' id='word_1_326' title='bbox 619 3725 649 3734; x_wconf 90' lang='lat'><em>-</em></span> <span class='ocrx_word' id='word_1_327' title='bbox 676 3696 707 3763; x_wconf 89' lang='grc'><strong>8)</strong></span> <span class='ocrx_word' id='word_1_328' title='bbox 726 3705 757 3747; x_wconf 86' lang='grc'><strong>01</strong></span> <span class='ocrx_word' id='word_1_329' title='bbox 781 3696 830 3748; x_wconf 88' lang='lat' dir='ltr'><strong>add</strong></span> <span class='ocrx_word' id='word_1_330' title='bbox 848 3695 876 3747; x_wconf 89' lang='lat' dir='ltr'><strong>B.</strong></span> <span class='ocrx_word' id='word_1_331' title='bbox 896 3723 928 3735; x_wconf 90' lang='lat'><em>-</em></span> <span class='ocrx_word' id='word_1_332' title='bbox 948 3695 980 3763; x_wconf 90' lang='grc'><strong>9)</strong></span> <span class='ocrx_word' id='word_1_333' title='bbox 998 3694 1036 3748; x_wconf 83' lang='lat' dir='ltr'><strong>GP</strong></span> <span class='ocrx_word' id='word_1_334' title='bbox 1061 3709 1172 3759; x_wconf 89' lang='lat' dir='ltr'><strong>super-</strong></span> 
     </span>
     <span class='ocr_line' id='line_1_40' title="bbox 201 3761 1171 3833; baseline -0.001 -21"><span class='ocrx_word' id='word_1_335' title='bbox 201 3761 299 3812; x_wconf 88' lang='lat' dir='ltr'><strong>biant</strong></span> <span class='ocrx_word' id='word_1_336' title='bbox 320 3762 518 3815; x_wconf 88' lang='lat' dir='ltr'><strong>innocentia.</strong></span> <span class='ocrx_word' id='word_1_337' title='bbox 538 3793 569 3803; x_wconf 91' lang='lat'>-</span> <span class='ocrx_word' id='word_1_338' title='bbox 595 3765 643 3832; x_wconf 84' lang='grc'><strong>10)</strong></span> <span class='ocrx_word' id='word_1_339' title='bbox 665 3764 685 3816; x_wconf 88' lang='grc' dir='ltr'><strong><em>Β</em></strong></span> <span class='ocrx_word' id='word_1_340' title='bbox 708 3768 944 3833; x_wconf 79' lang='lat' dir='ltr'><strong>suspiraverat.</strong></span> <span class='ocrx_word' id='word_1_341' title='bbox 980 3762 1068 3817; x_wconf 86' lang='lat' dir='ltr'><strong>llomil.</strong></span> <span class='ocrx_word' id='word_1_342' title='bbox 1087 3762 1127 3815; x_wconf 92' lang='lat' dir='ltr'><strong>lV.</strong></span> <span class='ocrx_word' id='word_1_343' title='bbox 1146 3778 1171 3828; x_wconf 92' lang='lat' dir='ltr'><strong>p.</strong></span> 
     </span>
     <span class='ocr_line' id='line_1_41' title="bbox 203 3830 1172 3901; baseline 0.001 -20"><span class='ocrx_word' id='word_1_344' title='bbox 203 3830 269 3882; x_wconf 77' lang='lat'>114:</span> <span class='ocrx_word' id='word_1_345' title='bbox 288 3830 396 3897; x_wconf 77' lang='lat' dir='ltr'><strong>,Audivi</strong></span> <span class='ocrx_word' id='word_1_346' title='bbox 414 3833 537 3901; x_wconf 84' lang='lat' dir='ltr'><strong>quandam</strong></span> <span class='ocrx_word' id='word_1_347' title='bbox 556 3836 768 3887; x_wconf 86' lang='lat' dir='ltr'><strong>sanctimonialem</strong></span> <span class='ocrx_word' id='word_1_348' title='bbox 787 3835 819 3886; x_wconf 90' lang='lat' dir='ltr'><strong>de</strong></span> <span class='ocrx_word' id='word_1_349' title='bbox 841 3850 928 3886; x_wconf 88' lang='lat' dir='ltr'><strong>sorore</strong></span> <span class='ocrx_word' id='word_1_350' title='bbox 946 3849 991 3885; x_wconf 88' lang='lat' dir='ltr'><strong>sua</strong></span> <span class='ocrx_word' id='word_1_351' title='bbox 1009 3850 1066 3884; x_wconf 89' lang='lat' dir='ltr'><strong>cum</strong></span> <span class='ocrx_word' id='word_1_352' title='bbox 1084 3832 1172 3883; x_wconf 85' lang='lat' dir='ltr'><strong>Phari-</strong></span> 
     </span>
     <span class='ocr_line' id='line_1_42' title="bbox 203 3901 1171 3974; baseline 0.001 -23"><span class='ocrx_word' id='word_1_353' title='bbox 203 3915 265 3951; x_wconf 86' lang='lat' dir='ltr'><strong>aaeo</strong></span> <span class='ocrx_word' id='word_1_354' title='bbox 277 3901 418 3954; x_wconf 86' lang='lat' dir='ltr'><strong>huiuamodi</strong></span> <span class='ocrx_word' id='word_1_355' title='bbox 435 3903 520 3956; x_wconf 88' lang='lat' dir='ltr'><strong>verbis</strong></span> <span class='ocrx_word' id='word_1_356' title='bbox 533 3914 742 3973; x_wconf 80' lang='lat' dir='ltr'><strong>conquerentem:</strong></span> <span class='ocrx_word' id='word_1_357' title='bbox 760 3906 808 3972; x_wconf 85' lang='lat' dir='ltr'><strong>En,</strong></span> <span class='ocrx_word' id='word_1_358' title='bbox 825 3905 916 3974; x_wconf 91' lang='lat' dir='ltr'><strong>inquit,</strong></span> <span class='ocrx_word' id='word_1_359' title='bbox 933 3905 990 3968; x_wconf 83' lang='lat' dir='ltr'><strong>ista,</strong></span> <span class='ocrx_word' id='word_1_360' title='bbox 1007 3903 1087 3971; x_wconf 90' lang='lat' dir='ltr'><strong>digito</strong></span> <span class='ocrx_word' id='word_1_361' title='bbox 1105 3901 1171 3953; x_wconf 87' lang='lat' dir='ltr'><strong>illam</strong></span> 
     </span>
    </p>
   </div>
   <div class='ocr_carea' id='block_1_6' title="bbox 0 0 1342 4308">
    <p class='ocr_par' dir='ltr' id='par_1_6' title="bbox 0 0 1342 4308">
     <span class='ocr_line' id='line_1_43' title="bbox 0 0 1342 4308; baseline 0 0"><span class='ocrx_word' id='word_1_362' title='bbox 0 0 1342 4308; x_wconf 95' lang='lat' dir='ltr'><strong> </strong></span> 
     </span>
    </p>
   </div>
  </div>
 </body>
</html>
