2642 4330
426 269 430 275 ·
463 239 521 300 'DE
543 240 813 304 DAEMONIBUS.
1096 245 1156 302 2⁷9

115 377 210 436 quam
232 359 379 420 adveniret
393 337 551 439 Philipp'us,
575 363 744 439 contractus,
766 371 799 423 ut
820 365 903 423 tertia
924 362 970 422 die
991 372 1159 426 moreretur.

116 448 211 508 Cuius
233 447 350 507 domum
371 447 581 510 Walerammus
609 449 712 510 Comes
735 452 770 511 de
790 451 996 527 Lutzelinburg
1016 451 1158 516 confisca-

113 537 167 593 vit.
224 535 288 612 Ego
311 535 434 595 eundem
454 537 619 614 Philippum
648 533 722 613 vidi,
750 541 799 613 qui
830 544 898 597 ante
926 555 1034 614 paucos
1067 556 1158 599 annos

111 629 307 698 procurante,
346 629 380 682 ut
412 623 553 699 creditur,
590 626 727 701 magistro
767 631 796 684 et
834 626 926 685 emico
959 625 1012 706 s'uo
1045 625 1158 686 diabolo

112 711 230 768 occisus
252 716 303 768 est.

484 867 718 928 CAPITULUM
740 867 793 928 IV.

135 989 216 1047 Item
238 988 274 1046 dc
295 989 406 1062 clerice,
429 993 482 1065 qui
504 991 587 1065 opud
606 991 740 1048 Toletum
763 977 831 1048 dolo
854 989 963 1047 diabole¹
985 996 1135 1049 estractus

222 1081 249 1134 ct
271 1077 314 1134 od
333 1077 445 1152 inferos
467 1077 573 1135 dectus
596 1085 623 1135 et
643 1080 779 1151 moptstri
800 1079 847 1134 aut
869 1079 1057 1150 querimontts

375 1164 522 1236 reductus,
543 1163 645 1239 foetos
667 1170 709 1222 est
730 1163 900 1222 monachus.

184 1302 293 1362 Retulit
314 1302 384 1360 mihi
409 1302 504 1361 bonae
525 1305 678 1362 memon‘ae
700 1301 858 1361 monachus
878 1306 975 1360 noster
997 1299 1157 1360 Godescal-

114 1407 170 1449 cus
192 1389 227 1448 de
241 1389 481 1464 Volmuntsteine,
503 1389 581 1465 quod
603 1389 685 1448 silere
707 1406 765 1447 non
784 1388 884 1448 debeo.
917 1387 990 1447 Cum
1014 1387 1059 1446 die
1081 1404 1156 1462 qua-

113 1467 188 1536 daru‘
206 1481 322 1553 rogaret
341 1475 520 1551 praedictum
536 1472 551 1555 ¹)
574 1476 752 1552 Philippum,
778 1481 811 1534 ut
832 1476 928 1550 aliqua
949 1477 1004 1534 sibi
1024 1477 1158 1534 recitaret

114 1562 155 1622 de
178 1569 239 1623 arte
261 1581 315 1621 sua
336 1562 492 1639 mirabilia;
519 1563 665 1639 respondit
685 1563 748 1622 ille:
777 1563 840 1640 Ego
870 1562 964 1622 dicam
991 1562 1074 1621 vobis
1095 1579 1157 1620 rem

113 1652 188 1710 satis
210 1649 390 1724 mirabilem,
429 1652 605 1725 temporibus
637 1653 708 1710 meis
740 1649 818 1725 apud
850 1649 983 1708 Toletum
1017 1650 1157 1708 veraciter

111 1743 238 1814 gestam.
284 1736 357 1795 Cum
379 1736 475 1811 plures
497 1754 532 1796 ex
553 1736 673 1796 diversis
694 1737 856 1812 regionibus
889 1734 1033 1796 scholares
1053 1737 1083 1792 in
1105 1752 1157 1794 ea·

114 1823 184 1883 dem
208 1826 322 1883 civitate
336 1823 483 1884 studerent
502 1826 532 1881 in
553 1829 615 1882 arte
636 1826 850 1900 nigromantica,
871 1825 990 1882 iuvenes
1011 1821 1099 1897 aliqui
1111 1812 1156 1880 ¹de
1226 1824 1229 1830 '

115 1910 228 1970 Suevia
258 1918 345 1985 atque
366 1910 519 1970 Bauwaria
551 1911 693 1986 stupenda
722 1910 915 1986 quaedamst
942 1907 1157 1968 incredibilior

115 2014 172 2056 suo
206 1999 343 2074 magistro
369 1997 532 2071 audientes,
566 2003 595 2056 et
621 2004 785 2056 utrumnam
813 2015 882 2056 vera
913 2002 1009 2055 essent
1035 1996 1158 2071 probare

115 2085 259 2160 volentes,
281 2083 412 2143 dixerunt
426 2084 480 2142 illi:
502 2084 649 2160 Magister,
669 2083 802 2143 volumus
814 2090 847 2142 ut
861 2100 896 2143 ca
910 2099 983 2158 quae
994 2099 1047 2140 nos
1062 2081 1157 2156 doces,

116 2171 204 2232 oculo
227 2178 311 2230 tenus
333 2170 475 2246 ostendas,
497 2178 638 2246 quatenus
662 2171 787 2246 aliquem
808 2187 844 2230 ex
864 2170 957 2229 studio
978 2175 1075 2228 nostro
1096 2169 1157 2232 fru·.

57 2261 64 2274 '
117 2265 199 2320 ctu'm
220 2261 378 2334 capiemus.
422 2257 502 2333 Quos
524 2276 590 2317 cum
611 2263 767 2332 averteret,
800 2264 829 2317 et
849 2275 906 2316 non
928 2258 1157 2332 acquiescerent,

117 2363 153 2428 eo
177 2345 257 2422 quod
278 2348 356 2404 natio
378 2344 427 2404 illa
440 2363 518 2422 gens
540 2347 577 2404 sit
589 2345 734 2419 mirabilis,
754 2345 826 2404 hora
847 2344 952 2422 idonea
971 2347 1001 2401 in
1023 2360 1157 2419 campum

116 2433 182 2492 illos
205 2433 295 2506 duxit,
317 2431 413 2509 gladio
425 2428 445 2511 ²)
469 2434 544 2492 circa
565 2432 629 2490 illos
644 2432 779 2491 circulum
800 2432 874 2505 lecit,
896 2447 1016 2490 monens
1034 2431 1087 2489 sub
1109 2431 1155 2488 in-

117 2522 318 2580 terminatione
339 2520 452 2594 mortis,
485 2525 518 2577 ut
544 2519 617 2578 intra
646 2517 783 2577 circulum
804 2535 835 2577 se
858 2517 1037 2598 cohiberent,
1069 2522 1098 2576 et
1118 2533 1155 2576 ne
1218 2575 1223 2585 ,

117 2606 229 2684 aliquid
248 2606 416 2682 rogantibus
438 2605 547 2680 darent,
567 2604 615 2665 vel
636 2594 870 2664 ab'otlerentibus
891 2607 1049 2680 reciperent
1068 2620 1155 2680 prae-

118 2697 195 2770 cepit
205 2691 237 2773 ³).
290 2691 433 2752 Secedens
462 2693 499 2751 ab
528 2694 571 2751 eis
602 2691 767 2767 paululum,
799 2692 954 2751 daemones
983 2691 1155 2751 carminibus

119 2784 178 2840 suis
200 2780 365 2843 advocavit.
407 2779 478 2838 Mox
506 2786 607 2838 assunt
638 2778 678 2837 illi
698 2779 851 2838 informis
879 2778 1000 2836 militum
1023 2778 1155 2843 decenter
1216 2784 1230 2805 ⁸

118 2875 309 2941 armatorum,
341 2866 458 2926 militiae
480 2867 555 2925 circa
576 2868 694 2925 iuvenes
715 2863 833 2946 ludost)
855 2872 1028 2924 exercentes.
1069 2864 1153 2925 Nunc
1213 2911 1216 2915 .

117 2953 231 3032 lapsum
252 2953 441 3027 simulabant,
469 2970 546 3012 nunc
567 2952 682 3012 lanceas
705 2959 733 3012 ct
755 2970 838 3012 enses
859 2958 958 3011 contra
980 2968 1030 3012 eos
1053 2958 1154 3010 exten·

119 3041 233 3115 debant,
255 3042 388 3100 omnibus
410 3039 502 3100 modis
522 3045 701 3115 satagentes,
730 3045 763 3097 ut
788 3039 852 3098 illos
882 3044 962 3096 extra
984 3036 1120 3098 circulum
1132 3035 1153 3118 ⁵)

119 3128 308 3188 extraherent.
336 3127 393 3204 Qui
419 3145 485 3188 cum
506 3128 547 3184 sic
568 3125 638 3184 nihil
658 3126 837 3202 proficerent,
858 3129 887 3184 in
908 3124 1153 3200 puellasspeoio-

118 3217 244 3274 sissimus
267 3232 299 3273 se
320 3213 562 3291 haustormantes,
584 3213 703 3272 choreas
717 3215 793 3273 birca
813 3211 877 3272 illos
891 3211 1043 3286 ducebant,
1066 3213 1153 3271 vanis

118 3301 294 3362 anfractibus
314 3303 433 3368 iuvenes
453 3303 606 3358 invitantes
618 3296 648 3378 ⁶).
690 3300 735 3358 Ex
757 3300 860 3375 quibus
882 3316 941 3358 una
961 3299 1052 3368 forme
1072 3305 1152 3358 cete-

118 3390 156 3447 ris
176 3389 366 3464 praestantior
395 3405 486 3445 unum
507 3405 542 3446 ex
563 3385 855 3462 scholaribuselegit.
897 3384 947 3443 Ad
969 3401 1056 3460 quem
1077 3403 1152 3462 quo-

117 3476 192 3534 tiens
212 3477 338 3544 venisset
359 3472 542 3549 chorizando,
570 3475 674 3533 totiens
696 3465 813 3532 anulum
834 3490 954 3533 aureum
973 3473 1152 3550 porrigebat,

139 3644 171 3745 1)Ι
187 3676 207 3728 0
223 3677 358 3740 dictum,
375 3677 395 3729 ll
413 3635 593 3730 eundem-
617 3651 651 3743 2l
664 3633 687 3728 ¹ll
705 3685 735 3728 et
753 3675 911 3746 gladio—
931 3675 963 3743 3)
981 3676 1151 3741 praecepit

188 3762 228 3806 om
245 3747 301 3810 ssc;
320 3761 378 3798 mox
395 3746 415 3798 B
433 3755 464 3797 et
482 3746 649 3798 secedens.
664 3775 693 3785 -
712 3746 745 3813 l)
763 3745 826 3798 ADP
844 3745 938 3797 ludos
956 3746 1044 3795 circa
1061 3745 1151 3795 iuve-

188 3832 250 3868 nes.
270 3846 300 3856 -
321 3817 354 3884 5)
373 3815 413 3868 Bo
430 3824 519 3868 extra
536 3814 693 3869 circulum
712 3831 776 3868 eos.
797 3844 826 3855 —
846 3816 878 3884 6)
895 3815 916 3868 B
934 3815 1121 3866 incitantes.
