2580 4316
423 293 481 352 DE
506 291 790 354 CONVERSIONE.
1084 298 1123 355 29

429 445 666 510 carnosum
684 449 788 509 xxia

125 567 166 628 ne
184 575 380 630 sconsam
403 572 521 630 domins
542 572 669 646 Adonai
689 545 827 647 npscopr
850 570 1081 647 compenso.

141 707 244 766 Nobilis
278 709 463 769 adolescens
501 707 631 769 dominus
660 709 827 784 Adolphus,
859 726 935 768 nunc
964 708 1124 787 Episcopus

90 792 294 872 Osinburgensis
316 793 345 875 ¹),
370 797 530 855 canonicus
551 797 645 855 suerat
665 798 779 856 maioris
801 794 939 855 ecclesiae
956 797 985 854 in
997 794 1124 855 Colonia.

88 877 133 939 Hic
151 899 213 940 cum
235 889 376 958 tempore
401 883 529 958 quodam
551 881 750 958 adCampnm,
772 882 889 941 domum
908 882 1013 942 ordinis
1027 885 1125 956 nostri,

88 969 209 1045 uouisset,
239 976 270 1028 et
299 976 375 1045 post
399 972 504 1027 missas
520 965 539 1047 ²)
563 969 601 1028 ad
623 972 780 1029 orationem
809 971 838 1026 in
868 971 991 1029 oratorio
1020 975 1124 1044 staret,

87 1053 144 1112 vidit
163 1055 312 1130 quomodo
338 1055 490 1130 monachi,
511 1062 570 1114 tam
592 1072 675 1114 senes
696 1074 783 1131 quam
804 1057 932 1131 iuvenes,
954 1054 991 1114 ad
1014 1055 1126 1114 diversa

85 1140 260 1202 discurrentes
277 1140 299 1222 ³)
332 1143 457 1216 altaria,
489 1142 526 1200 ad
561 1142 722 1218 disciplinas
752 1142 948 1219 suscipiendas
976 1142 1126 1202 nudabant

86 1226 157 1286 dorsa
176 1247 246 1304 sua,
278 1229 461 1288 confitentes
487 1228 630 1288 humiliter
643 1225 664 1308 ⁴)
686 1236 807 1305 peccata
829 1247 891 1288 sua.
935 1227 1016 1305 Quae
1038 1229 1124 1300 visio,

84 1312 144 1373 sicut
163 1315 233 1374 mihi
256 1317 387 1392 qnidam
412 1318 473 1374 eius
494 1315 638 1374 familiaris
659 1319 800 1390 narravit,
829 1321 942 1386 tanturn
963 1316 1031 1375 boni
1053 1332 1125 1390 ope-

84 1407 135 1460 rata
154 1409 197 1460 est
217 1405 248 1460 in
273 1404 369 1462 corde
394 1401 594 1478 adolescentis,
615 1408 647 1461 ut
669 1404 747 1462 abire
769 1420 827 1462 non
849 1409 962 1478 posset,
984 1401 1036 1461 sed
1057 1418 1124 1463 sae-

84 1487 129 1546 culi
147 1506 286 1564 pompam
313 1487 521 1564 contemnens,
552 1496 580 1548 ct
607 1495 702 1550 totum
723 1507 754 1548 se
776 1490 814 1548 ad
835 1489 994 1548 Dominum
1009 1486 1030 1569 ⁵)
1053 1505 1124 1547 oon-

83 1583 198 1652 rertcns,
220 1577 338 1636 ibidem
362 1592 484 1634 manens
507 1593 620 1634 sacrum
641 1575 785 1652 religionis
807 1575 937 1635 habitum
959 1578 1124 1650 susciperet.

83 1659 110 1718 In
129 1680 182 1737 qno
205 1670 328 1723 tanturn
352 1662 491 1738 profecit,
518 1669 549 1720 nt
577 1681 635 1721 non
664 1663 755 1723 multo
770 1659 791 1743 ⁶)
813 1669 895 1738 post,
923 1669 985 1721 tum
1006 1668 1122 1737 propter

82 1749 267 1826 nobilitatem,
292 1757 363 1810 tum
384 1755 502 1824 propter
522 1749 753 1826 religiositatem,
773 1753 802 1809 in
823 1748 971 1828 praedicta
992 1748 1122 1808 Ecclesia

82 1839 179 1910 apicem
201 1835 422 1899 conscenderet
445 1836 647 1912 episcopalem.

458 1935 467 1970 l

419 2025 652 2087 carnorum
669 2025 789 2086 xxnr.
860 1977 864 1988 ⁴

305 2167 358 2226 De
381 2169 568 2224 convers-ione
588 2165 711 2224 Hearicr'
732 2167 898 2224 commorit.

133 2304 219 2366 Nosti
246 2307 376 2365 fratrem
395 2302 416 2385 1)
445 2303 601 2364 Henricum
629 2306 817 2364 camerarium
844 2309 983 2362 nostrum.
1025 2301 1120 2362 Huius

81 2397 220 2452 conversio
243 2393 317 2452 talis
339 2391 402 2450 luit
447 2391 520 2450 Cum
541 2397 618 2451 esset
639 2391 772 2465 clericus,
795 2398 824 2450 et
844 2392 960 2450 maioris
982 2389 1119 2450 ecclcsiae

80 2478 104 2535 in
131 2478 252 2539 lieven
286 2481 461 2552 canonicus,
495 2484 580 2552 atque
615 2477 712 2536 multis
748 2477 810 2536 aliis
840 2477 1038 2538 ecclesiasticis
1065 2479 1118 2536 sti·

80 2565 180 2636 pcndiis
224 2563 396 2626 honoratus
419 2561 467 2644 8),
517 2571 645 2640 tempore
695 2564 821 2640 quodam
864 2563 1023 2624 infirmatus
1065 2572 1118 2636 est.

81 2648 130 2725 Spe
159 2656 250 2730 igitur
287 2651 503 2726 recuperandae
530 2653 673 2725 sanitatis,
706 2658 826 2727 accepta
857 2667 956 2710 secum
983 2653 1119 2726 pecunia,

82 2735 225 2798 Coloniam
241 2739 365 2814 navigio
388 2738 559 2797 descendere
575 2734 751 2818 dIsposuit⁹),
773 2745 806 2797 ut
828 2745 856 2797 et
876 2738 1020 2814 physicos,
1043 2755 1118 2813 qno·

81 2839 136 2882 rum
155 2825 214 2885 illic
238 2828 329 2900 copia
351 2831 403 2899 est,
425 2825 460 2883 de
475 2823 637 2884 infirmitate
650 2843 703 2883 sun
719 2821 747 2903 ιο)
771 2826 938 2899 consuleret,
961 2831 989 2883 et
1002 2842 1038 2883 ex
1053 2827 1119 2899 ipsa

80 2913 144 2970 acris
177 2915 346 2971 mutatione
374 2911 491 2986 aliquod
527 2912 681 2970 remedium
717 2914 885 2986 perciperet.
933 2910 1120 2987 veniensque

82 3003 179 3057 contra*
192 3001 409 3058 monasterium
431 3005 574 3072 nostrum,
596 2997 652 3057 loci
672 3015 778 3058 nomen
800 2999 955 3072 requisivit,
976 3004 1005 3056 et
1026 3015 1120 3074 agno-

83 3083 124 3142 rit
165 3085 341 3160 Dicensqne
364 3102 395 3144 se
417 3085 491 3144 velle
512 3085 651 3160 hospitari
670 3086 700 3142 in
721 3087 903 3160 monasterio,
923 3101 1030 3160 pucros
1049 3101 1120 3144 suos

82 3169 276 3232 adAbbatem
297 3188 354 3247 pro
377 3173 464 3246 equis,
487 3173 590 3247 quibus
611 3171 786 3246 ascenderet,
807 3175 962 3247 praemisit,
983 3179 1012 3230 et
1033 3189 1121 3256 aece-

82 3258 125 3330 pit
165 3259 284 3318 Eadem
305 3263 403 3332 nocte,
424 3261 519 3318 nescio
542 3259 611 3334 quid
632 3258 745 3334 viderit,
764 3259 811 3318 vel
833 3276 890 3334 quo
903 3261 1039 3318 instinctu
1049 3275 1119 3318 oon·

98 3440 162 3508 1)ss
180 3441 468 3510 osenburgensis,
485 3444 505 3496 B
524 3443 806 3511 osnaburgensis3
832 3461 891 3496 rnox
908 3443 928 3498 G
945 3444 1019 3498 luit.
1037 3473 1068 3484 -
1087 3444 1121 3514 2)

144 3513 185 3566 ΒΡ
203 3516 350 3566 missam.
363 3539 393 3550 -
414 3511 444 3578 3)
460 3512 479 3564 Ι)
498 3512 626 3566 diversa
645 3523 825 3577 currentes,
843 3514 861 3565 P
879 3516 1035 3566 universa
1053 3529 1121 3565 cur*

144 3593 267 3635 rentes.
289 3610 325 3621 -
345 3580 380 3643 4)
396 3579 613 3635 thumiliter
630 3583 842 3635 confitentes.
857 3614 888 3622 -
907 3584 939 3650 5)
957 3583 999 3635 ΒΡ
1015 3584 1121 3636 Duum.

148 3681 179 3692 ·-
199 3651 270 3721 oJP
295 3647 402 3702 rnulto
427 3659 579 3719 ternpore.
599 3681 627 3691 -
658 3652 843 3720 7)iratrern
862 3669 903 3704 om
921 3653 971 3706 ur.
990 3683 1020 3694 -
1049 3652 1120 3720 8)u

148 3718 335 3790 stipendiis
364 3730 523 3785 oneratus,
540 3722 559 3773 Ρ
578 3721 756 3788 stipendiis
779 3723 962 3774 honoratus
978 3723 1031 3776 vel
1048 3735 1122 3774 ono-

148 3803 247 3844 ratus.
269 3817 304 3828 -
335 3786 372 3852 9]
388 3785 425 3836 ΒΡ
449 3789 652 3842 descendere
678 3794 814 3860 navigio
839 3795 1029 3860 proposuit3
1054 3789 1120 3842 coni.

148 3861 250 3925 Vbist.
268 3855 343 3919 vili,
363 3854 403 3905 68.
421 3884 448 3897 -
467 3860 514 3930 lo)
532 3859 571 3912 de
588 3861 781 3913 infirmitate
800 3878 857 3914 sua
875 3878 916 3912 onr
934 3860 983 3912 ΒΡ.
