2594 4302
378 275 438 337 DE*
456 272 639 337 CORPORE
662 273 832 336 CHRISTI.
1077 274 1138 334 211

92 400 147 460 ‘vit
189 397 339 459 iliacum
369 397 414 460 die
436 396 563 474 quedam
582 403 650 473 post
668 397 776 457 iactam
795 394 1143 458 transsubstantiationem

96 486 221 548 bostiam
242 484 412 561 deponeret,
444 483 481 544 de
503 483 585 544 ulturi
605 484 762 544 rotabatur.
812 483 909 560 Quam
940 499 1007 542 cum
1035 483 1142 558 ubique

93 575 173 634 circa
194 571 285 632 altere
311 577 474 648 quaereret,
496 578 526 631 et
552 571 677 647 populus
705 587 772 658 cnm
800 585 851 646 eo,
871 585 930 630 uon
951 574 996 628 est
1016 571 1142 629 inventa.

98 659 189 720 Haud
217 657 336 718 dubium
365 660 434 734 quin
460 675 513 734 per
533 673 637 717 manns
657 642 823 717 amonim
843 655 1012 733 angolorum
1031 655 1144 732 perlate

96 748 187 806 sitm
209 744 331 806 sublima
353 745 443 805 altare
464 745 536 819 Dei,
557 761 594 804 ne
615 743 750 804 sacerdos
771 742 934 803 luxuriosus
955 758 1021 801 eam
1043 759 1143 804 sume·

45 857 46 860 ¹
92 839 142 893 ret
162 832 200 893 ad
222 849 305 892 suam
330 830 552 892 damnationem.
593 830 732 891 Habebat
752 832 827 890 anim
850 829 1039 890 concubinam
1060 845 1143 888 suam

44 925 56 935 “
95 919 256 980 manifeste.
291 918 389 979 Simile
405 918 496 980 habes
517 920 547 978 in
561 917 741 977 distinctione
754 915 882 977 secunde
896 915 1020 992 capitulo
1034 907 1143 991 quinte,

97 1006 134 1067 de
172 1005 323 1066 secerdote
362 1008 408 1066 cui
440 1004 575 1065 oolurnba
614 1006 653 1065 ob
684 1004 900 1063 fornicationem
931 1008 1144 1062 sacramentum

96 1093 171 1154 tulit.
220 1091 279 1152 Alii
310 1098 379 1152 sunt
409 1091 573 1152 sacerdotes
606 1094 682 1152 eirca
714 1096 926 1152 sacramentum
957 1088 1143 1148 altadstam

95 1179 290 1257 negligentes,
318 1185 349 1239 et
375 1184 435 1240 ιιιιι
455 1177 599 1254 indevoti,
628 1185 660 1239 ut
689 1195 725 1238 ex
747 1175 953 1238 consuetudine
974 1174 1144 1278 mnbciendi

96 1284 203 1396 eorpus
224 1266 351 1341 Domini,
372 1283 391 1327 a
412 1266 484 1326 cibis
505 1265 569 1326 aliis
590 1283 649 1324 non
671 1263 843 1326 discernant

454 1455 689 1518 CAP1TULUM
706 1456 790 1517 LIX

120 1579 169 1639 De
189 1578 317 1639 Daniele
338 1575 454 1637 Abona
476 1581 529 1654 qut
548 1581 582 1637 ιἰι
603 1579 692 1637 colice
712 1581 821 1654 reperit
842 1577 968 1638 aedom
990 1595 1119 1651 canem.

85 1745 88 1756 .
163 1698 267 1760 Abbas
289 1698 395 1759 Daniel
428 1698 463 1759 da
486 1699 631 1761 Sconavia
660 1717 726 1760 cunr
758 1699 841 1778 Pn'or
873 1704 949 1759 esset
970 1697 1049 1776 apud
1069 1717 1139 1776 nos,

97 1789 174 1850 sicut
200 1789 262 1864 ipse
293 1786 378 1846 nobis
410 1785 525 1862 retulit,
557 1787 721 1846 celebrandi
752 1789 846 1863 gratia
878 1786 1020 1862 capellam
1051 1787 1144 1847 sancti

95 1867 242 1952 Reynoldi
257 1869 274 1954 ¹)
297 1889 372 1948 qnae
400 1875 456 1934 site
477 1878 521 1932 est
541 1875 622 1933 iuxta
649 1873 800 1934 ecelesiam
829 1880 993 1933 sanctorum
1013 1872 1144 1949 Aposto-

96 1961 196 2022 lorum·
212 1963 242 2020 in
265 1959 400 2044 Colonia,
428 1961 553 2020 intravit.
596 1959 655 2037 Qui
687 1977 753 2021 cum
786 1959 1012 2020 sacerdotalibus
1042 1960 1145 2021 luisset

97 2047 230 2123 indutus,
252 2053 282 2108 ct
302 2045 427 2125 populns
448 2047 487 2106 ad
508 2046 682 2106 audiendam
703 2048 820 2106 missam
840 2064 893 2123 por
913 2047 1010 2106 nolam
1032 2063 1144 2107 conve-

101 2141 201 2210 catus,
223 2151 290 2195 curm
312 2133 431 2195 oabeem
452 2140 651 2210 praepararet,
672 2133 842 2210 particulam
863 2133 968 2194 crudae
990 2135 1082 2193 carnis
1103 2133 1144 2193 illi

100 2223 269 2282 intrinsecus
289 2221 394 2298 reperit
415 2220 628 2280 adhaerentem.
671 2221 799 2282 Territus
820 2220 923 2295 valde,
943 2237 1010 2280 oum
1032 2219 1143 2280 delibe-

90 2315 179 2370 raret
199 2315 295 2369 utrum
315 2310 370 2369 sibi
393 2315 470 2368 esset
491 2307 694 2368 celebrandurn
715 2307 763 2368 vel
794 2307 984 2381 cessandum,
1004 2307 1144 2383 populum
1206 2375 1209 2386 Ι

99 2399 204 2458 timens
220 2395 414 2456 scandalizare
427 2397 452 2456 si
473 2401 569 2456 vestes
586 2401 711 2471 exueret,
732 2412 837 2470 panem
851 2393 933 2455 calci
954 2395 1144 2471 superposuit,

99 2486 201 2544 vinnm
215 2489 245 2544 et
265 2501 372 2559 aquam
388 2482 499 2557 inludit,
520 2484 619 2558 sicque
640 2481 789 2542 celebrans
803 2486 896 2541 totum
909 2480 994 2540 simul
1013 2483 1144 2558 sumpsit.

99 2572 191 2631 Dicta
211 2571 300 2630 missa
321 2571 469 2647 requisivit
490 2570 527 2629 ab
549 2569 662 2630 inclusa
682 2571 730 2628 cui
751 2568 825 2628 calix
847 2569 1016 2630 commissus
1036 2568 1144 2644 luerat,

100 2659 167 2734 quis
187 2658 343 2718 novissime
363 2659 393 2716 in
415 2655 516 2716 codem
539 2657 627 2716 calice
650 2655 832 2715 celebrasset
876 2654 958 2731 Quae
979 2654 1143 2730 respondit:

99 2744 245 2804 Dominus
265 2741 452 2820 Bertolphns
469 2748 660 2820 cognomento
682 2748 798 2804 vorator
818 2737 933 2822 lardi2.)
975 2740 1048 2801 Erat
1068 2743 1145 2802 enim
1205 2741 1207 2748 “

100 2826 193 2909 ram³)
100 2829 301 2888 iamdictae
315 2828 453 2890 ecclesiae
467 2837 631 2889 sanctornm
647 2829 852 2906 Apostolorum
867 2829 1030 2903 canonicus,
1045 2845 1145 2889 sacer·

103 2915 157 2976 dos
178 2913 333 2974 saecularis
354 2917 446 2990 nimis,
467 2915 613 2976 modicum
634 2916 682 2976 vel
709 2915 781 2974 nibil
800 2915 912 2975 babens
933 2914 1145 2993 religiositatis,

103 3002 284 3077 devotionis,
304 3003 366 3062 sive
393 3001 481 3061 divini
511 3005 629 3062 timoris.
671 3001 734 3078 ligo
755 3010 826 3078 puto
848 3019 895 3063 ma
916 3001 1010 3062 eidem
1039 3003 1145 3062 missac

102 3088 272 3150 interfuisse.
316 3087 468 3148 Confessus
481 3095 525 3148 ast
537 3090 621 3149 nobis
638 3089 783 3164 praefatus
796 3088 909 3164 Daniel,
922 3091 988 3150 etsi
1004 3095 1073 3150 tnnc
1086 3105 1145 3148 non

102 3175 182 3251 mibi,
203 3189 351 3250 nunquam
365 3192 398 3235 sa
411 3177 438 3233 in
452 3174 549 3250 aliqua
560 3177 649 3234 missa
661 3181 774 3235 tanturn
788 3175 925 3236 habuisse
943 3175 1146 3236 consolationis

102 3269 171 3326 ante
183 3258 205 3343 ⁴)
227 3261 390 3337 velpostee
411 3264 594 3338 quantumin
615 3261 673 3320 illa.
715 3261 822 3323 Postea
845 3279 911 3322 oum
931 3262 1008 3323 idam
1028 3262 1146 3324 Bertol·

101 3350 178 3430 pbus
207 3349 398 3426 hospitaretur
426 3347 505 3425 apud
526 3366 595 3424 noe,
623 3347 726 3410 Abbes
752 3355 851 3409 noster
878 3349 1083 3427 negligentiam
1118 3351 1145 3411 ci

29 3443 31 3448 '
102 3437 252 3513 recitarit;
273 3435 326 3498 aad
353 3437 450 3498 nescio
480 3435 601 3512 qualiter
622 3435 687 3496 Deo
716 3436 893 3503 misfecerit.
935 3435 1145 3498 NOVICIUS:

92 3525 208 3586 Melius
231 3529 380 3584 arsatium
401 3524 522 3583 miseras
534 3524 612 3584 vitae
633 3521 831 3584 sacerdotibus
845 3521 882 3584 de
904 3523 1036 3599 qnebbns
1057 3541 1146 3600 snpra

93 3613 212 3676 dictum
234 3616 286 3688 ast,
307 3611 401 3672 tacitis
413 3610 518 3738 verbis,
540 3616 691 3671 etremote
706 3611 872 3686 interime,
892 3616 1005 3672 tanturn
1025 3609 1146 3672 simule·

122 3796 194 3869 l)(l
216 3796 283 3865 bey
289 3795 443 3850 neldl-
463 3795 496 3864 2]
519 3793 874 3849 AGDPdoininurtalis
880 3794 1091 3866 ,nominem
1113 3809 1146 3848 ex

173 3813 635 3940 ιιοιιιίιιο)οιιιιι1ιιίςιιιιιι.--
645 3864 901 3939 3)ἰιιιιιιάἀΒ.-
916 3864 1145 3937 4)ΒοΡιιιιοι
