2622 4322
134 293 215 386 'aaa
471 286 700 352 nusumcuro
724 285 889 367 Qunam
934 250 948 264 ’
1002 249 1003 256 ‘

91 483 93 498 ,
154 413 313 476 senioribus
335 411 436 474 domus
456 412 540 473 illius.
583 404 787 474 NowcssJS:
810 410 955 488 Contingit
966 407 1137 486 frequenter,
1158 415 1194 468 nt

153 506 284 580 potentes
313 502 366 560 viri
392 503 529 576 pecunias
550 502 611 560 sive
630 501 827 584 possessiones
848 497 931 558 titulo
960 499 1054 557 minus
1075 499 1150 576 iusto
1172 513 1194 557 a
1308 533 1309 540 κ

155 589 215 648 suis
237 587 358 647 subditis
380 588 542 663 obtineant,
569 593 598 646 et
619 605 655 646 ex
677 589 718 646 eis
741 585 841 646 domos
862 585 1009 662 religiosas
1030 583 1194 644 aedificent.

156 674 275 735 Licetne
297 675 435 750 religiosis
463 674 625 742 huiusmodi
651 676 776 748 recipere
798 673 995 748 eleemosynas
1011 667 1028 751 ¹)
1051 668 1196 730 scienter?

155 760 391 822 MONACHUS:
413 760 556 837 Quicquid
578 763 782 820 conscientiam
802 758 964 833 remordet,¹
990 759 1197 818 conscientiam

154 848 263 927 polluit
306 847 388 909 Scias
416 855 514 907 tamen
536 847 592 907 hoc
614 845 788 923 quandoque
816 846 877 906 fieri
898 847 973 905 iusto
995 845 1052 904 Dei
1072 844 1196 919 iudicio,

131 927 227 996 'sicut
248 936 376 1026 subiecto
392 935 548 995 'doceberis
570 933 710 1012 exemplo.

435 1193 440 1208 ¹
488 1173 720 1274 cnPITULUM
746 1175 859 1236 LXHI.

176 1335 224 1394 De
246 1333 373 1406 Abboie,
403 1335 455 1410 qui
477 1332 593 1392 audivit
613 1334 646 1390 in
667 1335 818 1391 oratione.-
844 1328 961 1390 Dedisti
980 1329 1171 1390 hereditatem?

272 1419 437 1481 timentibus
460 1427 495 1493 te,
517 1420 589 1478 dum
612 1421 725 1478 timeret
746 1417 899 1478 abbatiam
921 1436 941 1477 a
957 1423 1078 1494 potente

493 1505 679 1583 aedificatam
700 1509 853 1582 suseptae.

220 1663 273 1724 Vir
294 1661 411 1739 quidam
430 1669 533 1740 potens
556 1668 585 1722 et
606 1659 709 1722 nobilis
731 1663 761 1720 in
782 1667 857 1722 terra
879 1679 932 1721 sua
949 1660 1066 1726 domum
1088 1658 1197 1722 ordinis

153 1751 243 1824 nostri
264 1757 429 1810 construere
456 1747 638 1825 desiderans,
667 1767 733 1810 cum
760 1749 856 1809 locum
884 1748 1012 1824 religioni
1035 1764 1197 1824 congruum

154 1839 318 1912 invenisset,
339 1837 513 1896 habitatores
535 1838 596 1896 eius
617 1839 721 1912 partim
746 1839 851 1913 pretio,
872 1837 976 1911 partim
996 1835 1080 1894 minis
1102 1836 1198 1895 eiecit.

155 1922 259 1984 Abbas
280 1940 349 1994 vero
372 1925 422 2000 qui
443 1923 480 1984 ad
503 1922 625 1983 eundern
646 1923 742 1983 locum
763 1925 901 1982 missurus
923 1927 984 1982 erat
1011 1927 1197 1998 conventum,

156 2013 259 2070 timens
280 2011 345 2072 Deo
367 2007 425 2070 non
445 2009 574 2087 placere,
603 2011 654 2070 tali
682 2010 768 2070 modo
790 2026 932 2086 pauperes
954 2026 973 2068 a
993 2011 1053 2068 suis
1074 2023 1197 2083 posses-

155 2099 283 2179 sionibus
315 2098 454 2173 alienare,
486 2100 579 2157 oravit
603 2097 719 2172 Deum,
750 2104 783 2156 ut
816 2097 871 2156 sibi
902 2112 989 2171 super
1020 2095 1077 2157 hoc
1107 2111 1226 2177 suam·

156 2184 320 2262 dignaretur
341 2185 520 2246 voluntatem
540 2183 676 2244 revelare.
718 2182 757 2242 Et
777 2200 834 2242 uon
858 2189 901 2243 est
922 2184 1077 2258 permissus
1087 2183 1132 2241 vir
1145 2181 1196 2244 ille

155 2272 246 2331 iustus
276 2271 311 2332 de
342 2271 397 2332 hac
419 2289 450 2330 re
480 2271 528 2330 diu
555 2269 685 2330 tribulari
695 2265 726 2350 ²).
786 2268 862 2330 Nam
891 2269 936 2329 die
969 2267 1094 2346 quadam
1127 2286 1196 2329 cum

157 2365 233 2418 esset
253 2360 284 2417 in
306 2360 447 2432 oratione,⁴
468 2357 633 2417 huiusmodi
660 2374 763 2417 vocem
785 2356 911 2416 audivit:
940 2355 1056 2415 Dedisti
1077 2355 1195 2416 beredi-

156 2451 247 2506 tatem
279 2445 446 2504 timentibus
473 2461 582 2504 amaea
614 2451 719 2517 mum,
758 2444 888 2503 Domine
898 2439 932 2515 ³).
988 2441 1044 2518 Qui
1073 2459 1196 2520 surgens

1 2509 2 2604 ζ
106 2582 113 2596 r
155 2548 223 2593 mox
243 2531 381 2591 intellexit
408 2548 460 2608 per
488 2518 591 2592 vocem
622 2530 819 2607 propheticam
848 2529 966 2590 coelitus
989 2525 1195 2610 demumr),

157 2618 312 2678 voluntatis
335 2635 397 2678 esse
420 2618 549 2694 divinae,
580 2622 613 2677 ut
633 2617 763 2677 homines
784 2615 913 2677 indevoti
935 2616 970 2675 de
992 2615 1101 2689 eisdem
1120 2632 1196 2692 pos-

155 2707 329 2766 sessionibus
362 2707 547 2780 eicerentur,
578 2710 609 2765 et
639 2705 693 2764 viri
714 2706 837 2764 timorati
857 2701 1011 2778 Deumque
1042 2701 1195 2764 laudantes

155 2789 264 2853 ibidem
284 2792 455 2853 locarentur.
498 2792 547 2852 Sic
574 2791 678 2869 legitur
699 2791 841 2850 Dominus
873 2797 979 2850 terram
1001 2789 1195 2850 chananaeo·

30 2926 35 2938 ,
155 2897 218 2938 rum
240 2884 269 2938 et
289 2878 461 2955 reliquarum
477 2878 687 2938 immundarum
701 2879 830 2955 gentium
844 2876 957 2937 dedisse
977 2876 1041 2936 fillis
1061 2873 1195 2957 Israel⁸).

155 2965 220 3026 Nou
249 2973 346 3026 tamen
377 2967 434 3026 ista
460 2965 599 3030 trahenda
627 2971 694 3024 sunt
724 2965 754 3023 in
786 2964 962 3040 exemplum,
1000 2965 1068 3040 quia
1100 2966 1195 3024 omnis

155 3055 278 3114 ovantia
291 3055 440 3129 omnisque
461 3049 779 3128 iniustitiaareliglosis
802 3051 971 3122 detestanda
992 3057 1044 3110 est.
1075 3049 1194 3111 NOVI·

156 3139 259 3200 GIUS:
288 3141 382 3200 Tanto
411 3140 534 3216 amplius
562 3142 590 3198 in
624 3138 729 3198 talibus
761 3137 928 3198 scandalum
956 3137 1105 3198 vitandum
1134 3144 1193 3213 est,

108 3285 112 3298 ,
155 3223 257 3308 quia⁶l
280 3225 442 3289 saeculares
463 3221 521 3289 noir
541 3227 662 3288 libenter
684 3225 850 3288 claustrales
871 3225 979 3286 habent
1001 3226 1120 3292 uicinos.

147 3656 151 3662 ’
172 3655 396 3726 iJPrccipere
414 3654 595 3708 huiuamodi
614 3653 888 3724 eleemosynam
903 3651 1087 3710 huiusmodi
1105 3651 1192 3706 elee-

223 3739 378 3794 mosynas
396 3729 561 3795 recipere,
578 3726 598 3780 C
615 3726 670 3779 has
693 3729 856 3794 recipere.
876 3753 907 3766 -
926 3725 958 3794 2)
976 3723 995 3778 P
1013 3723 1189 3776 turbari.-

214 3796 398 3936 {demerem
416 3799 440 3850 6.
461 3825 492 3838 -
516 3796 588 3867 lJC
610 3795 784 3877 dimissam.
802 3826 835 3836 —
860 3796 892 3864 5)
909 3793 986 3848 Josue
1006 3794 1046 3846 12.
1065 3821 1097 3832 -—
1122 3792 1192 3864 6)c
