2642 4330
569 1 573 5 '
611 2 627 31 Ι

469 265 524 324 DE
546 265 837 326 SIMPLICITATE.
1108 267 1170 326 ott

127 386 189 446 lam
201 385 355 461 inclinavit,
378 403 495 462 serpens
508 386 581 446 collo
594 391 655 447 eius
667 387 801 463 insiliens,
821 394 855 446 ut
875 389 976 448 vitium
998 386 1173 464 duplicitatis

128 491 256 550 congrue
278 476 406 550 puniret,
436 477 511 534 circa
540 477 601 533 eius
630 480 728 551 guttum
756 491 788 533 se
818 474 977 551 colligando
1008 475 1172 552 duplicauit.
1218 513 1229 530 .

128 561 205 620 Cum
227 561 396 622 comedente
414 562 547 635 comedit7
569 569 598 622 et
612 563 741 636 quotiens
757 563 784 619 ei
798 562 1038 621 subtrahebantur
1056 563 1171 636 cibaria,

100 699 103 708 ,
126 649 177 708 vel
209 649 419 708 adhibebantur
447 648 544 723 aliqua
572 649 677 724 quibus
707 648 812 723 deponi
834 647 950 708 deberet
969 651 1175 723 instmmenta,.

101 737 170 796 -ua
200 735 306 795 collum
335 735 457 794 hominis
479 738 605 809 strinxit,
626 741 660 793 ut
687 737 893 794 intumescente
913 735 1001 810 facie,
1030 735 1106 795 oculi
1134 734 1171 794 de
1239 741 1242 746 '

126 822 248 882 sedibus
266 825 329 882 suis
350 829 541 881 moverentur.
584 821 787 881 NOVICIUS:
804 817 917 881 ‘Merito
940 828 1037 881 autem
1058 822 1171 882 videtur

125 909 198 968 mihi
220 912 336 985 punitus
358 926 410 985 per
422 915 591 984 serpentem,
613 911 680 984 quia
702 910 776 967 sicut
791 908 921 968 diabolus
942 925 994 984 per
1008 915 1170 985 serpentem

125 996 223 1056 Evam
238 977 358 1072 decepit,
378 998 420 1054 ita
440 1013 491 1070 per
507 998 595 1063 istum
609 995 756 1054 mulierem
774 995 932 1071 simplicem
948 998 1132 1056 circumvenit
1143 992 1169 1074 ¹).

12 1119 14 1124 ·
124 1082 363 1143 MONAOHUS:
385 1083 476 1142 Recte
498 1085 595 1141 sentis.
627 1082 697 1142 Jem
705 1079 725 1162 ²)
748 1083 884 1150 tredecim
898 1083 966 1141 anni
987 1089 1054 1142 sunt
1072 1083 1169 1158 elapsi,

125 1170 193 1246 plus
215 1166 348 1250 minus³)‚
371 1187 407 1228 ex
429 1186 486 1245 quo
509 1171 565 1228 ista
588 1171 775 1246 contigerunt.
805 1169 881 1228 Nam
904 1169 1006 1228 dachus
1028 1175 1072 1230 est
1092 1169 1169 1229 idem

124 1257 271 1317 Hauricus
291 1259 322 1315 iu
344 1273 462 1316 camuca
482 1273 534 1332 per
555 1259 731 1331 provinciam
755 1263 882 1316 nostram
903 1255 941 1316 ad
964 1255 1077 1316 diversa
1098 1274 1168 1315 san-

126 1352 240 1404 ctorum
252 1344 357 1418 limina,
380 1349 409 1402 ct
430 1343 564 1402 videmnt
585 1360 651 1403 eum
671 1343 762 1401 multi.
795 1343 887 1419 Quem
901 1343 1049 1418 praedicta
1068 1349 1168 1418 mater,

125 1448 240 1507 poenae
261 1432 322 1490 eius
345 1432 535 1507 compatiens,
567 1436 697 1490 materno
727 1429 832 1489 affectu
860 1431 1042 1505 sequebatur.
1086 1429 1170 1491 Circa

126 1519 230 1578 eadem
260 1524 390 1592 tempora
416 1521 519 1577 vitium
548 1512 720 1592 duplicitatis
749 1523 778 1575 et
805 1520 928 1577 astutiae
957 1535 975 1576 a
1003 1517 1167 1594 supradicto

37 1635 45 1659 t
126 1605 262 1680 Philippo
283 1604 367 1680 Rege
387 1605 543 1680 Franciae‚
570 1603 621 1663 tali
642 1604 741 1662 ordine
762 1603 987 1679 deprehensum,
1007 1605 1169 1664 terribiliter

127 1699 172 1752 est
192 1693 332 1768 punitum.

465 1881 697 1966 currumuu
718 1845 837 1941 xum.

129 1985 178 2063 De
200 2005 377 2082 Praeposito
399 2006 569 2079 Parauaea,
593 2023 679 2080 quem
693 2005 759 2065 Rex
773 2004 929 2080 Philippus
950 2007 1052 2063 viuum
1073 2003 1170 2080 infodi

226 2095 320 2169 iussit,
342 2109 376 2152 eo
398 2092 481 2168 quod
500 2099 619 2152 mortuo
641 2093 739 2150 dolosa
760 2095 878 2151 cineam
900 2089 1072 2150 abstulisset.

149 2280 153 2288 .
194 2229 332 2290 Habebat
363 2229 440 2290 idem
471 2229 535 2288 Rex
566 2232 596 2289 in
629 2232 744 2289 civitate
772 2230 926 2289 Parisiensi
953 2227 1169 2305 Prtaepositum',

131 2319 180 2392 qui
201 2317 351 2376 ardusdam
372 2319 416 2376 sui
438 2319 563 2376 concivis
585 2319 698 2376 vineam
721 2320 938 2393 concupiscens,
967 2321 1000 2374 ut
1020 2316 1075 2374 sibi
1095 2332 1168 2374 ven-

130 2403 210 2463 deret
227 2403 313 2479 dlam,
331 2406 496 2480 importune
516 2406 600 2463 nimis
612 2407 712 2463 institit
722 2401 753 2483 4).
785 2402 990 2479 Respondente
1012 2405 1074 2462 cive
1095 2404 1169 2461 sicut

130 2490 247 2550 Naboth
268 2491 450 2566 respondisse
464 2491 567 2566 legitur
580 2490 684 2551 Achab
698 2491 772 2568 Regi
786 2491 892 2550 Israel:
922 2493 1000 2550 Vlutt
1009 2490 1168 2563 Dominus,

131 2582 202 2652 quia
230 2595 293 2638 nou
320 2579 450 2638 caudam
479 2577 530 2636 tibi
553 2586 681 2653 patrum
702 2595 836 2638 meorum
858 2579 1047 2637 hereditatem
1061 2575 1099 2649 ⁵),
1133 2585 1168 2636 eo

131 2664 208 2739 quod
221 2664 300 2723 nulla
312 2664 350 2723 ad
371 2665 426 2724 hoc
448 2681 495 2722 me
514 2665 667 2740 compellat
677 2667 848 2740 necessitas3
870 2664 1055 2740 Praepositae
1077 2665 1168 2722 minas

129 2751 230 2825 intulit,
252 2751 304 2810 sed
325 2768 384 2811 non
404 2752 531 2827 proiecit.
570 2751 701 2828 'Contigit
721 2753 877 2811 utinterim
894 2751 981 2810 homo
1003 2755 1168 2809 moreretur.

130 2838 195 2913 Quo
218 2842 347 2916 cognito,
377 2839 562 2914 Praepositus
584 2839 701 2897 effectura
722 2839 852 2914 hilarior,
885 2837 1048 2897 huiusmodi
1069 2837 1168 2911 dolos,
1250 2839 1260 2860 ⁸

129 2927 213 2984 sicuti
244 2925 331 2984 homo
360 2931 472 2984 astutus
500 2927 597 3000 nimis,
629 2924 667 2985 ad
699 2921 775 3005 sui⁶)
804 2926 958 3001 perniciem
987 2925 1167 3000 excogitavit

129 3011 212 3072 Duos
235 3011 374 3087 siquidem
397 3031 433 3071 ex
455 3006 595 3087 scabinis,
617 3018 649 3070 ut
670 3013 725 3071 sibi
744 3015 939 3099 testimpnium
959 3012 1087 3071 falsitatis
1108 3011 1167 3070 fer·

129 3105 200 3173 rent,
221 3101 345 3174 pecunia
367 3101 500 3174 cormpit.
545 3097 617 3157 Cum
639 3100 759 3174 quibus,
781 3102 855 3158 sicut
876 3099 1038 3158 condictum
1059 3099 1166 3173 fuerat,

129 3203 197 3246 mox
223 3188 397 3261 intempesta
428 3192 512 3245 nocte
546 3185 670 3250 defuncti
702 3186 886 3262 sepulchrum
918 3186 1001 3261 adiit,
1034 3191 1167 3261 terraque

130 3275 221 3333 eiecta
241 3275 271 3332 in
291 3274 400 3333 fossam
421 3271 576 3349 descendit,
597 3279 627 3332 et
646 3273 794 3333 sacculum
814 3275 962 3349 pecuniae,
985 3287 1072 3348 quam
1099 3275 1166 3332 vivo

128 3377 180 3436 pro
201 3362 287 3418 vinea
309 3359 460 3435 obtulerat,
480 3363 510 3418 in
532 3378 619 3420 manu
633 3378 743 3436 ponens
765 3363 877 3433 mortui,
898 3362 952 3418 ait:
974 3359 1076 3437 Testes
1098 3361 1166 3418 estis

128 3464 181 3508 vos
203 3446 318 3522 domini,
340 3447 418 3523 quod
438 3453 549 3506 tantam
565 3451 718 3524 pecuniam
738 3447 846 3506 homini
866 3448 913 3506 isti
933 3463 985 3523 pro
1007 3449 1092 3506 vinea
1113 3463 1167 3506 sua

147 3635 178 3704 1)
195 3632 315 3684 Humilia:
334 3635 439 3700 „merito
457 3649 504 3700 per
520 3642 663 3700 serpentem
681 3635 783 3702 punitus
801 3641 849 3696 est,
865 3633 1035 3701 quiaviperae
1052 3640 1186 3696 naturam¹

196 3704 309 3754 imitatus
327 3707 390 3754 eslf*
412 3733 442 3742 —
462 3704 494 3770 2)
513 3702 570 3753 libri
586 3703 666 3755 llam.
686 3733 717 3744 -·
737 3705 769 3769 3)
787 3703 809 3755 Ι)
826 3702 898 3769 plus
916 3719 975 3754 nec
998 3702 1116 3764 minus,
1137 3710 1167 3753 ut

196 3771 235 3834 ΙΙ,
252 3773 294 3824 10.
313 3805 343 3814 -
364 3774 396 3842 t)
419 3771 484 3825 ADP
506 3771 659 3824 instabat.
679 3802 710 3813 -
735 3774 767 3840 5)
784 3772 847 3842 Reg.
865 3771 906 3835 lit,
924 3771 972 3836 at,
994 3773 1019 3823 3.
1039 3799 1069 3810 -
1095 3771 1128 3839 6)
1145 3771 1166 3822 Β

198 3857 293 3894 suam.
