2654 4308
383 235 438 296 Du
459 235 646 299 niventis
666 231 903 298 melonibus,
1113 235 1172 296 let

455 425 689 490 cursurum
709 422 857 507 nxvru)

134 547 184 606 De
208 550 320 610 emmae
346 554 417 610 octe
436 548 565 608 Aiiazrr
591 551 624 608 ia
645 565 713 608 aare
733 550 817 621 men,
842 565 897 623 per
918 562 992 623 poce
1015 543 1175 609 ductam

467 636 567 712 adepti
587 641 657 694 auat
678 637 844 694 victorium.

199 751 287 816 Auno
298 754 569 832 gratiaernillesimo
590 755 784 816 ducentesimo
806 754 918 816 decimo
938 754 1069 829 septime,
1089 768 1173 813 cruce

134 840 239 916 signati
271 858 307 904 ex
328 847 391 902 tots
408 841 581 904 Alemannis
601 861 638 906 ac
657 843 750 903 Frisia
770 859 836 902 oum
857 842 991 902 trecentis
1010 840 1069 899 fere
1089 839 1174 902 nari-

134 926 192 988 bus
212 929 290 990 circa
307 928 380 990 Idus
399 929 472 990 Julii
491 932 668 992 intremunt
687 935 802 1006 portum
822 923 1017 988 Ulixisbonae.
1057 925 1094 986 In
1115 941 1173 1002 quo

135 1011 205 1074 dum
236 1031 289 1092 per
314 1014 424 1092 aliquot
453 1016 513 1077 dies
537 1023 730 1091 morarentur,
761 1015 857 1092 plures
877 1030 968 1074 naves
987 1011 1047 1085 illic
1068 1028 1174 1088 exspe-

134 1106 262 1177 ctantes,
287 1101 326 1162 ed
351 1105 517 1178 petitionem
538 1103 638 1166 Severi
646 1099 664 1182 ¹)
686 1104 822 1180 Episcopi
842 1104 901 1164 iam
922 1100 1015 1162 diotae
1036 1100 1173 1176 unum,

134 1193 164 1248 et
193 1187 330 1264 Episcopi
361 1189 514 1252 Eborensis
523 1183 564 1271 ²),
595 1207 650 1253 nec
680 1207 737 1250 non
771 1196 800 1273 et
831 1187 1058 1264 'templariorum
1084 1191 1173 1263 atque

132 1272 401 1351 Hospitaleriorum,
425 1283 551 1338 castrum
571 1275 795 1338 Sarracenorum
815 1277 931 1336 nomine
951 1268 1125 1354 Alkaseri),
1142 1269 1173 1334 id

132 1367 177 1422 est
198 1363 325 1422 omnium
348 1380 459 1438 carcer,
487 1363 670 1424 obsederunt
712 1363 801 1424 Sexte
822 1379 891 1424 vero
911 1363 982 1422 feria
1001 1363 1068 1438 post
1088 1359 1173 1424 Nati·

132 1448 252 1510 mutem
280 1449 384 1510 beatae
411 1450 469 1510 Dei
496 1449 646 1512 Genitricis
667 1449 777 1510 Mariae
799 1441 964 1528 congregati
984 1453 1052 1509 sunt
1072 1452 1174 1508 contra

133 1550 183 1596 eos
205 1540 328 1611 quatuor
348 1536 571 1598 Sanacenorum
590 1534 732 1616 Regesi),
761 1537 902 1598 hebentes
920 1538 951 1596 in
972 1535 1098 1596 exercitu
1118 1550 1172 1597 suo
1201 1533 1205 1544 '

132 1615 173 1684 ed
192 1627 307 1684 centum
327 1622 416 1684 millia
435 1630 639 1700 pugnatorum.
681 1623 792 1700 Quibus
808 1622 959 1686 Christiani
979 1637 1097 1682 numero
1114 1623 1172 1682 mi·

131 1723 233 1783 nores,
253 1708 307 1770 sed
327 1708 384 1770 fide
405 1712 545 1786 maiores,
566 1717 698 1770 sanonum
718 1709 879 1784 iacobum,
900 1711 1075 1784 beatumque
1096 1708 1172 1770 Vin·

132 1797 258 1856 centium
285 1797 410 1872 regionis
435 1796 510 1856 iliius
538 1803 708 1873 patronum,
735 1802 765 1858 et
792 1795 865 1856 ahos
892 1797 918 1860 si
945 1811 1019 1872 quos
1038 1801 1173 1871 poterent

132 1887 249 1943 sanctos
260 1883 437 1959 invocantes,
457 1882 588 1944 hostibus
606 1888 797 1944 occurrerunt
838 1882 875 1946 In
893 1884 987 1958 primo
1007 1898 1076 1942 vero
1099 1897 1171 1944 cou-

131 1985 232 2046 gretsu
245 1985 320 2030 unus
333 1970 447 2046 Regum
459 1967 838 2050 cecidit⁶);‘interfectcrum
857 1985 916 2030 non
938 1973 1000 2028 erat
1019 1985 1170 2044 numerus3

130 2055 246 2132 plurimi
273 2058 410 2133 captivati
438 2061 515 2118 sunt
557 2056 615 2134 Qui
643 2074 709 2117 cum
736 2073 789 2133 per
810 2058 966 2116 exercitum
987 2053 1171 2130 ducerentur,

131 2144 309 2217 quaerebant
330 2160 349 2204 e
370 2139 563 2223 christianici)
592 2145 676 2220 signs
703 2146 859 2219 victorum,
888 2147 1049 2204 asserentes
1070 2139 1171 2204 mudi-

130 2227 277 2292 dissimem
305 2232 402 2293 aciem
426 2247 525 2300 cmces
553 2232 659 2293 rubeas
686 2232 716 2292 in
736 2236 853 2307 pectore
874 2235 1021 2308 gerentes,
1054 2245 1172 2290 sucrum

130 2315 340 2378 multitudinem
360 2319 390 2376 in
409 2317 509 2393 iugem
526 2319 711 2379 convertisse.
751 2315 874 2393 Insuper
895 2311 953 2395 οῖ’)
974 2315 1076 2393 galeae
1097 2331 1171 2390 quas

129 2419 281 2479 permane
303 2409 401 2466 contra
415 2403 590 2466 Christianos
611 2404 815 2478 conduxerunt,
836 2400 967 2464 coelestis
984 2403 1060 2464 iliius
1080 2403 1171 2462 visio·

129 2491 174 2550 nis
201 2496 309 2550 terrore
336 2498 404 2552 sunt
430 2491 555 2568 fugatae.
598 2490 685 2568 Quod
710 2492 852 2568 peregrini
872 2489 1035 2566 audientes,
1063 2490 1170 2566 gratias

129 2583 250 2654 egerunt
271 2576 399 2654 Christo,
419 2580 468 2654 qui
488 2584 648 2656 martyrum
668 2595 786 2638 suorum
807 2573 942 2657 anubab
964 2579 1006 2638 eis
1027 2576 1170 2640 destinare

128 2663 263 2740 diguatus
291 2670 336 2724 est
364 2664 400 2726 de
433 2664 540 2726 coelo·
565 2665 648 2726 Haeo
674 2665 744 2724 mihi
772 2663 863 2726 relata
892 2669 959 2724 sunt
986 2663 1026 2724 ab
1052 2663 1099 2726 his
1120 2663 1170 2740 qui

128 2751 276 2810 certamini
302 2751 503 2825 interfuerunt,
536 2757 565 2810 et
594 2769 629 2811 ex
658 2768 707 2811 ore
735 2751 958 2812 &macenorum
990 2767 1065 2826 quac
1092 2749 1171 2816 dots

127 2842 195 2896 sunt
226 2835 385 2896 andierunt.
433 2835 636 2898 NOVICIUS:
664 2837 754 2898 Estne
785 2844 938 2914 peccatum
970 2853 1037 2897 cum
1057 2842 1169 2914 marty·
1272 2845 1274 2853 ⁴

127 2939 192 2980 rum
205 2921 339 2997 relequiis
359 2924 400 2982 ire
421 2922 460 2982 ad
481 2925 622 2998 exquisita
629 2919 651 3004 ⁹)
673 2922 813 2988 naturae?
834 2921 1070 2984 MONACHUS:
1091 2922 1169 2983 Pec-

128 3013 226 3068 catum
244 3014 295 3082 est,
317 3010 341 3067 si
354 3013 500 3085 gestantes
513 3009 575 3068 tiles
589 3025 648 3069 non
665 3013 850 3071 excusaverit·
863 3012 1030 3071 necessitas
1070 3009 1168 3073 Sancti

126 3111 186 3156 non
207 3094 364 3155 abhorrent
382 3095 522 3156 foetorem
541 3102 670 3173 naturae,
690 3097 743 3158 sed
764 3097 876 3174 euripus.

142 3316 176 3387 o
192 3314 527 3455 susurrone
540 3315 1002 3456 percurruntur
1012 3317 1166 3444 turc

192 3455 310 3509 inductus
322 3453 462 3519 Chronius,
479 3459 564 3524 posuit
575 3457 729 3524 Episcopum
747 3455 907 3519 datheus,
923 3455 1023 3509 busiad.
1040 3455 1105 3521 vui,
1122 3457 1165 3510 ti.

194 3556 225 3568 -
250 3526 282 3594 2)
299 3525 398 3589 Ebora,
421 3526 515 3579 Evam.
541 3555 572 3566 -
597 3527 631 3594 3)
654 3525 760 3578 Aicucer
783 3524 816 3578 dc
839 3526 888 3578 Sel.
907 3525 1051 3579 Bhlires.
1076 3555 1108 3566 -
1132 3527 1166 3594 i)

191 3595 243 3648 hoc
259 3603 314 3659 erig
335 3595 458 3663 prestasti
475 3595 573 3649 urbium
591 3595 698 3658 Sosila,
716 3593 848 3659 Ocrdcw,
870 3594 932 3647 Jaen
950 3604 977 3648 et
993 3594 1114 3661 Badsjoc.
1132 3623 1164 3641 ,-

192 3663 256 3732 5)0
273 3665 399 3718 cecidit
416 3665 540 3732 eta-6)
559 3665 577 3718 i¹
595 3665 796 3720 ducerentur
812 3680 829 3717 a
847 3663 1053 3717 cirirttntr
1068 3679 1167 3738 quee-

191 3734 365 3859 zebane*
385 3735 417 3804 i)
440 3743 474 3788 et
496 3734 546 3788 add
564 3735 594 3792 D.
612 3763 646 3782 m
664 3731 737 3803 8)ss
761 3735 856 3803 signu
874 3741 906 3786 ct
928 3733 1062 3786 suxiita.
1082 3759 1113 3778 *-
1133 3733 1166 3801 9)

230 3806 420 3875 requisita.¹
