2594 4302
338 321 393 382 DE
416 315 603 383 cosroes}
623 315 791 383 emereri.
1053 315 1114 381 tte

69 443 116 505 Ere
136 442 194 504 beo
222 459 371 520 uunquam
399 440 554 520 suscipiam
581 439 651 530 illud
680 444 720 503 eb
745 443 870 502 bomine.
912 441 984 502 Post
1004 443 1116 520 siquos

69 546 141 593 vero
164 527 230 591 dies*
244 531 382 590 defunets.
400 539 452 590 est.
495 531 533 589 rit
558 533 627 606 uuis
647 533 863 606 seriptum-eet:
897 531 956 608 Qui
976 548 1039 590 ooo
1059 532 1118 590 be·

69 626 165 680 corut
178 626 301 695 putrem
324 626 354 678 et
371 626 514 691 matrem,
536 633 601 677 uuo
620 617 782 677 boeotum·
810 619 844 675 io
862 617 943 693 filiis,
971 617 1120 678 Dominus

71 705 178 767 eedem
203 705 388 766 bebdbmede
417 704 567 796 Wilhelpri
593 706 814 781 primogenitum
848 706 980 780 extinxit3
1016 701 1117 782 reliqui

70 809 143 854 vero
162 787 232 854 eius
245 793 336 867 liberi,
357 807 424 852 oum
444 792 533 851 ferme
547 789 564 872 ¹)
588 798 686 852 esseut
705 790 864 866 duodecim,
886 790 1045 851 secuudum
1067 809 1116 850 or-

72 879 170 942 dinem
189 880 264 940 inire
284 870 374 939 breve
395 885 513 954 tempus
531 893 633 938 omues
653 877 777 937 &brecti
800 884 876 936 sunt.

387 1033 624 1130 curmuuoir
648 1065 816 1128 rerum.

158 1193 208 1254 De
227 1208 368 1252 converto
390 1190 536 1250 Liuouiuc
558 1194 610 1267 qut
631 1193 851 1250 coouuuoicarc
871 1191 1040 1252 desiderares

365 1279 493 1338 bootem
513 1281 622 1353 reperit
643 1280 748 1336 tuere
769 1294 835 1336 suo.

141 1399 255 1460 Retulit
264 1400 347 1460 nobis
361 1399 491 1458 domiuus
505 1398 670 1458 Bemerdus
685 1399 720 1458 de
737 1397 832 1474 Lippe
849 1397 952 1460 Abbos
974 1398 1122 1477 Livonise,

76 1503 155 1548 nune
176 1487 341 1563 Episcopus
366 1485 489 1562 ibidem,
518 1503 579 1546 rem
608 1488 679 1546 estis
703 1485 866 1568 gloriosam.
910 1487 983 1546 Cum
1005 1487 1122 1563 quidem

79 1577 103 1635 si
124 1575 202 1634 boue
219 1575 335 1634 memini
357 1589 528 1648 conversus,
558 1575 608 1649 qui
627 1589 719 1648 nuper
739 1571 826 1632 fidem
848 1581 1028 1650 susceperat,
1057 1591 1123 1635 mo-

80 1659 188 1721 ueohos
203 1663 413 1721 communicare
427 1659 554 1735 vidisset,
576 1666 608 1720 et
627 1661 681 1719 sibi
701 1661 758 1718 hoc
773 1662 889 1720 minime
904 1661 990 1721 licere
1012 1661 1124 1739 cogno&

79 1750 184 1824 risset,
215 1755 300 1808 steno
323 1754 424 1807 conire
452 1747 542 1806 sltsre
573 1747 802 1806 communicandi
832 1747 974 1808 desiderio
994 1752 1124 1824 suspire-

80 1838 131 1896 rit.
173 1835 212 1894 Et
241 1851 310 1894 ecce
329 1838 396 1910 pius
416 1834 559 1893 Dominus
582 1837 643 1894 sine
664 1833 821 1892 sucerdotis
843 1837 997 1894 ministerio
1021 1836 1058 1896 de
1079 1837 1125 1896 ol-
1180 1901 1184 1908 ,

80 1924 136 1982 teri
165 1938 218 1998 per
252 1927 463 1981 recrementum
498 1920 671 1980 descendere
701 1920 834 1996 dignutus
863 1928 907 1980 est
933 1924 963 1979 iu
992 1939 1025 1982 os
1055 1926 1124 1983 eius.

72 2009 145 2087 ,Qut
165 2025 234 2068 mox
261 2009 387 2067 hostium
415 2015 515 2083 aperto
544 2023 594 2067 ore
623 2007 799 2085 ostendeus„
819 2013 848 2067 et
879 2023 998 2068 causam
1027 2016 1124 2070 mutue

81 2097 191 2174 gratiae
205 2096 407 2173 menifestunst,
423 2101 540 2154 cunctos
556 2097 605 2170 qui
619 2093 738 2153 ederent
757 2097 787 2152 iu
807 2101 956 2171 stuporem
978 2099 1126 2156 convertit:

82 2183 213 2242 Eundem
240 2183 315 2241 enim
344 2179 470 2240 hostiurn
499 2181 627 2241 debuisse
650 2187 817 2257 repererunt
843 2182 985 2243 inuitari.
1028 2183 1125 2244 Simile

82 2269 150 2330 huie
172 2269 290 2347 contigit
311 2278 377 2329 erite
399 2269 456 2328 hoc
477 2269 640 2345 biennium,
669 2267 747 2343 quod
768 2275 848 2328 tento
870 2275 932 2329 eret
953 2271 1127 2346 mirabilius,
1224 2341 1229 2359 x

83 2362 190 2435 qucum
211 2357 309 2417 sensui
328 2356 457 2418 humano
481 2353 657 2433 profundius.

388 2543 622 2636 eremorum
643 2523 823 2607 xxxviii.

82 2671 158 2732 ltcm
180 2669 216 2729 de
237 2668 427 2730 Erbertbuldo
456 2670 491 2729 de
511 2669 659 2744 Burdem,
686 2670 833 2730 culidem
855 2675 990 2748 coutipt‘t,
1008 2693 1077 2736 cum
1100 2681 1125 2734 et

150 2755 188 2816 ob
210 2758 382 2814 occbwoem
403 2761 522 2832 oopoutt
543 2764 765 2816 sacramentum
783 2757 890 2834 fueret
910 2771 1063 2836 nepotum.

147 2875 348 2936 Erkenbsldus
370 2873 406 2935 de
428 2873 576 2958 Burbeu²)
599 2881 645 2936 vir
662 2877 769 2938 nobilis
788 2886 817 2939 et
837 2885 955 2958 potens,
977 2892 1039 2945 eret
1059 2893 1125 2946 ten-

83 2959 161 3044 tus³)
186 2969 297 3022 emetur
316 2965 455 3038 iustitiae,
487 2970 520 3023 ut
540 2964 653 3024 uullem
670 2967 700 3022 iu
720 2966 832 3026 iudiciis
851 2973 1006 3045 respiceret
1025 2989 1126 3050 perso·

82 3067 161 3112 nam.
210 3049 268 3108 Hie
296 3062 363 3108 cum
384 3053 509 3126 graviter
534 3050 739 3128 infirmaretur,
772 3053 905 3130 lectoque
927 3057 1126 3138 decumberet,

82 3141 114 3197 in
141 3139 273 3214 proxime
297 3151 412 3196 camere
432 3137 601 3212 tumultum,
631 3137 826 3215 clamoresque
847 3143 985 3206 femineos
1008 3147 1126 3208 audivit
1203 3165 1206 3174 ·

84 3225 230 3302 Quicum
252 3221 295 3282 de
316 3239 403 3308 cause
424 3226 622 3298 sciscitaretur,
643 3224 738 3284 nullus
760 3229 788 3286 ei
806 3229 1051 3293 circumstantium
1071 3253 1125 3296 ve-

82 3315 198 3372 ritatem
220 3307 314 3371 dlcere
345 3313 545 3387 praesumpsit.
588 3311 670 3370 tunc
698 3315 814 3374 mittens
840 3333 928 3378 unum
958 3338 994 3380 err
1022 3325 1127 3398 pueris,

82 3402 143 3460 sits·
168 3398 320 3474 Praecipio
348 3398 402 3458 tibi
428 3399 483 3458 sub
512 3399 739 3458 irrterminetione
768 3402 914 3464 oculorum
936 3413 1064 3486 tuorum,
1092 3418 1126 3470 ut

83 3487 164 3548 dices
185 3484 255 3544 milri
276 3501 389 3544 ruerem
405 3488 565 3544 veritatem.
609 3484 663 3544 eui
682 3485 730 3546 ille
747 3505 857 3563 pavens
878 3494 1040 3569 respoudit:
1060 3497 1125 3558 Do·
1188 3505 1194 3522 ‘

82 3577 173 3648 mine,
210 3571 377 3632 domicellus
409 3589 490 3632 meus
522 3572 597 3632 filius
626 3575 730 3633 sororis
763 3583 876 3637 vestrae
901 3581 1037 3642 lominum
1064 3581 1124 3664 νῆ’)

83 3663 244 3740 opprimere
275 3659 381 3734 voluit,
415 3666 444 3718 et
475 3660 548 3720 haec
579 3659 632 3718 luit
664 3677 753 3720 causa
785 3661 924 3726 clamoris.
966 3669 1015 3728 Ad
1048 3671 1126 3748 quod

101 3829 134 3898 l)
152 3827 214 3881 Bor
232 3827 363 3909 lere:
382 3829 414 3895 2)
432 3827 452 3880 B
471 3829 616 3892 Burborr,
641 3827 829 3898 CBurbsir,
851 3833 870 3884 Ρ
887 3833 1023 3905 Burhay.
1044 3869 1074 3879 -
1094 3843 1127 3911 3)
1219 3785 1225 3796 ⁸

153 3896 239 3951 Acer
256 3895 377 3949 uobrlrs
394 3908 463 3951 erut
481 3909 511 3952 et
528 3908 664 3969 potens,
682 3907 802 3952 tentus.
823 3931 853 3942 -
873 3903 906 3972 4)
924 3905 966 3958 BG
982 3909 1034 3960 ibi.

842 3979 865 4050 9
