2538 4314
416 283 480 343 ΒΕΙ
494 281 769 344 CONFESSIONE.
925 293 927 302 ’
1044 284 1103 342 121

85 407 135 482 mit,
152 405 194 466 ille
214 405 345 468 emmaus
371 413 402 466 ct
424 405 533 465 eiulans
554 408 678 479 evanuit,
698 422 753 464 nec
774 420 905 478 unquam
925 403 963 462 ab
976 402 1107 464 illuhora

86 492 165 553 alea
188 496 265 553 risus
297 493 352 554 vel
383 493 498 552 auditus
528 498 579 552 est
621 492 699 552 Ecce
727 492 774 550 hio
804 491 895 550 habes
925 491 1106 550 manifestum

85 580 235 656 exemplum,
268 587 403 657 quantae
435 583 546 640 virtutis
573 581 611 638 sit
637 597 712 654 pura
739 577 889 637 confessio.
932 577 1016 636 Haec
1037 576 1106 636 mihi

83 665 153 726 relata
172 674 235 726 sunt
256 687 277 728 a
299 667 423 727 dominc
445 666 611 725 Hermanno
623 665 741 726 Abbate
762 665 834 724 Loci
856 671 974 724 sanctae
986 663 1106 724 Mariae.

83 749 163 834 Gom)
183 755 260 829 talia,
282 756 367 814 lama
390 754 563 830 divulgante,
586 755 768 829 cognovisset
790 750 826 811 de
846 752 975 828 praelata
992 752 1106 826 lemine,

82 841 129 914 sihi,
147 859 208 900 cum
230 848 310 902 essct
330 842 454 901 Bonnae
470 842 631 914 canonicus,
653 842 759 915 optime
781 843 859 913 nota,
880 838 918 898 ad
938 838 1035 897 lomim
1055 854 1107 914 per

81 941 105 984 se
121 929 207 1002 ipeum
228 931 365 1002 accessit,
388 933 417 986 et
439 943 474 986 eo
497 927 602 1000 ordine,
624 943 682 1002 quo
706 925 878 1000 dictasunt,
900 925 936 984 ab
950 925 1034 984 'illius
1056 941 1106 985 ore

81 1021 166 1073 cuncta
184 1015 307 1102 audivit
352 1013 558 1074 NOVICIUS:
585 1013 617 1073 Si
639 1013 779 1073 confessio
801 1015 873 1070 tanti
893 1011 1027 1088 ponderis
1047 1027 1106 1071 non

79 1107 152 1174 eset,
176 1117 368 1178 nequaquam
391 1101 545 1160 daemones
566 1107 627 1160 tam
648 1102 773 1176 graviter
793 1100 930 1159 turbaret.
972 1097 1106 1158 MONA·

78 1184 178 1247 OHUS:
208 1188 346 1249 Occurrit
368 1187 447 1246 aliud
455 1184 474 1266 ²)
498 1186 674 1262 exemplum,
702 1189 732 1244 in
761 1203 819 1262 quo
841 1189 910 1245 satis
932 1201 1105 1261 cognosces,

77 1287 149 1346 quam
169 1279 343 1352 gravissime
366 1275 579 1348 exacerbantur,
600 1289 667 1333 cum
687 1271 1105 1348 peccatanostrecondtenrur.

76 1357 143 1420 Haec
164 1379 238 1437 quae
261 1363 393 1421 dicturus
415 1379 487 1434 sum,
508 1366 574 1436 post
596 1363 814 1422 conversionem
834 1377 930 1419 meam
943 1359 1020 1418 facta
1031 1365 1105 1432 sumt,

76 1453 98 1504 et
125 1466 142 1508 a
168 1449 285 1508 domino
307 1447 420 1507 Karolc
452 1447 521 1506 mihi
548 1447 653 1522 relata,
681 1446 836 1522 aliquando
865 1447 965 1506 Priore
992 1451 1105 1520 nosmo,

75 1537 130 1592 tunc
148 1534 268 1596 Abbate
289 1535 459 1611 Vileriensi3
480 1534 532 1593 sed
552 1550 658 1593 nomen
678 1551 818 1609 personae
840 1530 931 1613 sire⁸)
953 1533 1010 1592 loci
1032 1534 1101 1594 satis

76 1618 143 1681 doleo
163 1641 211 1684 me
233 1640 295 1684 nou
316 1624 477 1681 retinuisse.
519 1621 571 1680 Ait
592 1623 667 1680 enim
689 1623 750 1680 sic:

364 1811 367 1820 ·
416 1775 651 1871 carmenum
671 1811 756 1871 xrv.

92 1933 132 1994 De
149 1935 303 1998 sacerdote
325 1953 347 1994 c
362 1933 480 1994 dadolo
497 1953 554 2010 per
570 1934 760 2010 prophetiam
780 1936 883 1992 mortis
906 1933 1031 2010 decepto,
1055 1940 1083 1990 et

365 2039 421 2100 per
442 2021 652 2096 confectionum
675 2020 808 2082 liberate.

123 2141 192 2202 linat
212 2141 332 2218 qnidam
353 2142 496 2217 sacerdos,
518 2149 547 2201 ct
568 2141 662 2200 adhuc
684 2147 741 2216 est,
771 2140 928 2201 admodum
955 2139 1104 2216 religiosus

75 2229 150 2288 etob
172 2233 250 2290 vitae
271 2231 407 2289 meritum
427 2229 523 2287 multis
545 2229 681 2304 dilectus,
708 2230 888 2304 inpartibus
909 2229 1013 2287 nostris
1034 2243 1104 2302 per-

75 2313 175 2374 ochiam
201 2333 315 2393 regens.
359 2315 495 2374 Invidens
523 2318 633 2393 gratiae
655 2319 716 2374 eius
748 2315 927 2375 milleartifex
957 2313 1103 2389 diabolus,

75 2400 178 2462 uolebat
200 2421 267 2462 eum
289 2405 397 2479 apertis
418 2403 621 2462 tentationibus
641 2403 803 2477 molestare,
825 2419 944 2478 sperans
956 2401 1102 2460 illumsub

75 2491 157 2561 specie
176 2491 245 2550 boni
268 2479 308 2550 ad
329 2507 414 2548 suum
436 2490 585 2550 consilium
607 2489 751 2550 efficacius
774 2490 918 2548 inclinare.
961 2488 997 2546 In
1011 2505 1103 2565 ange-

75 2571 125 2633 lum
142 2576 210 2636 lucis
231 2595 264 2636 se
286 2576 492 2654 transfigurans
513 2579 641 2636 minister
667 2577 716 2636 ille
745 2576 945 2650 tenebrarum,
978 2575 1104 2634 ostendit

75 2675 101 2718 se
119 2663 264 2738 sacerdoti,
286 2669 316 2723 ct
337 2666 393 2722 ait:
414 2663 516 2723 Amice
538 2663 603 2738 Dei,
625 2665 730 2722 missus
753 2681 818 2722 sum
839 2662 878 2722 ad
895 2669 943 2736 te,
966 2663 1102 2722 mundare

77 2763 139 2821 quae
158 2757 277 2809 ventura
299 2757 368 2809 sunt
388 2751 448 2809 tibi.
491 2751 637 2825 Praepnru
659 2751 786 2826 te,·quia
807 2751 864 2809 hcc
878 2766 954 2810 anno
966 2751 1103 2809 morieris.

77 2831 202 2896 Sacerdos
222 2855 309 2912 vero,
341 2837 450 2896 nullam
478 2837 590 2896 habens
612 2837 648 2896 dc
670 2837 772 2914 angelo
795 2837 871 2897 melo
894 2838 1102 2911 suspicionem,

78 2920 121 2978 sed
137 2925 176 2982 ita
197 2923 316 2984 eredens
338 2941 401 2984 esse
423 2925 624 2998 futurum‚'ut
644 2925 844 3000 praedixerat,
866 2925 961 3004 coepit
982 2939 1013 2982 se
1037 2922 1103 2983 dili·

79 3015 163 3080 genter
182 3013 265 3086 qnasi
287 3010 324 3070 ad
346 3017 466 3073 mortem
487 3027 667 3087 praeparare,
690 3013 893 3070 conscientiam
913 3027 966 3085 per
988 3009 1103 3072 confes·
1145 3070 1150 3083 ,

78 3093 171 3155 donem
190 3096 339 3172 mundare,
361 3114 464 3174 corpus
486 3099 615 3173 ieiuniis,
637 3098 741 3174 vigiliis
763 3098 943 3172 assiduisque
965 3099 1103 3156 orationi·

80 3177 124 3239 lus
135 3187 279 3264 castigare,
297 3201 439 3244 annonam
453 3203 536 3244 suam
548 3202 613 3266 culm
628 3184 796 3262 supellectili
811 3185 960 3260 egentibus
976 3201 1103 3260 erogare.

80 3263 193 3344 dumque
214 3272 297 3330 multi
318 3271 355 3330 ab
379 3289 413 3330 co
435 3278 617 3348 quaererent,
640 3290 690 3332 cur
711 3279 771 3332 tam
792 3272 944 3330 indiscrete
965 3287 1019 3329 sua
1041 3271 1103 3332 dis-

80 3353 201 3432 traheret,
228 3361 277 3416 uni
304 3355 427 3438 tamem)
460 3358 574 3418 illorum
602 3361 655 3418 sub
678 3366 747 3436 typo
771 3359 956 3418 consessionis
985 3374 1104 3418 caueam

82 3446 189 3518 apemit‚
219 3443 330 3504 dicens:
374 3445 503 3522 Angelus
525 3445 643 3504 Domini
664 3447 804 3506 revelavit
824 3444 909 3520 mihi,
939 3443 1017 3519 quod
1045 3445 1103 3505 hoc

83 3541 145 3587 auno
170 3533 320 3593 moriturus
348 3530 444 3614 sim⁵).
486 3532 539 3592 Ille
571 3551 656 3610 vero,
685 3552 751 3594 cum
778 3533 834 3592 hoc
863 3534 979 3590 minime
1009 3531 1102 3591 celare

98 3709 227 3781 1llliiui
248 3731 323 3767 cum.
343 3745 373 3758 -·-
392 3717 557 3785 mmihi
583 3717 679 3772 aliud.
700 3748 731 3760 -
751 3719 784 3786 3)
801 3717 823 3770 u
841 3733 885 3770 ac.
920 3717 962 3781 lll,
979 3717 1027 3768 2⁴:
1047 3732 1102 3768 no-

140 3797 204 3836 men
229 3799 309 3838 vero
334 3784 441 3840 domus
473 3790 545 3840 sive
577 3803 742 3857 personae
769 3788 943 3840 subticuit.
978 3786 1030 3851 lll,
1057 3787 1101 3839 32.

144 3849 205 3918 vffls
228 3853 269 3904 32·
288 3884 319 3894 -
336 3855 573 3924 ⁴]B0tautum.
592 3887 623 3899 -
642 3859 673 3927 5]
691 3857 730 3912 ΟΡ
748 3874 823 3910 sum.
