2564 4306
339 245 395 308 DE
415 243 599 308 PRAEMIO
620 245 889 310 MORTUORUM.
1067 247 1132 308 359

91 365 294 432 NOVICIUS:
314 368 371 431 Dic
392 387 508 446 quaeso
524 387 600 446 quae
621 373 673 431 erit
693 370 784 448 gloria
806 385 966 446 corporum,
987 367 1035 430 v'el
1056 385 1132 446 quae

91 453 181 536 gloria
192 452 211 536 ι)
233 456 413 528 ammarum?
456 456 695 518 MONAOHUS:
719 457 875 532 Utriusque
896 456 1020 516 hominis
1040 456 1132 534 gloria

92 542 175 603 uobis
196 543 406 620 inexplicabilis
427 551 480 606 est.

445 699 680 762 CAPITULUM
700 699 780 761 LVI.

247 822 296 881 Dc
317 821 436 882 domus
458 824 617 883 electorum
639 829 707 900 post
727 824 977 882 reaumetiouun.

156 941 193 1002 In
213 945 371 1004 novissimo
394 943 449 1019 die,
471 951 505 1004 ut
526 944 594 1005 dicit
615 943 789 1022 Apostolus,
811 959 911 1016 omnes
940 957 1134 1018 resurgemus,

93 1027 145 1089 sed
159 1046 218 1089 uon
231 1047 332 1090 omnes
353 1031 568 1092 immutabimur
575 1029 606 1112 ²).
649 1031 710 1092 Soli
723 1031 806 1091 electi
827 1030 1062 1104 immutabuntur,
1082 1045 1134 1105 per

93 1113 328 1193 glorificationem
342 1120 489 1194 utriusque
511 1118 644 1178 bominis.
688 1117 787 1178 Gloria
809 1117 935 1193 corporis
957 1117 1086 1176 consistit
1105 1116 1134 1175 in

94 1208 217 1278 quatuor
238 1202 362 1279 dotibus,
382 1205 412 1264 id
435 1211 479 1264 est
498 1207 528 1264 in
549 1205 722 1280 subtilitate,
743 1204 889 1278 claritate,
909 1201 1135 1278 immortalitate,

94 1289 230 1366 agilitate.
273 1289 405 1368 Quatuor
426 1297 509 1351 erunt
532 1291 613 1352 dotes
636 1293 770 1368 corporis,
796 1298 829 1349 ut
851 1291 943 1350 omnis
966 1290 1026 1348 eius
1042 1295 1135 1348 nalu-

95 1394 127 1436 ra
147 1373 331 1453 glorificetur.
367 1377 478 1454 Corpus
501 1384 614 1438 constat
636 1395 671 1439 ex
693 1384 816 1454 quatuor
831 1375 1084 1452 complexionibus,
1104 1374 1135 1434 id

95 1468 140 1523 est
160 1461 448 1541 sanguina,‘colera‚
469 1464 649 1540 melancolia,
669 1464 801 1525 fleumata
809 1460 846 1543 ³);
876 1480 950 1539 quae
972 1479 1038 1523 cum
1060 1479 1136 1538 qua-

94 1556 161 1609 tuor
189 1550 337 1610 elementis
364 1552 548 1612 concordant
603 1552 728 1628 Sanguis
760 1549 916 1612 concordat
951 1566 1018 1609 cum
1053 1566 1137 1624 aere,

95 1634 193 1706 colera
214 1655 281 1697 cum
302 1638 384 1714 igne,
411 1638 583 1698 melancolia
612 1656 677 1698 cum
706 1644 797 1713 terra,
824 1637 928 1697 flecma
955 1653 1023 1696 cum
1050 1653 1137 1712 aqua.

94 1724 150 1783 Est
170 1723 266 1784 adhuc
287 1724 349 1784 alia
365 1724 469 1785 horum
491 1741 558 1794 cum
578 1725 722 1785 aetatibus
751 1730 781 1784 et
808 1725 985 1800 temporibus
1015 1738 1137 1783 concor-

83 1811 211 1892 dantia,
239 1827 315 1886 quae
336 1810 403 1871 huic
431 1810 495 1871 loco
517 1828 576 1871 nou
597 1818 642 1872 est
670 1813 840 1872 necessaria
891 1809 1035 1889 Quicquid
1060 1811 1137 1869 enim

96 1911 203 1974 corpus
223 1896 382 1957 humanum
396 1898 485 1958 habet
500 1898 535 1958 de
549 1916 624 1974 aere,
645 1899 777 1959 transibit
789 1900 820 1957 iu
836 1897 1036 1974 subtilitatem
1059 1895 1138 1973 quod

96 1983 134 2044 da
154 1986 230 2061 igne,
249 1986 280 2043 iu
294 1983 465 2062 claritatem3
488 1984 567 2062 quod
580 1986 617 2046 de
632 1993 716 2061 terra,
736 1987 767 2044 in
780 1984 1037 2060 immortalitatem3
1060 1981 1139 2060 quod

97 2071 135 2132 de
149 2079 235 2146 aqua,
255 2072 286 2130 in
307 2071 474 2148 agilitatem.
509 2072 556 2132 De
572 2072 617 2132 bis
639 2079 761 2149 quatuor
783 2070 899 2132 dotibus
920 2073 1057 2147 scriptum
1079 2075 1137 2134 est:

95 2157 269 2233 Fulgebuut
290 2161 370 2232 iusti,
393 2166 420 2219 el
443 2166 590 2236 wuquum
611 2161 753 2220 scintillae
766 2162 799 2218 iu
821 2159 1000 2218 arundineto
1023 2158 1138 2218 dunu-

94 2240 206 2318 sanct).
248 2244 428 2320 Fulgebunt,
451 2263 518 2306 eece
533 2247 661 2322 cladum
684 2253 713 2306 ct
730 2253 876 2321 tuaquom
898 2245 1049 2317 sctutilwe,
1070 2259 1140 2304 ecce

94 2331 250 2392 subtilitas.
284 2329 362 2392 Nihil
384 2333 516 2394 subtilius
537 2333 668 2394 scintilla
701 2333 741 2392 Iu
763 2331 943 2392 umudiueto
965 2331 1141 2404 discurrant,

95 2434 168 2480 eece
188 2416 311 2494 agilitas
353 2418 509 2480 Discursus
531 2421 688 2496 agilitatem
710 2420 850 2495 exprimit
891 2418 950 2479 Per
977 2417 1033 2478 buc
1062 2415 1141 2493 quod

93 2507 241 2582 sequitur·
263 2505 305 2564 Et
325 2506 520 2582 regnabunt
508 2526 541 2566 au
563 2515 725 2579 autunum,
748 2506 913 2582 exprimitur
933 2504 1140 2579 immortalitas,

93 2591 147 2655 vel
167 2592 389 2668 impassibilitas.
432 2593 524 2654 Dotes
545 2611 616 2654 vero
638 2595 752 2653 animae
773 2598 849 2666 suut,
870 2594 987 2668 agnitio,
1009 2591 1141 2667 dilectio,

91 2679 201 2740 fruitio.
244 2677 352 2739 Anima
372 2681 459 2740 beata
476 2681 572 2741 Deum
594 2687 747 2758 agnoscet,
776 2667 906 2756 agnitum
928 2675 1072 2759 diliget⁵,)
1094 2678 1141 2738 di-

92 2765 174 2828 lecto
196 2765 314 2826 fruetur.
348 2766 421 2828 Post
441 2771 677 2828 resurrectionem
694 2767 868 2845 generalem,
888 2768 1067 2843 septenarius
1087 2767 1142 2826 istu

93 2853 218 2916 trinitati
238 2868 425 2928 personarum
446 2856 594 2932 iungetur,
624 2861 653 2915 et
673 2853 740 2914 felix
761 2860 830 2913 tunc
851 2852 898 2913 ille
920 2853 1053 2913 denarius
1079 2851 1142 2912 ele·

61 3011 67 3026 ,
93 2940 154 3002 ctis
175 2941 364 3015 repromissus
381 2936 582 3021 perficietur‘).
625 2941 687 3000 Erit
708 2947 806 3000 tamen
827 2942 856 2999 in
878 2938 983 3016 dispari
1005 2938 1142 3014 claritate,

93 3043 153 3106 par
174 3025 321 3103 gaudium,
342 3032 375 3085 ut
396 3029 437 3086 ait
457 3026 653 3105 Augustinus3
681 3027 759 3103 quod
779 3043 839 3086 non
860 3033 905 3088 ast
926 3025 1142 3104 intelligendum

93 3113 136 3174 de
165 3112 316 3172 affectione
346 3114 490 3187 cordium,
522 3115 575 3174 sed
612 3114 649 3174 de
676 3115 764 3174 rebus
791 3112 829 3174 de
855 3114 961 3190 quibus
991 3112 1142 3190 gaudetur.

92 3199 306 3275 Unusquisque
323 3201 363 3259 ibi
384 3200 523 3278 gaudebit
536 3200 572 3261 de
594 3201 686 3279 gloria
707 3200 834 3262 alterius.
876 3199 962 3277 Quod
984 3200 1067 3260 dotes
1088 3198 1143 3260 de-

91 3289 188 3349 beant
208 3285 374 3362 inaequales
397 3304 469 3361 asse,
492 3287 559 3348 dicit
580 3287 753 3364 Apostolus:
782 3288 874 3360 usuc
894 3289 994 3364 inquit,
1014 3287 1101 3348 stellu
1122 3305 1143 3346 α

91 3373 187 3434 stada
209 3373 351 3449 diffactio
372 3376 516 3448 οὶανίῑαιε,
538 3379 582 3436 ita
597 3380 652 3435 erit
668 3383 695 3435 et
715 3379 891 3434 commeatio
912 3382 1102 3436 mortuorum
1111 3368 1143 3450 ⁷).

90 3456 303 3521 NOVICIUS.
334 3460 381 3521 De
403 3460 449 3522 die
469 3461 566 3522 iudicii
587 3461 692 3523 vellem
713 3479 791 3522 nunc
818 3457 955 3542 aliquis)
985 3460 1143 3522 certificari.

114 3609 336 3680 l)gluriuom
354 3611 458 3667 BC.-—
425 3611 630 3682 -—.2)Corl,
649 3613 694 3677 15,
709 3611 802 3668 51.-
822 3611 1083 3681 3)Bileunrate;
1107 3612 1144 3664 sic

170 3687 197 3732 et
215 3679 290 3748 paulu
308 3691 424 3749 pust
394 3683 477 3752 1)
495 3683 526 3736 Sa
529 3687 606 3752 rent
622 3651 741 3748 ’3,7.-
711 3683 794 3753 5)
811 3681 855 3736 Bu
873 3684 1073 3752 agnoscit
1096 3678 1144 3731 di-

139 3747 266 3872 lardgdrpn
272 3754 361 3874 llllii)
379 3753 467 3808 Matri
484 3701 622 3820 2⁰,p2.—-
641 3755 673 3822 7)
691 3753 794 3820 Cori
818 3753 867 3819 15,
887 3749 1143 3850 11-12--8)Β
