2622 4322
122 285 126 292 .
184 235 246 294 ma
485 228 713 296 nrsrmomo
733 232 897 312 cunnus

182 357 230 418 De
252 374 309 432 qua
331 355 493 432 dicebatur,
523 356 600 432 quod
627 374 645 416 a
674 357 800 433 quodam
828 360 889 418 viro
915 359 1061 435 genuisset
1090 357 1210 435 prolem,

183 449 213 503 et
233 443 301 520 quia
316 443 352 503 ab
376 459 411 504 eo
432 444 525 504 luerat
545 444 703 521 repudiata,
726 462 762 506 ex
786 447 915 507 tristitiae
926 445 1108 507 vehementia
1127 445 1211 507 telem

182 530 237 591 sibi
257 529 397 591 indixerat
413 537 543 592 mortem.

521 719 754 782 CAPITULUM
774 721 885 783 XLIV.

246 843 295 904 De
317 843 515 919 adolescente,
537 847 589 922 qui
609 842 816 990 oestibnsmjub
838 843 953 918 delum,
976 827 1016 905 ec¹
1033 845 1151 906 tristitia

595 948 625 990 se
645 949 714 1006 susp
772 934 803 990 it.

245 1048 323 1112 Ante
343 1050 413 1110 illud
434 1056 547 1128 tempus
569 1050 736 1111 adolescens
757 1050 874 1127 quidam
886 1050 1021 1112 Coloniae
1042 1058 1213 1113 vesteseuas

182 1135 334 1198 deluserat.
376 1138 433 1198 Pro
456 1155 513 1214 quo
534 1138 686 1198 infortunio
707 1141 749 1198 ita
769 1140 857 1198 tristis
879 1139 997 1198 effectus
1020 1145 1071 1215 est,
1091 1144 1124 1198 ut
1137 1135 1212 1196 sola·

180 1225 255 1284 rium
276 1223 378 1284 domus
400 1241 469 1284 suae
483 1221 498 1304 ¹)
521 1224 696 1299 ascenderet,
718 1231 747 1284 et
767 1224 871 1300 laqueo
892 1228 982 1285 vitam
992 1225 1094 1286 liniret.
1124 1222 1213 1284 Vides

180 1328 271 1386 mmo,
299 1328 386 1387 quam
414 1311 575 1386 periculosa
603 1314 639 1371 sit
660 1314 784 1387 tristitia,
818 1328 892 1386 quae
912 1329 971 1372 non
994 1319 1038 1372 est
1060 1309 1212 1372 seeundum

180 1397 299 1458 Deum?
341 1395 544 1458 NOVIOIUS:
568 1397 643 1474 Quid
664 1399 844 1458 sentiendum
865 1404 909 1458 est
929 1399 965 1460 de
977 1401 1128 1458 animabus
1142 1399 1212 1456 isto·

180 1483 267 1543 rum‘l
309 1483 544 1544 MONACHUS:
576 1485 607 1546 Si
639 1484 702 1550 sola
730 1487 843 1545 tristitia
864 1491 893 1546 st
906 1481 927 1565 ²)
950 1485 1127 1562 desperatio,
1156 1497 1212 1542 non

180 1570 336 1646 phrenesis,
357 1577 408 1630 aut
427 1574 530 1632 mentis
551 1571 694 1647 alienatio,
714 1573 743 1630 in
765 1589 856 1636 eausa
874 1567 975 1652 fuid),
996 1571 1076 1632 haud
1098 1571 1212 1630 dubium

181 1659 250 1733 quin
271 1657 399 1716 damnati
419 1661 485 1718 sint.
526 1659 573 1718 De
594 1659 706 1719 furiosis
728 1664 758 1718 et
777 1659 871 1733 fatuis,
891 1661 921 1718 in
943 1661 1048 1735 quibus
1069 1660 1140 1718 ratio
1157 1671 1212 1718 non

73 1798 76 1808 .
180 1746 260 1820 vivit,
281 1746 410 1822 quaestio
431 1762 490 1805 non
511 1752 556 1806 est
577 1749 645 1821 quin
667 1745 827 1820 salventur,
849 1744 1129 1822 quoeunque'modo
1149 1758 1211 1802 mo·

179 1832 295 1906 riantrrr,
316 1834 340 1891 si
361 1837 462 1892 tamen·
478 1834 556 1908 prius
577 1826 767 1913 habuerund)
785 1831 941 1893 caritatem.
983 1833 1031 1894 De
1051 1830 1211 1910 supradicto

180 1933 318 1978 converso
340 1919 457 1994 quidam
478 1922 523 1978 vir
543 1922 672 1995 sapiens,
701 1921 750 1996 qui
770 1919 852 1978 illum
872 1920 947 1980 bene
967 1923 1064 1999 novit,
1092 1935 1138 1978 me
1159 1932 1211 1976 au-

180 2003 275 2064 diente
296 2007 338 2065 sic
359 2007 413 2064 ait:
435 2005 501 2067 Non
523 2007 607 2066 credo
630 2006 709 2083 quod
729 2024 857 2082 unquam
879 2007 1004 2082 perlecta
1025 2007 1124 2067 lecerit
1144 2019 1211 2064 oon·

180 2091 332 2152 fossionem
352 2109 444 2152 suam.
486 2093 569 2154 Deus
591 2095 666 2152 enim
687 2095 778 2154 iustos
801 2099 829 2154 et
849 2095 982 2154 timentes
1014 2111 1061 2170 se,
1086 2093 1152 2152 licet
1177 2105 1211 2149 ex

181 2180 222 2238 eis
242 2177 396 2255 aliquando
419 2180 574 2260 quosdam,
594 2183 670 2240 iusto
692 2197 744 2240 suo
766 2179 886 2256 iudicio,
913 2183 1059 2257 permittat
1078 2181 1108 2238 in
1128 2190 1211 2238 sensu

179 2265 346 2341 periclitari,
371 2282 430 2325 non
458 2273 554 2328 tamen
585 2267 650 2328 illos
677 2269 745 2327 sinit
765 2273 826 2328 tam
846 2267 1000 2328 miserabili
1020 2273 1113 2328 morte
1133 2262 1211 2324 finiri

179 2353 257 2414 Ecce
278 2352 448 2430 exemplum.
974 2349 980 2359 ‘

521 2543 755 2606 CAPITULUM
775 2544 871 2606 XLV.

178 2663 228 2723 De
248 2661 423 2724 Baldecoino
444 2665 588 2725 inonacbo
610 2665 790 2750 abundeque
810 2668 842 2725 iu
861 2663 1040 2725 Bruuswieb
1061 2663 1211 2724 advocato.

243 2799 279 2860 In
300 2801 426 2862 saxonia
447 2804 562 2864 civitate
583 2803 753 2864 Bnmswich
778 2804 861 2864 miles
884 2804 1002 2880 qnidam
1029 2801 1133 2864 nobilis
1152 2799 1211 2871 fuit,

178 2891 293 2948 nomine
314 2889 513 2966 Baldewinus,
540 2889 669 2976 eiusdem
691 2893 813 2951 civitatis
833 2890 1001 2952 advocatus.
1043 2889 1103 2950 Iste
1122 2884 1210 2961 inspi-

177 2981 259 3036 rante
272 2975 337 3036 Deo
360 2977 506 3036 saeculum
529 2977 670 3052 deserens,
691 2979 720 3035 in
743 2977 829 3038 domo
852 2978 978 3054 quadam
999 2976 1105 3038 ordinis
1115 2969 1211 3044 bostri,

179 3079 254 3138 qnae
274 3061 487 3143 Relnxbusen⁶)
510 3063 626 3138 dicitur,
648 3063 779 3124 habitum
801 3068 934 3142 suscepit.
978 3065 1034 3142 Qui
1056 3067 1116 3122 toto
1138 3071 1209 3118 anno

178 3150 354 3225 probationis
388 3152 429 3210 ita
461 3151 515 3209 sibi
552 3149 659 3227 riffl'dus
700 3153 821 3228 exstitit,
861 3158 894 3211 ut
927 3157 988 3211 tam
1005 3179 1008 3186 ¹
1026 3151 1064 3212 ab
1097 3146 1217 3207 Abbate'

179 3252 266 3311 quam
287 3254 306 3296 a
326 3239 462 3316 magistro
484 3254 538 3297 suo
560 3255 647 3313 saepe
669 3245 844 3315 argueretur.
885 3237 993 3298 Factus
1013 3253 1083 3297 vero
1110 3246 1210 3293 mona-

178 3321 263 3398 chus,
284 3327 356 3382 tanti
376 3324 429 3383 fuit
449 3324 582 3399 fervoris,
602 3331 635 3384 ut
655 3342 713 3384 nou
735 3325 898 3385 sufficerent
918 3327 945 3385 ei
966 3323 1135 3395 eommunia,
1154 3320 1209 3378 imo

178 3411 265 3468 etiam
299 3411 498 3470 communibus
528 3410 733 3486 superadderet
760 3412 851 3471 multa
883 3411 1037 3488 specialia,
1072 3415 1101 3468 et
1127 3420 1209 3482 prae-

175 3503 296 3573 poneret
336 3500 457 3575 privala.
529 3497 637 3558 Ceteris
680 3499 907 3575 quiescentibus,
957 3501 1018 3576 ipse
1057 3491 1208 3564 laboravit3

196 3665 227 3734 1)
245 3680 324 3719 suae
341 3681 382 3718 om
400 3665 449 3720 BG.
469 3696 499 3706 -
519 3665 551 3734 2)
568 3665 588 3718 Β
606 3665 667 3718 vel.
686 3695 719 3706 -
737 3667 770 3735 ³)
788 3666 808 3718 P
825 3666 937 3718 luerit.
957 3695 988 3707 -
1006 3665 1039 3734 l)
1057 3663 1078 3717 0
1094 3659 1208 3714 babue-

245 3736 318 3788 rint.
337 3765 370 3774 -
394 3736 425 3802 5]
449 3735 565 3803 intelligit
582 3734 804 3804 liiddugsbausen,
826 3735 1015 3788 liittersbansen
1039 3734 1108 3786 iuxta
1123 3727 1207 3782 urbem

245 3803 452 3881 lireunscbweig.
470 3805 589 3858 Eiusdem
607 3805 722 3858 abbatiae
739 3808 892 3859 mentionem
909 3804 1050 3859 faciainus
1066 3802 1109 3870 xl,
1125 3800 1166 3854 36.
