2622 4322
128 271 204 334 ‘aar
452 265 863 348 ursumcmoounnra

145 387 290 472 Contingit
315 393 492 470 frequenter,
523 399 557 454 ut
585 394 687 470 aliquis
714 392 853 452 mundum
881 407 933 467 per
961 389 1177 455 conversionem

143 483 267 557 deserat,
288 498 342 542 nec
362 487 460 541 tamen
482 498 637 541 conversus
658 481 696 540 ab
718 481 838 539 avaritia
859 495 1013 538 corsuum
1035 477 1178 536 cohibeat
1219 505 1223 510 ·

142 569 229 628 Hune
255 571 330 628 iuste
357 567 481 627 mundus
501 570 671 644 insequitur,
698 573 727 626 et
748 565 828 626 dicit:
851 565 1003 625 Desiderio
1031 569 1108 622 erat·
1125 561 1178 622 tibi

144 657 248 716 dmnos
263 658 364 731 patrie
387 658 438 729 tui,
459 655 555 729 idest,
575 657 669 731 patria
686 652 825 727 coelestis,
847 653 1036 728 consecratos
1058 667 1087 709 cc
1108 649 1178 709 daos

143 743 244 802 meos?
265 741 311 802 Ac
333 743 357 800 si
379 740 469 800 dicat:
498 740 556 799 Gur
576 743 692 801 sectaris
714 737 885 799 avaritiam?
917 738 963 796 De
985 753 1055 796 auro
1077 743 1106 796 et
1127 753 1177 795 er-

142 834 244 906 gento,
274 827 351 908 quod
371 827 497 905 religiosi
516 830 586 887 satis
613 833 766 903 appetunt,
794 826 872 886 idola
891 825 972 884 liunt.
1020 823 1086 882 Nou
1108 837 1177 899 crgo

142 918 204 976 sine
226 933 314 975 causa
339 917 487 976 avaritiam
514 909 655 974 idolorum
677 915 843 973 servitutem
870 918 957 972 vocat
977 909 1134 986 Apostolus
1151 905 1178 988 ¹).

142 1002 267 1077 Rachel,
289 1018 364 1078 quae
383 1003 584 1077 interpretatur
603 1000 705 1060 videns
726 999 838 1075 Deum,
859 1001 954 1058 anima
975 1004 1019 1057 est
1039 996 1177 1073 religiosi,

143 1089 309 1166 quaedum
336 1088 435 1146 mundi
455 1088 540 1148 huius
563 1086 674 1147 divitias
696 1089 885 1162 concupiscit,
914 1085 996 1161 quasi
1023 1083 1102 1143 idolo
1122 1083 1177 1142 sub

142 1179 305 1236 stramentis
322 1174 472 1234 abscondit
482 1171 513 1254 ²).
557 1173 661 1234 Omnia
675 1176 750 1233 enim
764 1175 889 1248 corporis
910 1173 1080 1246 necessaria,
1102 1185 1178 1246 quae

144 1263 292 1323 monachis
320 1261 421 1337 regula
448 1260 591 1335 concedit,
623 1263 691 1336 quia
722 1259 790 1319 vilia
822 1265 903 1335 suut,
936 1263 1091 1318 stramenta
1123 1256 1179 1316 dici
1218 1248 1221 1254 ’

82 1385 86 1402 ι
143 1355 271 1426 possunt.
323 1345 526 1408 NOVIOIUS:
551 1346 645 1422 Saepe
673 1347 743 1406 ordo
764 1353 861 1405 noster
882 1364 900 1406 a
921 1344 1114 1404 saecrdaribus
1141 1341 1179 1402 dc

144 1438 264 1496 aventio
290 1434 440 1494 iudicatur.
482 1431 717 1493 MONAOHUS:
751 1433 837 1510 Quod
861 1433 902 1490 illi
929 1433 1094 1505 avaritiam,
1121 1429 1179 1489 hoc

143 1541 196 1582 uos
219 1539 281 1582 esse
304 1521 424 1582 dicimus
445 1520 663 1597 providentiam.
701 1518 809 1579 Omnes
830 1522 905 1579 euim
926 1518 1053 1592 hospites
1074 1533 1178 1592 super·

142 1610 304 1696 venientes,
337 1625 373 1668 ex
393 1607 529 1668 mandato
552 1607 668 1684 regulae
700 1613 831 1666 tenemur
852 1608 925 1665 sicut
947 1603 1090 1664 Christum
1111 1621 1179 1663 sus·

144 1697 246 1772 cipere.
290 1694 401 1771 Quibus
422 1697 446 1754 si
467 1700 620 1770 negaretur
641 1691 835 1770 hospitalitas,
864 1694 913 1768 qui
941 1691 1028 1751 modo
1050 1689 1180 1750 ordinem

143 1783 271 1842 iudicant
292 1781 328 1841 dc
350 1783 479 1856 avaritia,
499 1787 568 1840 turm
588 1781 661 1841 forte
682 1780 805 1856 amphus
826 1778 950 1839 eundem
963 1777 1122 1838 iudicarent
1141 1775 1180 1836 de
1218 1823 1220 1827 .

142 1872 288 1946 impietate
317 1875 347 1929 et
372 1867 612 1928 immisericordia.
654 1868 733 1927 Pene
761 1865 840 1926 nulla
867 1865 971 1928 domus
993 1870 1037 1924 est
1058 1863 1180 1939 ordinis,

144 1974 219 2034 quae
246 1972 305 2016 nou
326 1957 363 2016 sit
384 1955 511 2032 obligata
533 1954 650 2029 debitis,
678 1959 740 2012 tum
768 1959 885 2031 propter
903 1951 1032 2028 hospites
1054 1956 1083 2010 et
1103 1967 1181 2028 pau-

144 2060 242 2120 peres,
274 2049 336 2102 tum
356 2047 473 2118 propter
495 2058 560 2116 cos,
592 2043 641 2117 qui
662 2039 788 2116 quotidie
810 2044 1028 2112 convertuntur,
1061 2044 1090 2097 et
1117 2039 1180 2098 sine

57 2168 60 2174 -
145 2129 280 2192 scandalo
301 2129 400 2205 repelli
419 2141 482 2208 uon,
499 2134 629 2203 possunt
671 2126 712 2187 Ut
732 2130 808 2186 enim
829 2127 1039 2202 dispensatores
1066 2131 1181 2184 nostros

64 2276 67 2286 ,
145 2233 295 2292 excusem,
322 2233 381 2276 uon
403 2214 438 2274 de
460 2220 537 2289 toto,
565 2213 617 2274 sed
639 2213 675 2273 dc
702 2219 797 2290 tanto,
826 2229 912 2289 saepe
933 2212 989 2272 hac
1002 2212 1181 2272 ‘necessitate

147 2309 260 2380 oportet
279 2302 343 2362 illos
371 2302 462 2362 velint
477 2301 577 2360 'nolint
597 2317 692 2361 avere.
735 2299 850 2376 Quanta
869 2315 964 2375 poena
985 2299 1086 2357 vitium
1107 2315 1181 2358 ava·

145 2393 226 2450 ritiae
246 2392 276 2449 in
297 2391 442 2464 praesenti
464 2389 524 2447 sive
546 2390 575 2446 in
596 2387 690 2453 futuro
712 2387 868 2462 plectatur,
892 2385 940 2444 vel
961 2391 1070 2462 quanta
1089 2385 1182 2462 gloria

145 2483 174 2536 et
186 2478 279 2536 fructu
294 2476 456 2536 divitiarum
469 2480 630 2534 contemtus
643 2477 673 2532 in
684 2476 827 2550 praesenti
845 2475 931 2532 etiam
939 2468 959 2553 ³)
978 2477 1182 2548 remuneretur,

146 2562 318 2638 quibusdam
346 2563 397 2622 tibi
426 2561 576 2632 ostendam
604 2561 750 2638 exemplis.
792 2561 902 2638 Magna
930 2561 983 2618 erit
1009 2561 1070 2620 eius
1090 2558 1182 2636 gloria

145 2653 174 2708 in
195 2650 299 2710 lutum.
582 2656 583 2668 ¹
991 2697 994 2705 .

470 2852 707 2915 CAPITULUM‘
723 2853 833 2914 LVIH.

183 2980 231 3038 De
254 2977 394 3039 caesano
415 2979 515 3051 milite,
537 2979 589 3054 qui
611 2977 759 3036 cononicis
780 2973 988 3034 Bonnensibus
1010 2973 1139 3040 deditam

241 3089 251 3108 ·
323 3068 484 3141 pecuniam
504 3066 638 3139 negavit,
661 3069 689 3122 ct
710 3080 842 3138 precone
862 3062 997 3138 perdidit.

208 3218 295 3278 Miles
317 3218 433 3294 quidam
456 3216 605 3277 Caesarius
626 3219 756 3292 nomine,
779 3216 814 3277 de
835 3213 993 3297 proximat)
1015 3215 1083 3278 villu
1095 3215 1183 3278 Win-

147 3315 206 3367 tere
228 3304 378 3379 oriundus,
401 3305 516 3364 fratrem
540 3304 642 3365 habuit
659 3304 802 3376 carnalem
822 3306 935 3382 nomine
955 3303 1182 3380 Hirminoldum,

145 3394 306 3452 Bonnensis
334 3391 470 3451 ecelesiae
496 3391 656 3452 Decanum.
698 3391 757 3451 Iste
787 3391 879 3450 eidem
908 3390 1042 3450 Caesario
1063 3408 1183 3452 accom-

144 3479 312 3539 modaverat
326 3478 361 3552 de
375 3480 498 3553 pecunia
523 3477 660 3539 ecclesiae
680 3485 750 3537 suae
763 3480 864 3554 uiginti
877 3495 989 3537 mareas
1005 3476 1183 3538 coloniensis

146 3572 287 3626 monetae.
337 3565 452 3626 Mortuo
481 3565 618 3642 Decano,
653 3564 838 3652 Praepositus
864 3571 893 3624 et
920 3565 1020 3625 trahes
1047 3565 1182 3641 militem,

164 3769 194 3838 l)
212 3766 308 3820 Golors.
327 3769 353 3832 3,
371 3769 395 3820 5.
415 3797 446 3808 -
470 3768 502 3836 2]
520 3768 611 3820 Genea.
630 3768 677 3832 31,
696 3767 738 3821 34.
757 3797 788 3808 -
813 3766 846 3835 3)
863 3766 884 3822 G
908 3769 1005 3820 etiam
1032 3769 1064 3820 in
1089 3782 1183 3835 prac-

214 3840 309 3892 scuti.
329 3868 360 3881 ·-
379 3838 411 3907 4)
428 3839 574 3906 proximo
591 3853 633 3890 om
649 3837 686 3902 ὓς
704 3837 780 3906 paulo
797 3845 856 3906 post
872 3836 892 3892 (l
909 3836 1092 3892 Ruchmore.
