2538 4314
93 221 96 226 ⁵
161 271 221 333 152
476 268 705 332 orsvnvovro
724 269 872 332 murm

160 394 238 454 dium
258 410 361 468 nosse,
384 398 413 453 et
434 395 638 470 cogitationum
659 401 770 454 secreta
790 394 932 469 revelare,
955 410 1042 470 quam
1063 397 1200 454 mortuos

159 483 305 541 suscitare.
347 478 582 552 MONAOHUS:
603 471 715 541 Verum
737 481 852 557 quidem
874 481 952 555 dicis,
974 483 1041 557 quia
1062 481 1199 540 scirein·
1252 495 1257 504 “

159 570 263 627 teriora
283 567 420 644 hominis,
448 567 536 626 solius
564 568 621 626 Dei
643 574 694 626 est.
737 567 821 628 Unde
842 567 1015 643 Apostolus:
1038 568 1110 644 Quia
1140 570 1200 627 cett

159 655 326 728 bovianum,
357 673 434 730 quac
454 661 526 714 suut
546 655 685 727 boustnts,
717 659 774 713 ctat
800 658 920 730 spirtius
941 656 1066 723 bominis
1088 657 1141 730 qut
1163 657 1200 712 irc

158 744 223 818 ipso
245 737 340 820 est¹)P
382 740 467 802 Solus
488 741 535 800 hic
556 740 714 800 excluditur
734 743 849 816 spiritus
871 741 993 816 divinus,
1015 743 1063 816 qui
1083 741 1199 816 ubique

114 839 119 844 ’
155 835 205 911 ρει
226 834 255 886 et
274 827 374 903 implet
395 829 505 902 omnia,
533 834 561 886 et
590 830 636 886 cui
662 829 725 902 ipse
746 827 869 887 voluerit
889 827 1016 887 revelare
1028 823 1058 907 ²).
1100 827 1199 886 Tem·

157 931 229 991 pore
249 914 297 973 illo
319 930 376 989 quo
399 913 528 973 dominus
551 913 708 988 Comedus,
728 931 805 974 nunc
824 915 987 1000 Episcopus
998 915 1167 973 Portuensis
1174 909 1199 994 ³)

161 1001 332 1076 Cardinalis,
353 1003 482 1061 novicius
503 1001 556 1059 ituit
575 1003 605 1058 in
625 1000 749 1076 Vilario,
772 1004 888 1078 contigit
909 1001 1025 1060 fratrem
1045 1000 1200 1061 Simonem

161 1085 254 1168 cumi)
276 1087 406 1149 Waltero
419 1097 421 1102 ’
434 1087 598 1162 monacho,¹
623 1104 699 1146 nunc
726 1087 844 1147 Abbate
872 1087 1039 1162 Vilan'ensi,
1071 1093 1100 1146 et
1129 1086 1200 1146 aliis

160 1174 331 1251 quibusdam
352 1175 498 1234 monachis
519 1179 606 1249 atque
628 1177 773 1234 conversis
794 1175 898 1234 ordinis
919 1177 1009 1234 nostri
1025 1173 1201 1250 inquadam

160 1255 281 1322 ecclesia
301 1261 440 1320 saeculari
460 1263 578 1320 missam
599 1260 705 1320 audire.
747 1261 826 1320 Inira
848 1278 987 1320 canonem
1015 1277 1083 1321 vero
1113 1263 1201 1320 cius-

161 1347 226 1408 dem
247 1350 367 1422 missae‚
398 1347 470 1406 vidit
497 1347 575 1405 idem
602 1347 701 1406 Simon
734 1349 863 1423 spiritum
883 1350 942 1407 iam
964 1347 1031 1418 dicti
1047 1347 1202 1424 conradi,

160 1445 277 1510 corpore
298 1436 367 1493 satis
388 1451 407 1494 a
427 1451 458 1493 se
479 1435 589 1508 remoti,
611 1450 708 1492 coram
729 1451 760 1492 se
782 1440 867 1509 stare,
889 1440 917 1494 et
928 1451 1064 1494 coronam
1074 1451 1203 1494 auream

159 1524 188 1579 in
200 1524 423 1597 capitegestare.
455 1520 536 1579 Vidit
557 1525 586 1579 et
607 1522 793 1596 cogitationes
816 1520 909 1580 cordis
932 1524 1001 1595 eius,
1022 1527 1111 1598 atque
1125 1538 1203 1582 ora-

159 1610 250 1668 tiones
259 1604 295 1688 ⁵),
316 1609 346 1665 in
368 1607 471 1683 quibus
491 1613 560 1666 tunc
581 1609 750 1666 versabatur
770 1609 800 1665 in
820 1607 937 1668 Vilario.
980 1609 1074 1668 Finita
1094 1610 1204 1685 missa,

159 1701 267 1754 secrete
288 1694 401 1753 locutus
423 1684 494 1774 est⁶)
516 1692 662 1768 Waltero,
684 1693 793 1754 dicens:
824 1693 897 1753 Cum
918 1693 1043 1755 videritis
1063 1711 1205 1756 nonnum

46 1819 48 1824 ·
160 1781 323 1841 conradum
348 1783 493 1840 novicium
512 1780 717 1856 Vilan'ensem,
750 1780 834 1840 dicite
856 1783 896 1856 ei,
925 1787 958 1841 ut
990 1787 1092 1841 caveat
1122 1782 1204 1859 sibi,

160 1871 227 1945 quia
257 1867 420 1927 huiusmodi
448 1870 618 1926 tentationes
638 1869 762 1942 patietur
788 1867 845 1926 hoc
873 1885 957 1928 anno.
1000 1867 1086 1928 Tales
1117 1871 1205 1931 enim

159 1957 354 2032 cogitationes,
374 1954 505 2029 talesque
527 1942 668 2014 orationes
688 1957 747 2013 iam
767 1954 869 2013 habuit
888 1957 919 2013 in
939 1956 1035 2029 missa,
1057 1961 1086 2014 et
1095 1957 1206 2016 sciatis

159 2044 227 2118 quia
247 2060 353 2118 magna
373 2059 496 2117 persona
518 2043 571 2120 erit
591 2043 620 2098 in
641 2039 748 2100 ordine·
789 2041 897 2100 Postea
919 2058 985 2101 cum
1008 2041 1085 2100 idem
1107 2041 1206 2102 Wal-

157 2136 235 2188 terus
256 2128 375 2187 vidisset
389 2130 542 2202 novicium,
565 2129 658 2202 coepit
678 2144 730 2204 per
751 2128 888 2205 ambages
908 2128 990 2187 illum
1009 2131 1207 2207 interrogare,

159 2209 235 2291 quid
248 2215 320 2274 inira
340 2217 442 2274 missas
463 2214 568 2274 soleret
588 2231 677 2289 orare,
698 2213 804 2290 quidve
827 2217 960 2290 cogitare.
988 2215 1208 2291 Respondente

158 2302 215 2377 illo,
238 2305 279 2361 sic
301 2304 391 2378 etsie
414 2318 493 2361 orare
517 2303 666 2376 consuevi3
688 2301 804 2360 adiecit:
826 2301 910 2377 Rogo
934 2303 1027 2376 etiam,
1048 2308 1080 2360 ut
1092 2301 1208 2364 dicatis

158 2387 241 2463 mihi,
269 2405 343 2464 quae
371 2388 455 2447 fuerit
482 2390 587 2463 oratio,
627 2387 756 2463 qualisve
785 2390 918 2464 cogitatio
946 2394 1043 2447 vestra
1071 2387 1118 2448 die
1149 2390 1209 2451 illa
1267 2429 1268 2442 η

158 2476 310 2535 Dominica
330 2475 402 2534 infra
422 2477 549 2534 missam.
593 2471 647 2532 Cui
669 2491 734 2534 eum
756 2473 862 2534 diceret
882 2477 1012 2535 novicius
1023 2493 1036 2533 :1
1054 2474 1113 2534 Our
1133 2481 1209 2538 tam

159 2560 308 2639 diligenter
327 2561 561 2638 investigatis'de
584 2562 802 2637 cogitationibus
823 2560 917 2620 meis?
943 2561 1103 2637 respondit:
1138 2559 1209 2623 Di-

160 2650 214 2707 oite
235 2649 312 2724 mihi,
334 2648 411 2724 quod
433 2665 548 2723 quaero,
571 2654 600 2706 et
621 2664 674 2724 ego
696 2648 780 2707 vobis
797 2654 900 2724 postea
912 2665 1030 2707 causam
1041 2665 1209 2724 exponam.
1267 2719 1268 2722 Ἴ

158 2735 241 2796 Tunc
263 2738 385 2794 recitans
398 2731 418 2815 ⁷)
441 2737 467 2793 ei
487 2736 617 2794 novicius
638 2752 689 2810 per
710 2734 847 2810 ordinem,
869 2735 938 2810 quid
960 2739 1090 2810 oraverit,
1112 2737 1169 2796 vel
1182 2736 1209 2820 θ)
1267 2813 1268 2816 ¹

107 2845 110 2852 ¹
160 2823 327 2898 cogitaverit
346 2822 419 2880 infra
439 2823 556 2880 missam
576 2819 663 2895 iilam,
688 2824 718 2880 in
739 2839 876 2898 magnum
898 2839 964 2882 eum
984 2824 1069 2881 vertit
1090 2827 1209 2900 stupo-

159 2925 235 2983 rem,
267 2911 337 2985 quia
363 2910 466 2968 necin
488 2925 545 2967 uno
566 2908 656 2968 verbo
679 2907 851 2982 discrepavit
872 2926 890 2967 a
911 2910 1007 2968 verbis
1028 2909 1123 2968 fratris
1152 2911 1209 2971 Si-

159 2998 261 3055 monis.
302 2995 373 3054 Mox
395 2997 421 3054 ei
441 2997 596 3068 insinuans,
618 2994 686 3071 quid
708 2994 743 3053 de
764 2994 812 3054 iilo
835 2995 950 3071 viderit,
972 2995 1055 3054 simul
1077 3001 1107 3055 et
1129 3014 1209 3058 mo-

160 3081 229 3141 dum
249 3084 422 3157 tentationis,
443 3084 560 3156 monuit,
580 3087 614 3139 ut
635 3087 736 3141 cautus
759 3087 848 3156 esset,
870 3099 906 3142 ne
928 3083 999 3142 forte
1020 3082 1074 3142 sub
1097 3089 1209 3158 specie

159 3170 228 3228 boni
248 3186 267 3227 a
288 3167 403 3228 diabolo
426 3167 610 3247 deciperetur.
652 3167 728 3226 Mira
748 3185 803 3227 res.
848 3167 920 3228 Cum
949 3169 1018 3228 satis
1038 3168 1117 3228 idern
1141 3189 1209 3233 no·
1267 3245 1268 3248 Ἴ

159 3257 250 3320 victus
271 3255 441 3330 admonitus,
463 3257 589 3330 satisque
609 3257 803 3331 praemunitus
826 3261 909 3330 esset,
930 3272 988 3315 non
1009 3261 1107 3315 tamen
1122 3273 1208 3322 eva·
1267 3271 1268 3284 ¹

159 3342 225 3402 dere
246 3344 339 3419 potuit
359 3345 546 3418 tentationem
567 3341 758 3418 praedictam,
790 3343 859 3418 quin
886 3344 956 3402 satis
987 3343 1024 3403 ab
1046 3342 1096 3404 illa
1118 3362 1207 3409 anno
1267 3361 1268 3408 t

176 3563 207 3632 1)
224 3526 282 3615 cor.
300 3561 320 3626 1,
336 3559 363 3626 a,
381 3561 422 3624 11,
436 3591 467 3601 -
486 3561 518 3628 a)
536 3561 623 3612 Mutth.
643 3561 685 3625 11,
702 3563 744 3614 ar.
755 3593 787 3601 -
806 3562 837 3630 a)
857 3562 946 3615 rosus
963 3563 1099 3630 romanus,
1116 3566 1206 3636 vargo

226 3631 341 3695 Porto,
363 3631 423 3682 urbs
441 3638 481 3683 est
498 3629 584 3682 ltaliae
602 3629 634 3681 ad
652 3631 774 3683 Tiberidis
792 3635 883 3684 ostium
906 3634 961 3685 situ.
989 3661 1019 3672 -
1041 3633 1074 3700 4)
1100 3632 1122 3686 G
1149 3637 1206 3689 add
1267 3653 1268 3664 ¹

225 3715 340 3753 nonno.
359 3729 389 3740 -
418 3700 450 3766 5)
468 3708 565 3767 utque
588 3703 753 3754 orationes
772 3718 813 3754 om
831 3702 861 3753 D.
881 3731 911 3741 —
940 3701 1075 3770 6)cadd
1094 3702 1206 3761 domi·

195 3823 201 3832 ,
225 3768 507 3836 no;pau10postBD
525 3768 690 3824 domiuum.
710 3801 740 3812 -
759 3771 791 3841 7)
809 3770 829 3825 G
845 3773 1018 3838 recitavit,
1034 3780 1061 3825 et
1077 3772 1151 3828 inira
1170 3787 1205 3831 et
1267 3819 1268 3842 ,

225 3840 266 3894 tn.
286 3867 317 3881 -
335 3839 368 3908 8)
385 3837 426 3892 OD
444 3837 496 3892 vel
514 3837 599 3910 quid.
