2642 4330
475 305 529 368 DE
549 305 826 376 DAEMONOEUS,
1101 309 1159 368 281

124 439 157 492 et
172 429 354 491 exsecrabilis
371 430 444 489 leret
463 429 512 490 illa
533 429 688 508 disciplina,
709 433 801 507 magis
815 429 955 506 exemplo,
977 447 1064 506 quam
1075 433 1163 491 verbo

90 563 100 588 .
125 516 268 593 ostendit3
296 524 326 577 et
347 536 367 577 a
386 517 451 577 loco
472 517 623 590 recedens,
655 520 684 576 in
706 518 832 593 quodem
855 517 959 576 ordinis
987 520 1076 576 nostri
1097 533 1163 576 mo·

121 606 250 665 nasterio
263 604 438 665 monachum
458 622 490 664 se
510 605 585 664 iecit
617 603 820 664 NOVIGIUS:
841 603 989 664 Recordor
1007 621 1084 664 nune
1096 603 1163 664 illo·

123 709 193 750 rum
221 691 355 766 duomrn,
384 693 494 750 iuvenis
521 691 667 766 videlicet,
696 694 745 766 qui
771 691 849 767 apud
877 691 1011 750 Toletum
1038 689 1164 750 defuncti

122 780 198 838 socii
218 777 412 850 admonitione
435 795 589 838 conversus
615 785 671 852 est,
701 784 731 836 et
751 778 868 837 alterius
890 777 997 852 clerici,
1027 780 1072 837 eui
1100 779 1164 837 visa

122 881 221 941 poena
241 865 410 941 Lantgravii
432 867 624 930 conversionis
647 881 734 923 causa
754 864 820 938 luit,
847 866 921 923 sicut
942 864 1049 923 dictum
1070 865 1164 923 estin

122 952 305 1011 distinctione
325 953 418 1027 prima
446 951 570 1027 capitulo
603 953 746 1010 tricesimo
777 953 859 1010 tertio
881 956 910 1010 et
931 950 1055 1026 capitulo
1077 952 1164 1010 uice-

122 1039 197 1097 simo
211 1045 324 1114 quarto.
357 1035 593 1098 MONAOHUS:
617 1036 764 1097 Conradus
786 1053 873 1096 senex
890 1037 1048 1097 monachus
1067 1042 1164 1097 noster

122 1125 220 1184 retulit
240 1125 319 1200 mihi,
340 1141 372 1184 se
393 1131 460 1184 ante
475 1126 691 1185 conversionem
704 1130 789 1184 nocte
804 1123 928 1200 quadam
949 1127 978 1182 in
999 1123 1164 1200 plenilunio,

122 1211 338 1271 demonstrante
365 1212 419 1270 sibi
447 1211 573 1286 quodem
602 1211 704 1270 elerico
733 1213 956 1286 nigromantico,
987 1213 1017 1269 in
1046 1210 1164 1270 diversis
1233 1247 1240 1270 .

122 1299 221 1358 formis
244 1297 399 1358 daemones
420 1297 535 1357 vidisse.
577 1296 662 1358 Unde
692 1297 811 1356 dubium
832 1313 890 1356 non
912 1304 970 1373 est,
1002 1298 1070 1374 quin
1092 1299 1164 1370 sint,

123 1387 174 1462 qui
194 1387 237 1444 sic
259 1386 297 1444 ab
312 1384 475 1444 hominibus
496 1384 595 1459 videri,
617 1383 708 1444 audiri
730 1390 759 1444 ot
775 1383 791 1464 Ι)
814 1385 909 1443 sentiri
929 1381 1059 1460 possunt.
1091 1381 1164 1443 NO-

122 1470 275 1531 VIOIUS:
297 1470 379 1531 Licet
401 1474 471 1531 satis
487 1471 558 1529 mihi
570 1472 723 1546 probatum
745 1473 789 1546 sit,
811 1470 965 1531 daemones
979 1471 1051 1546 e'sse,
1071 1472 1164 1547 magis

122 1565 222 1618 tamen
245 1557 405 1617 delectarer
427 1558 529 1617 dehis
550 1559 712 1617 testimonia
724 1557 929 1634 religiosorum,
951 1575 1039 1633 quam
1059 1575 1164 1618 saecu-

121 1645 226 1704 larium
247 1643 356 1703 audire.
389 1643 623 1704 MONACHUS:
645 1643 730 1720 Quod
743 1643 899 1705 daemones
916 1647 980 1719 sint,
1003 1650 1032 1703 et
1043 1641 1064 1724 ²)
1082 1643 1164 1703 multi

121 1733 188 1806 sint,
209 1748 269 1790 non
291 1730 394 1806 dubiis,
415 1731 467 1791 sed
479 1733 641 1806 verissimis,
662 1748 720 1790 non
736 1730 933 1806 saecularium,
955 1731 1006 1790 sed
1024 1730 1164 1792 claustra-

120 1817 194 1878 lium
225 1833 413 1894 personarum
444 1818 496 1877 tibi
524 1817 674 1878 ostendam
706 1816 858 1894 exemplis,
890 1817 926 1877 de
959 1818 1063 1893 quibus
1094 1815 1165 1876 nihil

122 1907 240 1965 omnino
263 1903 416 1964 dubitabis.

477 2079 709 2156 osrmmum
732 2091 810 2176 vm)

198 2201 246 2260 Dc
268 2200 446 2260 Hermanno
467 2199 582 2260 Abbate
602 2199 677 2260 Loci
697 2207 818 2260 sanctae
839 2199 966 2272 Mariae,
989 2204 1041 2276 qui
1062 2203 1094 2258 irs

379 2287 499 2346 dioecete
529 2288 636 2363 formis
659 2287 814 2347 decisiones
835 2287 916 2347 cidit.

190 2409 335 2470 Dominus
361 2407 544 2468 Hermannus
575 2425 652 2467 nunc
672 2408 783 2468 Abbas
796 2407 868 2468 Loci
896 2413 1013 2468 sanctae
1040 2407 1165 2482 Mariae,

124 2503 252 2573 quantae
275 2497 313 2554 sit
333 2496 377 2554 vir
397 2495 597 2572 religiositatis,
619 2500 781 2570 quantaeve
801 2496 964 2571 gravitatis,
990 2496 1065 2554 bene
1081 2498 1165 2554 nosti.

123 2583 185 2644 Isto
215 2589 284 2642 ante
314 2584 529 2643 conversionem
558 2582 696 2641 ecclesiae
717 2582 878 2641 Bonnensis
907 2589 976 2661 eret,
996 2584 1165 2656 canonicus,

124 2673 169 2730 vir
190 2669 296 2729 nobilis
318 2667 404 2728 etde
425 2669 484 2728 alto
506 2671 646 2744 sanguine
665 2675 759 2728 natus.
790 2668 899 2728 Factum
920 2685 989 2728 vero
1006 2669 1166 2729 monachus

124 2745 408 2830 rn‘Hcmmcnrode,
436 2773 494 2815 non
516 2755 607 2814 multo
636 2762 702 2831 post
724 2772 790 2814 cum
812 2757 987 2814 emitteretur
1007 2762 1166 2816 conventus

125 2850 224 2903 noster
246 2843 282 2903 de
304 2841 407 2902 eodem
435 2842 569 2929 claustro,
589 2843 697 2918 primus
720 2840 860 2902 eiAbbas
883 2841 1075 2917 efficitur,et
1046 2849 1167 2919 epost

126 2947 219 2991 annos
240 2945 352 3006 paucos
373 2929 456 2996 nobis
469 2919 502 3008 ³)
512 2946 587 3004 per
577 2926 745 2988 electionem
758 2928 881 3003 ablatus,
903 2929 1046 2988 eidemin
1059 2927 1165 2989 Abba·

125 3024 185 3076 tem
206 3022 357 3093 promotus
377 3018 541 3080 restituitur.
584 3015 654 3074 Erat
681 3021 749 3076 tunc
775 3017 910 3091 temporis
931 3016 988 3075 illie
1010 3032 1166 3076 censemus
1193 3025 1194 3028 ’

127 3103 258 3180 quidam,
280 3103 421 3162 Henricus
442 3105 565 3176 nomine,
585 3104 723 3178 magister
749 3097 897 3161 cuiusdam
919 3104 1070 3179 grangiae,
1091 3119 1166 3178 quac

125 3190 202 3250 Hart
223 3194 354 3264 vocatur,
375 3192 420 3248 vir
441 3190 534 3248 bonus
556 3195 585 3248 et
606 3191 706 3264 iustus,
727 3194 856 3248 maturus
877 3195 981 3264 aetate,
1002 3196 1031 3250 et
1047 3206 1166 3266 corpore

126 3279 217 3354 virgo.
261 3275 391 3336 Istet
349 3283 422 3337 mter
450 3276 560 3350 reliqua
587 3274 678 3351 dona,
710 3292 785 3351 quae
812 3283 964 3351 acceperat
984 3293 1003 3335 a
1023 3277 1165 3351 Domino,

126 3381 215 3441 saepe
236 3365 382 3422 nocturnis
404 3363 496 3437 horis,
524 3364 554 3420 in
575 3361 662 3422 choro
684 3357 858 3441 mammet),
879 3365 908 3420 in
930 3363 1049 3423 diversis
1069 3363 1166 3422 formis

126 3450 284 3510 daemones
313 3445 470 3510 discurrere
482 3447 502 3528 ⁵)
532 3448 611 3507 vidit
652 3449 735 3510 Haec
765 3467 831 3508 cum
858 3451 888 3508 in
911 3450 1087 3509 consessione
1108 3453 1166 3510 iam

126 3537 206 3597 dicto
227 3535 372 3596 retulisset
391 3535 573 3611 Hermanno,
604 3535 678 3594 illius
709 3535 839 3612 exemplo
867 3534 983 3595 videndi
1012 3537 1165 3598 daemones

147 3669 289 3736 lJetom
306 3665 406 3720 BC.-
425 3667 597 3736 2)Bquod
624 3667 815 3732 doemones,
841 3678 872 3721 et
897 3668 996 3737 quod,
1021 3667 1165 3738 Cunod

200 3737 373 3790 daemones
400 3739 478 3803 srnt
506 3739 650 3806 quod.-
674 3737 1165 3806 11*)Ηοιιιί1.1.ρ.101--104.--3)

200 3806 293 3858 nobis
311 3805 360 3857 edd
379 3807 469 3860 Bo·
488 3808 520 3874 4)
539 3807 578 3862 BC
596 3823 695 3874 ssepc
712 3809 744 3860 in
762 3755 884 3872 choro,p
887 3809 1056 3864 nocturnis
1073 3797 1165 3860 horis

201 3877 393 3928 ιιιιιιίιιιο.-
414 3877 446 3945 5)
463 3875 527 3928 ADP
544 3894 691 3942 currere
709 3878 784 3946 paulo
801 3877 986 3946 postGHoc
