2538 4314
133 287 138 292 .
159 227 198 286 82
221 290 223 301 ,
457 223 685 289 DISTINGTIO
699 225 885 290 SECUNDA

159 345 225 406 tur?
268 345 504 428 MONACHUS:
526 349 604 410 Audi
626 349 662 410 de
683 349 740 412 hoo
761 368 819 412 nou
840 367 944 427 meam,
964 349 1016 412 aad
1037 349 1118 414 beau
1131 349 1200 416 Au-

158 436 264 510 gustini
284 439 468 514 sententiam3
490 440 532 498 ait
552 439 629 500 cuim
649 440 705 498 sio:

508 616 741 690 CAPITULUM
761 627 849 688 XIII.
880 621 888 640 ⁶

292 766 374 864 Quid
393 769 579 843 Auoustiaus
600 771 709 832 senuas
731 768 766 828 da
787 787 855 828 saro
870 771 1064 846 poenitentia.

223 904 254 964 Si
283 907 347 980 quis
374 908 485 981 positus
512 909 542 965 in
570 907 671 966 ultima
696 909 882 986 necessitate,
914 907 1038 967 voluerit
1066 909 1199 982 accipere

158 993 377 1067 poenitentiam,
399 1000 428 1052 et
449 996 567 1070 accipit,
590 999 619 1052 et
639 1012 706 1053 mox
728 995 942 1069 reconciliatur,
970 1000 999 1054 et
1020 995 1088 1055 hino
1109 989 1197 1069 vadit,

157 1078 248 1138 lateor
266 1081 358 1155 vobis,
379 1097 437 1139 uon
457 1080 498 1140 illi
518 1098 657 1157 negamus
681 1081 759 1157 quod
779 1084 859 1158 petit,
881 1080 932 1141 sed
953 1098 1012 1140 non
1032 1083 1197 1158 praesumi-

158 1183 223 1224 mus
244 1169 312 1242 quia
333 1167 406 1226 bene
427 1167 493 1226 hino
516 1171 581 1226 exit.
625 1167 656 1227 Si
668 1185 785 1227 securus
807 1169 876 1226 bino
891 1171 1076 1246 exierit'ego
1090 1171 1197 1228 nescio.

158 1253 367 1315 Paenitentiam
389 1254 456 1313 dare
477 1271 639 1330 possumus,
660 1257 843 1315 securitatem
863 1273 932 1314 vero
954 1273 1020 1316 non.
1049 1255 1197 1331 Numquid

137 1338 236 1414 dieo,
259 1339 461 1399 damnabitur?
504 1340 562 1401 Sed
584 1358 638 1401 neo
660 1341 740 1416 dico,
760 1343 926 1402 liberabitur
942 1341 968 1423 ¹).
1010 1343 1066 1402 Vis
1089 1360 1157 1419 ergo
1179 1361 1197 1400 a

158 1426 246 1486 dubio
275 1426 410 1486 liberari?
453 1425 518 1504 Ago
546 1431 767 1504 poenitentiam,
796 1429 865 1488 dum
894 1447 980 1489 sanus
1006 1429 1051 1489 es.
1095 1425 1127 1489 Si
1156 1431 1195 1488 sic

158 1509 228 1590 agis,
250 1513 313 1572 dico
326 1515 378 1573 tibi
400 1516 468 1590 quia
489 1532 669 1590 sermnem,
691 1519 759 1592 quia
772 1519 974 1592 poenitentiam
988 1519 1090 1594 egisti,r
1104 1534 1196 1592 quun-

158 1599 195 1660 do
216 1617 337 1676 peccare
358 1601 485 1676 potuisti.
527 1601 558 1662 Si
579 1605 624 1662 vis
645 1619 731 1680 agere
751 1605 971 1679 poenitentiam,
999 1597 1117 1679 quando
1137 1605 1195 1662 iam

157 1705 276 1762 peccare
297 1705 355 1747 nou
377 1694 468 1764 potes,
489 1695 609 1764 peccata
630 1696 659 1748 te
681 1690 855 1765 dimisenmt,
875 1707 934 1749 non
955 1698 986 1750 tu
1008 1691 1067 1750 illa.
1086 1697 1089 1758 ἲ
1106 1690 1194 1750 Item:

157 1775 242 1834 Duae
263 1791 308 1835 res
330 1781 411 1836 sunt:
434 1782 485 1852 aut
504 1778 660 1853 ignoscitur
680 1777 741 1852 tibi,
763 1784 892 1836 autnon
912 1779 1089 1855 ignoscitur·
1111 1775 1194 1853 Quod

158 1861 260 1920 bomm
280 1863 333 1921 tibi
354 1865 391 1921 sit
411 1863 553 1939 futurum,
584 1867 689 1924 nescio.
731 1863 810 1941 Ergo
838 1870 905 1946 tene
933 1872 1060 1940 certum,
1087 1864 1194 1925 dimitte

157 1951 294 2009 incertum
306 1946 336 2031 ²).

508 2105 742 2168 CAPITULUM
763 2107 849 2168 XIV.

190 2250 238 2308 Dc
258 2249 390 2308 Hcaaioo
412 2264 560 2320 converse,
582 2250 635 2322 qai
650 2254 808 2322 peccatum
829 2247 985 2308 distulerat
1006 2266 1103 2326 usqua
1124 2247 1165 2306 od

609 2341 743 2396 mortun

222 2472 327 2532 Dicam
347 2471 400 2532 tibi
421 2468 523 2554 quid⁸)
553 2479 619 2532 aute
648 2489 757 2548 paucos
785 2488 877 2532 annos
906 2473 1025 2549 contigit
1050 2475 1080 2531 in
1109 2471 1191 2530 domo
1260 2495 1261 2500 ¹

157 2567 263 2620 nostra
306 2559 469 2619 Conversus
491 2560 608 2640 quidam
629 2559 772 2620 Henricus
793 2561 916 2634 nomine,
937 2559 1026 2618 homo
1048 2576 1142 2633 senex,
1164 2563 1191 2615 et

124 2646 315 2714 'secundum
345 2648 505 2724 ingressum
535 2649 613 2724 prior
641 2649 767 2706 omnium
796 2663 1010 2720 conversorum,
1042 2651 1189 2722 peccatum

157 2733 304 2810 quoddam
332 2737 527 2809 commiserat,
556 2732 633 2810 quod
661 2751 809 2810 nunquam
829 2732 952 2808 Abbati,
972 2749 1068 2809 neque
1089 2731 1189 2804 Priori,

157 2839 250 2897 neque
271 2822 357 2881 alicui
366 2819 389 2902 ⁴)
419 2823 566 2880 consessus
594 2822 695 2880 luerat.
737 2821 859 2896 Saepius
884 2827 981 2880 tamen
1011 2821 1111 2880 solitus
1133 2823 1189 2876 erat

157 2909 299 2985 confiteri,
321 2914 351 2968 et
370 2908 522 2968 videbatur
542 2909 626 2968 nobis
648 2906 795 2983 omnibus,
817 2906 894 2983 quod
915 2910 960 2966 vir
980 2914 1096 2966 sanetus
1117 2909 1189 2964 esset

157 3003 186 3056 et
213 2996 335 3054 multum
355 2996 512 3072 religiosus.
556 2995 630 3054 (ium
650 2998 708 3055 iam
729 2998 758 3054 in
777 2996 912 3056 &extremis
933 2994 1094 3067 laboraret,
1114 2991 1187 3050 idem

155 3090 307 3159 peceatum
336 3081 451 3142 domino
472 3073 601 3157 Danieli,
629 3089 697 3142 timo
718 3083 809 3142 Priori
830 3089 942 3156 nostro,
971 3082 1118 3140 confessus
1138 3081 1187 3137 est

55 3169 59 3180 '
155 3169 194 3228 Et
222 3171 296 3230 sicut
315 3171 398 3229 nobis
424 3176 526 3246 postea
546 3169 655 3244 retulit,
686 3175 720 3227 ut
748 3175 930 3230 noscentes
958 3168 1102 3240 redderet,
1129 3171 1186 3223 tam

154 3274 245 3334 grave
257 3263 320 3316 crat
332 3264 493 3332 peccatum,
507 3255 584 3332 quod
597 3258 711 3315 omuino
724 3255 876 3315 damnatus
887 3255 995 3330 fuisset,
1009 3258 1033 3314 si
1047 3254 1186 3314 tacuisset

155 3341 357 3404 NOVIGIUS:
380 3344 456 3420 Quid
477 3346 564 3403 sentis
586 3343 622 3402 de
643 3343 800 3412 salvatione
821 3342 906 3401 huius
927 3339 1070 3402 hominis?
1111 3335 1185 3396 MO-

155 3429 329 3492 NACHUS:
352 3431 433 3491 Sicut
453 3431 648 3507 Augustiuum
668 3431 734 3507 lego
755 3427 893 3490 sensisse:
926 3429 957 3489 Si
979 3429 1105 3489 contritio
1127 3425 1184 3483 eius

154 3520 206 3578 luit
225 3521 255 3578 iu
277 3520 403 3594 caritate,
424 3518 552 3578 salvatum
574 3523 632 3592 est3
656 3519 700 3576 sin
722 3524 828 3592 autem,
849 3516 1010 3577 damnatus.
1048 3514 1104 3590 Qui
1123 3524 1183 3598 sero

153 3609 294 3682 poenitet,
327 3612 439 3681 oportet
464 3622 523 3663 non
554 3604 648 3664 solum
679 3607 780 3664 timere
811 3604 949 3680 iudicem,
981 3602 1032 3664 sed
1065 3600 1183 3676 diligere.

175 3739 242 3808 1)c
266 3738 461 3792 salvabitur.
482 3767 513 3778 --
540 3738 572 3805 2)
591 3738 724 3806 Angustia.
750 3738 829 3792 Serui.
854 3739 914 3792 393.
934 3767 965 3780 -
991 3738 1023 3808 3)
1048 3735 1069 3789 Β
1091 3725 1180 3802 quod·

223 3839 254 3850 -
274 3809 307 3878 l)
325 3809 390 3861 forte
408 3808 509 3860 alicui
526 3808 756 3862 confessorum.
