2654 4308
183 257 243 318 102
493 250 721 316 DISTINOTIO
743 249 908 316 octava

183 377 288 456 gressi,
309 375 410 436 manati
429 391 518 452 snper
536 376 659 436 inermes
678 374 828 451 irruemnt,
870 372 937 450 Quo
958 371 1020 432 viso
1039 368 1080 430 illi
1098 371 1218 446 arreptis

182 466 272 526 saona
291 462 478 540 imaginibus,
502 461 605 539 gladiis
630 465 840 539 opposnenmt,
871 461 1018 536 sperantes
1036 457 1092 518 sibi
1107 455 1218 516 illarum

183 549 323 628 beneficio
350 548 430 624 parci
457 547 572 609 debere.
613 547 800 609 Percussores
830 563 901 607 vero
920 544 1031 604 nullum
1050 543 1115 604 loco
1137 543 1219 604 exhi-

184 639 285 699 bentes
310 635 465 711 honorem,
496 633 607 697 nullam
634 637 723 696 sacris
750 634 921 711 imaginibus
948 632 1221 706 reverentiam,..its

185 723 310 784 hostium
332 738 462 782 cruorem
482 722 633 797 sitiebant,
664 727 698 780 nt
718 723 856 801 imagines
878 720 1024 795 oppositas
1044 716 1221 792 mub'larent,
1291 717 1298 776 ’,

183 812 296 888 ipsique
312 807 447 870 crucifixo
468 808 586 868 brachia
606 807 836 884 praescinderent
849 803 874 888 ¹),
896 810 925 866 et
946 806 1056 865 circiter
1077 809 1144 866 octo
1165 806 1221 862 rni-

184 895 248 958 lites
275 899 305 956 in
334 893 456 956 eeclesia
481 891 692 976 muddamw).
735 893 823 971 Quod
850 891 1031 968 saerilegium
1060 889 1130 956 dure
1152 893 1223 950 satis

184 983 360 1044 vindicatum
381 987 433 1042 est.
474 980 550 1042 Nem
570 981 643 1042 inira
663 982 753 1041 breve
774 988 887 1057 tempus
908 979 945 1038 ab
968 979 1128 1038 occisorum
1150 994 1223 1037 con·

184 1071 348 1148 sanguineis
376 1067 566 1129 occidentium
592 1085 747 1128 numerosa
775 1066 926 1127 multitudo
947 1067 989 1125 sie
1009 1063 1106 1141 gladio
1128 1063 1226 1124 deleta

186 1164 243 1233 est,
270 1163 304 1216 ut
330 1157 380 1216 vix
408 1155 466 1215 duo
492 1161 683 1232 superessent.
725 1154 833 1214 Vetula
853 1168 922 1213 vero
945 1167 1018 1227 quac
1038 1150 1103 1211 illos
1123 1151 1225 1228 prodi·

171 1243 282 1320 derat,
310 1248 439 1318 tempore
466 1244 568 1302 messis
596 1243 684 1300 nimio
713 1239 807 1301 calore
835 1241 909 1300 aeris
929 1239 1070 1298 suffocata
1090 1242 1144 1297 est
1188 1237 1226 1296 Et

186 1330 255 1408 quid
278 1330 372 1390 dicam
394 1326 430 1388 de
450 1328 533 1388 malis
553 1327 728 1404 Christianis,
749 1344 816 1387 curn
837 1325 915 1402 apud
932 1324 1099 1386 Damiatam
1119 1323 1226 1385 Sarra-

185 1415 416 1584 sizniassrurilsitttlngr
436 1417 615 1493 ignorantes,
644 1414 682 1474 ob
710 1416 843 1474 iniuriam
863 1415 995 1490 imaginis
1014 1413 1078 1508 'eius
1099 1413 1228 1490 graviter

513 1689 746 1752 CAPITULUM
766 1690 899 1752 XXVII.

181 1799 185 1809 ¹
254 1816 303 1876 Dc
322 1815 454 1876 modiola
473 1814 533 1875 Dei
552 1817 586 1874 ist
605 1813 807 1874 Dcmt'ctoaos
828 1815 881 1890 qui
899 1811 975 1889 fuae
995 1811 1170 1888 anatinam

626 1907 793 1960 traceuat.

253 2021 327 2082 Cum
354 2023 384 2080 in
412 2020 561 2083 obsidione
587 2011 742 2081 Damiatae
762 2022 888 2080 maxima
908 2036 976 2096 pars
998 2021 1138 2080 exercitus
1160 2017 1228 2079 Do·

82 2147 89 2154 ·
188 2109 256 2170 mini
276 2107 441 2168 Sarracenis
467 2109 651 2184 occurrisset,
678 2108 775 2168 nescio
810 2124 866 2183 quo
894 2106 952 2166 Dei
971 2105 1076 2166 iudicio
1096 2104 1228 2166 infideles
1291 2113 1296 2131 '

187 2195 319 2257 fidelibus
341 2197 501 2272 superiores
522 2195 623 2270 effecti,
646 2211 697 2255 eos
716 2197 746 2266 in
767 2193 866 2271 sugam
887 2197 1041 2268 verterunt,
1060 2189 1169 2252 multos
1193 2209 1228 2252 ex

188 2285 230 2342 eis
258 2281 437 2363 occidentes,
473 2287 503 2341 et
530 2280 666 2357 plurimos
695 2283 824 2357 captivos
853 2280 1036 2340 abducentes.
1079 2278 1167 2356 Quod
1195 2285 1228 2337 ut

189 2374 385 2446 cognoverunt
410 2370 440 2426 in
469 2369 583 2429 civitate
610 2369 736 2443 obsessi,
767 2369 797 2426 in
820 2373 930 2427 tantam
949 2365 1089 2426 laebtim
1108 2365 1228 2425 resoluti

110 2456 112 2460 ’
187 2462 270 2530 sunt,
297 2461 331 2514 ut
356 2457 387 2513 in
409 2454 604 2515 contusionem
624 2453 691 2514 tidei
709 2461 825 2514 nostrae
846 2453 982 2530 laqueum
1004 2451 1077 2512 collo
1099 2451 1228 2513 crucifixi

187 2545 349 2617 iniicerent,
380 2543 479 2618 sicque
503 2559 615 2602 sacram
635 2541 715 2600 illam
735 2543 888 2618 imaginem
909 2539 972 2600 aliis
984 2538 1098 2617 ¹additis
1117 2539 1227 2598 inimiis

187 2646 240 2706 per
255 2645 355 2688 omnes
374 2627 486 2705 plateas
508 2630 629 2688 civitatis
650 2628 803 2702 traherent,
825 2643 890 2686 eum
911 2625 1002 2685 multa
1022 2625 1227 2685 vocderatione

189 2723 220 2776 et
247 2715 350 2793 plausu
371 2716 699 2790 manuum,·victoriam
719 2713 774 2774 deo
796 2730 848 2773 suo
870 2713 1054 2773 ascribentes.
1096 2711 1227 2772 Obrisurs

188 2811 257 2863 veto
285 2804 334 2877 qui
361 2807 491 2862 mortuus
512 2807 542 2860 et
564 2803 646 2876 quasi
665 2800 770 2859 nullius
791 2799 898 2860 valoris
916 2798 1083 2874 ridebatur,
1114 2799 1144 2856 in
1165 2805 1226 2858 tam

190 2889 341 2949 execrabili
362 2887 463 2964 culpa,
485 2894 552 2963 post
572 2888 660 2948 breve
681 2895 794 2964 tempus
815 2886 901 2946 valde
929 2886 1091 2960 terribiliter
1117 2887 1225 2944 revivi-

189 2993 269 3038 scere
291 2977 393 3050 ooepit,
415 2973 601 3035 invindicta
642 2973 718 3034 Nam
731 2974 929 3047 Damiatanos,
949 2979 982 3032 ut
994 2989 1089 3048 poena
1103 2988 1224 3033 concor-

190 3063 272 3124 daret
297 3062 394 3121 illatae
404 3062 554 3138 iniuriae,
589 3059 733 3131 ulceribus
760 3061 901 3136 percussit
919 3061 949 3118 in
969 3065 1097 3136 gutture,
1124 3060 1168 3120 sic
1193 3065 1225 3118 nt

188 3151 276 3212 etiam
289 3149 395 3209 cibaria
406 3160 466 3206 non
479 3155 597 3223 possent
612 3147 724 3224 glutire.
765 3145 858 3207 Paulo
878 3151 946 3223 post
967 3147 1111 3206 civitatem
1130 3146 1224 3222 ipsam

187 3233 437 3312 inexpugnabilem
466 3237 507 3294 eis
539 3233 658 3294 abstulit
684 3250 739 3293 sua
759 3235 876 3308 virtute,
904 3234 945 3292 ita
973 3239 1007 3291 ut
1025 3249 1080 3292 nec
1100 3249 1175 3292 unus
1195 3233 1224 3290 in

189 3325 251 3382 eius
277 3323 438 3382 vasmbone
466 3319 582 3380 caderet
603 3320 788 3380 Christianus.
829 3318 897 3380 Alia
917 3319 1013 3380 adhue
1033 3319 1117 3394 plura
1136 3321 1223 3378 mira-

190 3407 256 3470 cula
284 3407 320 3467 de
348 3410 435 3467 sacris
462 3408 633 3484 imaginibus
660 3407 712 3466 tibi
733 3405 827 3467 dicere
847 3422 976 3486 possem,
1001 3405 1053 3465 sed
1073 3422 1165 3480 nsque
1184 3403 1223 3464 ad

190 3495 329 3559 decimam
360 3493 570 3554 distinctionem
596 3493 646 3554 illa
673 3510 798 3554 reservo.
840 3492 906 3553 Hoc
935 3495 1021 3554 etiam
1046 3494 1123 3552 scias
1146 3491 1223 3569 qnod

208 3749 313 3822 staur
330 3749 625 3819 praescidercnt,B
649 3748 891 3818 praeciderent.
918 3779 947 3792 -
975 3749 1008 3818 2)
1035 3747 1056 3804 Β
1079 3747 1221 3806 trocida-

257 3829 386 3876 rerunt.
410 3850 440 3862 -
466 3822 499 3890 3)
526 3819 613 3874 ΑΒΟΙ)
630 3828 712 3874 snat.
903 3843 905 3848 ·
