2628 4310
449 226 504 287 DE
524 224 808 288 MORIENTIBUS.
1083 225 1145 286 293

109 349 186 408 circa
206 352 308 422 pectus
325 348 386 408 eius
399 349 533 424 apparuit
546 347 672 424 capsella
685 365 751 407 cum
771 341 905 422 rehquiis,
926 351 1056 406 ventrem
1077 360 1146 405 vero

108 433 183 493 illius
198 433 322 494 cathena
341 436 432 495 ferrea
452 435 619 512 stringebat.
652 435 764 511 Quibus
785 435 854 493 visis
867 432 935 491 Dux
958 439 1146 508 compunctus

108 519 237 580 dicebat:
258 520 363 582 Videte
385 521 463 598 quod
483 529 583 598 sancto
605 523 652 582 isti
673 523 733 582 niro
751 523 986 580 vestimentorum
1006 520 1146 594 asperitas

107 606 239 667 sufficere
271 624 329 666 non
358 614 471 684 poterat
482 605 516 689 ¹),
553 611 609 668 nisi
637 610 724 668 etiam
754 607 906 668 cathenam
933 604 1146 681 superadderet

107 693 302 769 Sepultusque
317 700 360 754 est
371 695 548 754 Ratisbonae
561 697 591 753 iu
606 695 727 754 ecelesia
742 695 850 754 maiori.
877 692 949 751 Post
963 691 1024 752 dies
1036 707 1145 768 paucos

108 796 174 840 eum
197 779 255 840 duo
277 781 417 841 milites
408 800 438 840 m
460 781 562 842 eodem
594 783 658 842 loco
681 783 798 840 missam
820 773 965 852 audirent,
993 795 1069 836 unus
1097 795 1145 838 se·-

105 865 259 946 pulchrum
289 869 350 928 eius
378 867 515 929 aseendit.
565 867 606 928 Ut
632 874 730 930 autem
758 865 839 926 Deus
866 865 1028 925 ostenderet
1054 863 1146 952 qualis

106 959 184 1014 esset
205 955 298 1013 meriti
318 954 376 1014 illlc
396 955 565 1030 tumulatus,
584 955 665 1014 miles
686 959 746 1014 tam
767 952 921 1014 vehement
909 957 953 1011 ter
972 954 1002 1010 in
1022 938 1145 1027 pedibus

104 1039 207 1101 ardere
229 1043 331 1116 coepit,
351 1047 385 1100 nt
407 1041 539 1102 desiliens
561 1041 707 1101 clamaret
751 1039 815 1116 Quo
838 1045 983 1116 comperto
1005 1037 1046 1098 alt
1034 1045 1077 1097 ter
1096 1053 1146 1096 re·

103 1123 236 1205 spondit:
257 1123 449 1204 Sepulchrum
470 1134 514 1188 est
534 1129 609 1188 illius
631 1128 774 1189 combusti
787 1125 921 1186 Abbatis.
962 1123 1008 1184 Ex
1029 1124 1078 1184 illa
1099 1122 1145 1182 die

104 1213 223 1299 habitus
245 1215 338 1274 estin
361 1215 462 1276 eadem
485 1215 607 1276 ecclesia
627 1218 657 1274 in
678 1231 786 1292 magna
806 1213 999 1274 veneratione.
1166 1214 1168 1218 ’

433 1401 667 1467 CAPITULUM
693 1401 847 1466 XXVII,

187 1527 235 1587 De
256 1534 352 1587 morta
372 1529 478 1588 luciaci
500 1528 535 1587 dc
556 1535 660 1588 recocto
681 1527 849 1588 Maximino
870 1530 903 1586 ιίι
925 1523 1059 1585 Comata

127 1657 129 1662 ’
168 1643 205 1707 In
234 1647 356 1710 ecelesia
384 1649 475 1708 saneti
495 1647 645 1708 Maximini
672 1650 702 1708 in
725 1647 845 1708 Colonia
875 1647 1052 1724 temporibus
1073 1645 1144 1704 meis

102 1733 224 1811 quidam
242 1734 337 1796 fuerat
357 1735 498 1810 inclusus,
521 1737 650 1795 coenobii
671 1735 799 1795 eiusdem
819 1736 952 1794 initiator.
994 1731 1047 1791 Est
1069 1733 1143 1796 enim

101 1821 162 1882 illic
201 1824 384 1900 congregatio
422 1821 689 1882 sanctimonialium.
742 1819 800 1882 Hie
832 1828 898 1881 ante
928 1811 1144 1880 conversionem

101 1908 295 1970 concubinam
323 1907 472 1968 habuerat.
522 1907 561 1968 Et
582 1911 650 1985 quia
678 1908 762 1968 simul
787 1911 995 1984 peccaverent,
967 1904 1143 1965 tsimilem

102 2001 293 2071 susceperunt
313 1995 526 2071 poenitentiam,
547 1995 621 2056 adeo
641 1994 843 2070 duram,utu
824 2000 945 2069 uterque
959 1991 1063 2052 circulo
1085 1991 1143 2052 ier-

101 2095 153 2142 reo
175 2087 306 2140 ventrem
327 2097 412 2141 suum
438 2081 548 2158 ligaret
596 2081 664 2158 Ipse
692 2098 761 2141 vero
789 2083 819 2139 in
847 2080 993 2166 praedicto
1024 2075 1089 2140 loco
1112 2095 1143 2137 sc

100 2165 267 2243 includens,
300 2170 402 2228 nussas
429 2185 497 2228 suas
520 2165 691 2228 celebrando
713 2168 839 2228 Domino
860 2157 998 2244 vacabat;
1029 2168 1074 2226 cui
1094 2163 1143 2224 illa

100 2253 199 2314 soris·
191 2272 221 2313 m
249 2251 350 2315 habitu
377 2253 509 2332 religioso
537 2256 699 2315 necessaria
726 2255 913 2314 ministrabat
961 2253 1143 2314 Adveniente

101 2347 232 2416 tempore
246 2344 405 2414 vocationis
419 2343 489 2418 eius,
512 2337 659 2401 dominum
671 2341 835 2402 Enssridum
841 2339 862 2422 1)
877 2339 1028 2401 Decanum
1052 2341 1143 2399 sancti

100 2426 254 2502 Andreae,
284 2431 366 2488 cuius
393 2429 483 2488 vitam
510 2430 538 2487 in
568 2426 749 2489 distinctione
777 2435 860 2489 sexta
888 2426 1013 2504 capitulo
1043 2428 1142 2502 quainto

101 2514 247 2592 descripsi,
268 2517 392 2591 vocavit,
414 2513 622 2576 consessionem
643 2515 718 2591 iecit,
739 2518 830 2576 vitam
844 2515 991 2576 revelavit.
1028 2512 1082 2572 Oui
1095 2510 1142 2572 ille

99 2603 130 2660 in
152 2603 257 2662 virtute
279 2607 397 2664 sanctae
419 2603 599 2664 obedientiae
628 2605 790 2679 praecepit,
819 2608 851 2662 ut
879 2601 1016 2662 circulum
1037 2603 1142 2662 sineret

54 2689 59 2710 ¹
101 2687 222 2773 deponi3
246 2688 325 2766 quod
347 2695 375 2750 et
396 2688 470 2749 fecit.
516 2689 622 2765 Sitque
645 2707 679 2750 eo
699 2690 842 2766 deiimcto,
864 2689 964 2748 mulier
982 2693 1048 2763 post
1067 2705 1142 2766 pau-

102 2789 154 2833 cos
174 2773 235 2836 dies
258 2777 352 2853 coepit
373 2775 523 2852 infirmari;
546 2783 575 2835 et
597 2779 665 2852 quia
686 2779 780 2836 timuit
801 2775 880 2852 quod
901 2774 1042 2835 sacerdoti
1064 2775 1142 2834 acci-

101 2858 195 2937 derat,
227 2869 371 2923 secretum
392 2879 477 2922 suum
499 2862 620 2938 prodere
641 2863 740 2922 noluit.
795 2862 883 2922 Cuius
903 2865 1039 2922 virtutem
1060 2860 1143 2920 Deus

99 2963 159 3007 non
180 2905 292 3008 s'inehat
314 2965 377 3008 esse
392 2948 542 3009 occultam.
574 2947 609 3008 In
630 2949 703 3010 hora
722 2965 791 3010 vero
814 2967 873 3026 qua
894 2950 1056 3024 exspiravit,
1076 2948 1142 3006 rin-

99 3033 197 3096 culnm
224 3037 286 3095 eius
313 3032 456 3116 dimpit³).
507 3034 637 3111 Cumque
667 3036 738 3096 fines
764 3037 904 3114 ligaturae
931 3033 1006 3094 illius
1034 3031 1142 3094 ferreae
1240 3037 1246 3041 ’

97 3123 225 3182 tunicam
253 3124 283 3181 in
312 3139 371 3198 qua
398 3122 573 3181 moriebatur
595 3139 631 3181 ex
663 3128 784 3199 utroque
805 3122 893 3183 latere
921 3109 1142 3197 suspenderent,

97 3208 207 3268 multae
228 3214 386 3284 matronae,
407 3208 529 3268 feminae
552 3215 669 3268 sanctae
691 3211 799 3268 exitum
817 3209 1038 3287 praestolantes,
1059 3213 1141 3285 post-

98 3311 187 3372 quam
208 3312 269 3355 rem
291 3301 496 3372 cognoverunt,
520 3293 555 3354 de
577 3301 657 3355 tanto
679 3295 816 3358 miraculo
837 3297 935 3356 Deum
959 3291 1141 3372 glorificave-

97 3388 173 3440 runt
209 3381 293 3442 Haec
314 3381 385 3441 mihi
406 3381 498 3441 relata
519 3388 587 3440 sunt
608 3397 626 3441 a
647 3380 734 3462 filia⁴)
757 3385 862 3444 sororis
883 3383 1022 3459 praedicti
1043 3398 1140 3443 saeer-

97 3467 182 3529 dotis.
224 3469 350 3529 Vincula
371 3469 427 3528 ista
447 3474 585 3529 revocant
605 3467 674 3528 mihi
695 3463 734 3529 ad
755 3471 922 3530 memoriam
942 3476 1065 3531 mortem
1088 3485 1140 3530 cu-

96 3554 212 3616 iusdam
234 3553 459 3616 sanctimonialis
481 3557 645 3632 pretiosam.

116 3721 1137 3846 afflegemium-«apaulisutricum.-e)csl>o1srupn.-

168 3792 202 3863 ⁴)
240 3791 365 3847 Ftilio.
