2654 4308
168 226 224 286 80.
480 221 707 296 Dtsnmciuo
729 222 894 287 octava

168 365 205 409 ue
234 345 355 408 audierit
373 344 484 407 Abbati
512 363 566 407 suo
594 348 728 408 manavit
770 347 822 408 llle
851 363 921 408 vero
942 347 972 406 in
993 347 1123 423 sequenti
1145 345 1205 407 Oa-

167 434 258 512 pitulo
268 419 347 498 lraec
366 433 491 494 reterens
512 431 687 509 Abbatibus,
708 450 808 494 omnes
827 433 1002 508 laetificavit,
1022 432 1060 494 ad
1081 433 1206 511 amplio-

168 538 229 581 rem
246 526 374 596 ,sanctae
402 520 459 581 Dei
481 519 631 581 Genitricis
660 536 786 580 amorem
812 520 877 582 illos
902 519 1073 580 accendens
1114 521 1208 598 Igitur

170 609 237 685 quia
256 608 405 685 Virginem
428 607 558 682 beatam,
585 609 643 667 imo
672 607 821 684 speculum
841 608 1020 684 virginitatis,
1041 609 1121 668 cuius
1141 624 1209 668 me·

168 697 223 755 rita
236 701 266 754 et
281 693 502 772 gloriaomnem
523 701 687 754 sanctorum
708 693 885 754 altitudinem
907 692 1119 770 transcendunt,
1139 693 1208 754 lau-
1305 705 1306 720 ¹

171 781 239 841 dare
259 798 318 841 non
334 781 456 857 ‘sufficia
478 783 560 857 quasi
580 783 728 857 imperitus
749 787 846 842 orator
864 780 943 840 illum
963 780 1108 842 laudando
1131 781 1208 841 deti·
1305 773 1306 788 ¹

109 883 112 894 '
171 871 215 930 cio
228 865 258 948 ¹):
291 869 383 945 ipsam
404 869 490 946 igitur
517 869 574 928 tuis
596 868 710 927 adiuurs
724 868 900 929 orationibus
922 865 1067 944 deprecor,
1099 874 1132 927 ut
1153 868 1208 928 da·

169 955 275 1016 lectum
304 972 401 1016 meum
426 957 491 1031 ipsa
518 953 666 1031 suppleat,
694 961 725 1015 et
752 971 826 1032 quae
854 956 960 1031 scripte
988 953 1036 1015 vel
1056 954 1210 1016 scribenda

170 1048 245 1118 sunt,
265 1041 411 1104 fructuosa
429 1042 525 1102 faciat.
566 1038 671 1102 Amen.
965 1069 967 1076 ·
1186 1073 1189 1082 ·

457 1173 918 1229 ψ

448 1333 714 1432 DlS'llNG'l‘lO
746 1333 934 1432 builli

221 1507 323 1590 DE
350 1507 698 1592 DIVERSIS
725 1505 1155 1592 VISIonUS.

463 1661 905 1736 —rmatoifflst-ss-

454 1831 455 1836 ’
545 1813 777 1884 CAPITULUM
807 1821 831 1881 Ι.

289 1944 382 2006 Ratio
403 1963 499 2022 quare
519 1948 551 2004 ia
574 1952 681 2006 octaua
703 1946 886 2006 decoctione
907 1945 943 2006 de
964 1945 1086 2006 dicaris

518 2031 679 2092 viuooicm
701 2039 853 2092 tractetur.

233 2151 380 2214 MIRARI
400 2155 514 2229 poteris,
537 2169 624 2228 quare
647 2152 857 2212 distinctionem
875 2152 1053 2213 diversarum
1065 2153 1210 2212 visiormm

170 2241 208 2300 ad
230 2248 364 2301 octavum
386 2239 543 2299 distulerim
571 2236 675 2300 locum.
718 2241 784 2300 Non
805 2241 916 2316 absque
937 2243 1047 2300 ratione
1069 2245 1098 2299 el
1120 2255 1211 2300 causa
1310 2255 1311 2258 ’

170 2330 341 2388 sacramenti
360 2328 474 2387 navens
495 2326 552 2386 hoc
564 2326 680 2386 iactum.
723 2327 804 2387 Sicut
826 2330 902 2388 enim
914 2326 1043 2386 Christus
1063 2329 1093 2384 in
1106 2325 1210 2386 Evan-

170 2412 274 2494 gelio²)
297 2413 404 2474 scalam
437 2416 597 2492 composuit
625 2431 661 2474 ex
684 2421 748 2473 octo
771 2412 1015 2489 beatitudinibus,
1047 2428 1211 2489 perquam

170 2500 266 2561 coelos
288 2500 480 2560 conscendere
506 2503 599 2576 possit
627 2503 719 2560 omnis
742 2500 933 2575 Christianus,
961 2503 1002 2561 ita
1033 2502 1062 2558 in
1083 2499 1139 2559 hac
1162 2499 1210 2558 di-

169 2590 320 2659 stinctione
340 2588 420 2648 scale
441 2586 576 2664 erigenda
597 2593 641 2646 est
662 2605 698 2647 ex
718 2587 837 2647 totidem
860 2587 1018 2663 ordinibus,
1046 2603 1098 2662 per
1120 2603 1211 2663 quam

169 2676 312 2735 humanae
333 2676 435 2735 visioni
457 2674 669 2733 condescendat
690 2673 821 2733 eoelestis
836 2677 985 2734 exercitus.
1027 2674 1095 2732 Duo
1116 2673 1212 2734 latera

168 2762 252 2822 huius
273 2761 368 2821 scalae
391 2761 447 2821 duo
469 2765 537 2820 sunt
558 2777 664 2836 genera
685 2763 843 2835 visionum,
871 2757 1025 2837 corporalis
1047 2759 1157 2820 scilicet
1180 2767 1211 2821 et

169 2849 336 2924 spiritualis,
367 2851 408 2908 ita
428 2853 541 2921 tumen,
573 2854 605 2906 ut
625 2865 677 2924 per
698 2847 873 2922 spiritualem
895 2850 986 2906 omnis
1007 2850 1080 2908 visio
1101 2846 1210 2906 intelli-

168 2943 260 3013 gatur,
280 2938 310 2994 in
332 2952 390 3011 qua
412 2933 490 2993 solus
512 2936 627 3009 spiritus
649 2940 790 3010 operatur.
833 2933 1037 2994 NOVICIUS:
1060 2934 1142 3011 Quae
1164 2941 1211 2994 est

167 3025 240 3083 visio
251 3020 426 3099 corporalis?
447 3019 683 3082 Mouncflusz
713 3021 894 3097 (tumulique
903 3021 961 3080 Dei
982 3021 1057 3081 dono
1070 3037 1210 3098 corpora-

111 3177 119 3194 ·
167 3110 230 3169 liter
250 3109 391 3183 videntur,
413 3113 441 3168 et
461 3125 513 3182 per
525 3107 574 3166 illa
589 3107 696 3185 aliquid
708 3104 921 3188 significaturi),
942 3114 975 3166 ut
986 3111 1059 3167 sicut
1072 3106 1209 3188 legiturt)

167 3196 301 3256 Heliseus
321 3194 393 3254 vidit
414 3211 512 3254 currus
529 3198 628 3270 igneos
649 3198 678 3252 in
699 3201 783 3270 raptu
797 3195 908 3269 Heliae,
930 3200 959 3254 et
972 3195 1036 3254 Rex
1050 3194 1211 3255 Balthauur

166 3283 300 3343 articulos
329 3299 430 3340 manus
458 3281 608 3341 scribentis
634 3283 664 3340 in
696 3279 843 3362 paricte⁵).
885 3281 951 3341 Hae
979 3283 1088 3342 risione
1117 3298 1208 3358 saepe

168 3369 344 3447 angeliaco
365 3384 423 3428 non
446 3374 474 3428 et
488 3371 600 3428 animae
613 3373 777 3428 sauctorum
798 3371 827 3427 in
842 3370 976 3430 subiectis
998 3369 1166 3444 corporibus
1188 3386 1209 3429 a

166 3455 334 3516 mortalibus
357 3455 446 3515 oculis
469 3457 611 3530 corporeis
641 3454 883 3532 contemplantur,
912 3461 945 3514 ut
967 3463 1074 3533 postea
1096 3455 1209 3515 diaebrr

166 3544 220 3602 sub
243 3541 388 3619 exemplis.
430 3540 633 3602 NOVICIUS:
656 3541 739 3618 Quae
761 3548 805 3611 cst
822 3541 1089 3620 visiospiritualisi
1125 3541 1207 3603 MO-

184 3658 545 3727 inquinamentum
569 3657 721 3712 laudator
747 3657 835 3712 illurn
858 3657 995 3712 laudare
1018 3655 1152 3712 deficio.
1171 3689 1204 3700 -

234 3727 267 3796 2)
286 3727 372 3780 llutth.
390 3729 414 3779 5.
435 3757 464 3768 -
485 3729 517 3797 3)
535 3728 575 3781 Bl’
593 3730 750 3798 signatur.
763 3757 794 3770 -
813 3729 846 3798 t)
864 3727 985 3800 legitur
1003 3728 1076 3784 abest
1092 3744 1108 3781 a
1123 3727 1204 3784 libris.

235 3825 266 3838 -
285 3796 318 3866 5)
335 3797 397 3868 lieg.
414 3798 456 3864 lV,
473 3799 498 3854 2.
516 3799 588 3852 llani.
605 3802 632 3864 5,
649 3799 674 3850 5.
