2538 4314
180 244 241 303 roo
496 241 724 306 ursunrcuuo
744 241 893 305 manus
944 319 948 327 ¹

430 482 437 536 ζ
515 467 750 532 CAPITULUM
769 469 865 530 XLV.

171 623 253 683 ¹Item
273 623 309 682 de
324 621 464 700 plebano,
486 629 538 702 qui
552 625 692 702 pluribus
709 624 1022 703 capiteriooleatibas,
1044 625 1201 702 panaciam

257 711 432 786 praedicem
453 712 671 789 confessionam
694 713 830 772 manibus
852 713 975 772 sermm
995 714 1124 772 indormit

586 803 808 874 poeniteutiam.
847 883 848 890 ἵ

240 986 324 1048 Alius
346 987 464 1064 quidam
484 989 640 1067 plebanus,
668 991 742 1050 sicut
769 989 867 1050 audivi
888 989 925 1049 ab
949 989 1009 1048 eius
1032 981 1202 1061 successore,

176 1072 252 1134 hanc
273 1075 401 1136 habebat
423 1077 674 1152 cousuetudinem,
703 1083 735 1135 ut
762 1078 793 1134 in
815 1075 1043 1153 Quadragesima
1065 1075 1203 1135 confluen-

176 1160 254 1221 tibus
282 1161 320 1222 ad
347 1162 497 1222 ecclesiam
519 1163 704 1223 confessionis
731 1165 825 1240 gratia
852 1163 1033 1239 parochianis
1055 1165 1121 1237 suis,
1146 1163 1203 1236 ipse

176 1264 228 1307 sex
248 1248 297 1308 vel
319 1255 383 1309 octo
405 1249 491 1308 simul
511 1249 627 1310 duceret
648 1256 716 1310 ante
733 1249 842 1324 altare,
865 1255 894 1309 et
913 1249 989 1308 stola
1010 1249 1091 1310 collis
1112 1263 1204 1309 corum

176 1335 323 1412 imposita,
351 1335 508 1396 Teutonico
530 1335 693 1412 generalem
722 1339 762 1396 eis
782 1336 960 1412 praediceret
989 1337 1204 1407 confessionem,

177 1421 290 1498 singula
317 1422 408 1481 verba
438 1423 493 1482 illis
521 1429 587 1499 post
615 1439 682 1482 eum
709 1423 887 1482 iterantibus.
938 1423 1050 1499 Quibus
1080 1422 1204 1482 omuibus

163 1507 297 1567 similem
326 1515 413 1584 atque
440 1509 560 1569 eandem
588 1511 737 1585 iniungens
765 1511 984 1585 poenitentiam,
1016 1509 1101 1570 simul
1132 1509 1204 1567 abire

176 1597 330 1670 praecepit.
372 1594 419 1655 Sic
440 1596 564 1655 faciebat
584 1597 731 1671 omnibus,
758 1613 816 1655 non
838 1596 1021 1656 considerans
1045 1595 1114 1672 qnid
1133 1595 1205 1653 fecc-

176 1682 246 1755 rint,
269 1680 433 1758 cataplus,
455 1685 556 1758 quisve
578 1685 672 1742 minus
692 1685 863 1759 peccaverit.
905 1682 1050 1743 Defuncto
1074 1699 1125 1757 eo,
1146 1697 1204 1740 cum

177 1767 294 1843 quidam
323 1785 359 1827 ex
386 1766 582 1845 parochianis,
608 1771 653 1829 vir
680 1763 875 1847 grandaevus,
904 1775 933 1828 et
958 1771 988 1828 in
1016 1768 1205 1830 saecularibus

175 1854 311 1931 prudens,
331 1871 383 1931 pro
405 1873 569 1916 successore
590 1858 652 1916 eius
671 1859 806 1932 mitteret,
824 1855 974 1933 postulans
996 1873 1110 1916 sacram
1132 1872 1206 1914 oom-

177 1944 355 2017 munionem,
388 1959 423 2002 eo
445 1943 522 2018 quod
542 1942 731 2003 infirmaretur
750 1960 844 2019 usquc
865 1941 904 2001 ad
925 1950 1063 2017 mortem,
1095 1944 1206 2003 ventem

176 2027 311 2089 sacerdos
331 2028 413 2088 dixit:
445 2029 529 2090 Prius
550 2029 660 2090 debetis
680 2030 774 2090 facere
796 2029 1010 2090 confessionem.
1048 2027 1208 2106 Respondit

177 2114 238 2174 illc:
271 2115 333 2176 Vos
365 2116 435 2174 mihi
466 2133 531 2176 eam
562 2118 655 2176 tacite.
708 2116 837 2177 Notabat
868 2117 944 2175 enim
977 2115 1207 2176 cousuetudinem

177 2201 378 2278 supradictam.
439 2201 570 2279 Cumque
608 2201 741 2262 sacerdos
781 2202 923 2263 monendo
957 2203 1038 2262 illum
1073 2205 1207 2278 instaret,

179 2295 338 2348 commotus
365 2288 413 2349 ille
442 2289 525 2349 dixit:
571 2289 669 2365 Certe,
706 2290 833 2366 domine,
867 2307 1014 2365 nunquam
1043 2290 1115 2348 mihi
1145 2287 1208 2347 talia

177 2373 244 2434 iecit
275 2375 479 2449 praedecessor
507 2383 613 2440 ¹vester.
665 2377 704 2436 Et
731 2394 797 2437 oum
828 2383 946 2453 negaret
974 2379 1001 2436 ei
1034 2377 1208 2436 communio·

177 2475 252 2536 nem,
273 2461 390 2521 tandem
410 2465 440 2522 in
461 2463 535 2523 haec
557 2464 647 2523 verba
670 2466 814 2539 prorupit:
845 2461 989 2522 Confiteor
1009 2450 1056 2522 me
1077 2477 1209 2538 peccasse

153 2549 207 2606 tin
228 2547 382 2624 adulteriis,
402 2549 492 2624 iuriis,
513 2551 633 2625 rapinis,
654 2547 821 2625 homicidiis,
841 2552 979 2626 periuriis,
1000 2549 1122 2626 aliisque
1137 2547 1209 2608 mul·

178 2635 214 2693 tis
236 2637 399 2694 criminibus
415 2632 441 2715 ¹).
484 2634 566 2696 Tunc
587 2635 738 2696 sacerdos:
759 2637 880 2697 Fecistis
903 2635 1117 2697 haecomnia?
1152 2637 1209 2695 Re·

178 2721 294 2796 spondit
313 2721 374 2783 ille:
396 2722 482 2797 Vere,
504 2721 627 2797 domiue,
648 2722 719 2781 nihil
739 2723 842 2784 horum
853 2725 990 2783 commisi.
1032 2723 1078 2782 Ex
1096 2725 1210 2798 antiqua

177 2813 288 2868 tantum
308 2808 513 2868 consuetudine
534 2811 576 2870 sic
598 2809 797 2873 confitebatur.
836 2810 875 2869 Et
894 2827 953 2869 non
976 2816 1090 2886 poterat
1116 2827 1180 2869 eum
1190 2805 1209 2886 ²)

177 2894 320 2970 inducere,
341 2902 375 2954 ut
395 2902 515 2972 peccata
536 2914 555 2956 a
576 2913 608 2956 se
620 2898 774 2957 commissa
795 2896 983 2957 confiteretur.
1025 2896 1117 2957 Vides
1140 2913 1210 2971 qua-

177 2981 219 3042 les
241 2982 433 3058 confessores,
462 2981 561 3059 quales
590 2983 737 3058 doctores,
770 2983 869 3059 quales
887 2985 1059 3046 ¹animarum
1079 2989 1211 3043 rectores.

177 3067 262 3129 Unde
284 3075 365 3130 tanta
378 3069 560 3147 negligentia,
580 3070 657 3130 unde
671 3077 732 3130 tam
745 3069 958 3144 stultaiudicia,
982 3071 1086 3129 nisiex
1101 3069 1210 3130 divinae

178 3155 249 3233 legis
276 3155 479 3234 ignorantiai=
511 3159 565 3218 Vis
592 3173 677 3230 nosse
710 3163 849 3232 quantum
880 3159 991 3233 prosint
1012 3156 1211 3216 confitentibus

179 3244 354 3305 consessores
369 3242 500 3326 ,literati
543 3241 744 3305 NOVIOIUS:
765 3243 842 3303 Volo
865 3241 925 3325 et³)
949 3241 1087 3304 desidero.

196 3743 228 3812 1)
246 3741 265 3794 Ρ
282 3741 469 3864 clrtiminibus
495 3742 612 3795 multis.
633 3771 664 3784 -·
693 3741 725 3811 2)
743 3741 763 3795 D
782 3757 850 3794 cunr
876 3741 915 3794 ad
941 3742 1009 3828 boc.
1028 3773 1058 3785 -
1086 3742 1120 3811 3)
1139 3741 1161 3794 D
1184 3749 1211 3791 ct

246 3828 293 3864 mu
330 3827 384 3864 nm.
