2564 4306
205 287 268 346 364
316 282 418 346 nisu.
439 280 563 344 DUOD.
582 275 638 342 DE
658 280 840 344 PRAEMIO
860 281 1119 346 MORTUORUM.

202 412 275 467 runt
316 403 551 466 MONAOHUS:
579 400 684 484 Quia')
706 403 820 482 dialogo
841 411 939 465 nostro
961 404 1025 466 finis
1045 403 1216 481 imponendus

203 499 255 568 est,
276 491 360 552 simul
373 491 579 568 Christumqui
600 493 692 551 omnis
712 493 963 552 consummationis
984 491 1047 552 iinis
1064 498 1107 552 est
1125 491 1216 567 depre-

203 595 314 654 cemur,
341 584 374 638 ut
395 595 431 638 eu
452 594 526 654 quae
548 585 599 640 tue
619 580 852 655 interrogatione,
880 580 941 638 sive
962 595 1028 638 mee
1047 580 1215 656 responsione

202 663 332 726 eonfeotu
353 670 434 740 sunt,
454 664 614 742 legentibus
635 681 689 725 nec
710 681 769 724 nou
790 670 819 725 et
839 664 1020 726 audientibus
1041 664 1079 724 ed
1099 666 1217 724 meritum

81 797 86 806 .
201 750 364 828 proficient,
391 757 424 810 ut
444 753 486 811 sio
507 751 667 812 aedificatio
695 753 904 827 proximorum,
937 758 1096 826 nostrorum
1121 751 1217 810 iiuotus

202 837 253 898 fiet
272 835 412 898 lobonrm.
447 836 534 915 Quod
554 837 637 900 nobis
658 843 803 914 praestare
824 836 956 915 dignetur
976 841 1036 914 ipse
1050 838 1086 898 de
1106 855 1159 913 quo
1178 834 1217 896 lo·

202 925 329 1000 quimur,
355 922 444 984 Jesus
470 922 598 984 Christus
618 924 761 985 Dominus
791 931 902 1000 noster,
929 924 1028 983 muudi
1055 924 1218 1000 redemptor,

201 1009 356 1071 electorum
370 1011 518 1086 confrater,
539 1010 791 1088 sexangulorum,
813 1017 842 1070 et
862 1012 1030 1072 utbreviter
1051 1010 1218 1082 concludam,

201 1100 269 1173 vito,
292 1114 417 1172 meroes,
438 1102 468 1157 et
487 1096 597 1158 laetitia
619 1099 745 1158 omnium
766 1104 938 1157 sauctorum.
982 1097 1036 1158 cni
1057 1115 1122 1159 eum
1140 1097 1218 1156 Patre

202 1191 230 1244 et
251 1184 357 1260 Spiritu
378 1183 562 1259 eunomiane,
582 1184 674 1245 honor
696 1191 725 1244 et
746 1186 894 1260 imperium
914 1201 967 1261 per
987 1184 1098 1244 infinito
1117 1181 1221 1245 soeculo

199 1270 386 1332 soeculorum.
428 1268 532 1330 Amen.

305 1371 418 1436 Codicis
439 1377 538 1451 eripui
559 1375 643 1434 utrius
664 1381 815 1434 erectorem
835 1377 1030 1448 rosensem„

303 1457 429 1537 Ingeret·
450 1463 483 1520 in
503 1461 640 1533 medium,
661 1461 752 1520 veluti
763 1478 844 1520 novo
857 1459 981 1520 verbulo
995 1478 1145 1537 eparpens.

303 1547 352 1608 se
372 1553 408 1607 ut
429 1550 507 1608 mitio
529 1564 616 1606 amor
637 1553 715 1606 turoi
736 1565 851 1622 ιιιρεια,
873 1550 973 1606 mittut
994 1548 1051 1606 illa

304 1631 452 1710 Uonipot
473 1651 509 1694 uo
529 1651 625 1694 mores
646 1633 741 1696 oddot
759 1640 834 1694 nota
854 1651 927 1694 vero
947 1631 1123 1706 solobwv).

217 2024 288 2095 flii
312 2025 424 2078 Verurn
447 1993 542 2079 diois.
582 2026 669 2092 Quis.
698 2055 729 2066 —
756 2025 789 2095 2)
812 2027 838 2078 iu
860 2025 900 2078 his
929 2025 1064 2094 versibus,
1095 2028 1221 2095 sipriruus

267 2095 401 2148 ruborum
423 2095 520 2148 litteras
542 2097 714 2165 compegeris,
736 2095 803 2148 hune
820 2094 924 2148 hebebis
941 2104 1141 2163 pentametrum:
1268 2105 1269 2124 ³

393 2163 522 2218 Cessrii
545 2181 655 2220 munus
672 2174 777 2248 sumet
800 2167 900 2218 eunice
916 2181 1036 2219 munus.
