<?xml version="1.0" encoding="UTF-8"?>
<!DOCTYPE html PUBLIC "-//W3C//DTD XHTML 1.0 Transitional//EN"
    "http://www.w3.org/TR/xhtml1/DTD/xhtml1-transitional.dtd">
<html xmlns="http://www.w3.org/1999/xhtml" xml:lang="en" lang="en">
 <head>
  <title>
</title>
<meta http-equiv="Content-Type" content="text/html;charset=utf-8" />
  <meta name='ocr-system' content='tesseract 3.04.00' />
  <meta name='ocr-capabilities' content='ocr_page ocr_carea ocr_par ocr_line ocrx_word'/>
</head>
<body>
  <div class='ocr_page' id='page_1' title='image "./caesariiheister05stragoog/caesariiheister05stragoog_0781.png"; bbox 0 0 2564 4306; ppageno 0'>
   <div class='ocr_carea' id='block_1_1' title="bbox 161 230 929 300">
    <p class='ocr_par' dir='ltr' id='par_1_1' title="bbox 161 230 929 300">
     <span class='ocr_line' id='line_1_1' title="bbox 161 230 929 300; baseline -0.008 -1"><span class='ocrx_word' id='word_1_1' title='bbox 161 235 227 300; x_wconf 75' lang='lat' dir='ltr'><strong>uio</strong></span> <span class='ocrx_word' id='word_1_2' title='bbox 432 231 663 298; x_wconf 67' lang='lat' dir='ltr'><strong>pisoniano</strong></span> <span class='ocrx_word' id='word_1_3' title='bbox 686 230 929 296; x_wconf 80' lang='lat' dir='ltr'><strong>DUODEGIMA</strong></span> 
     </span>
    </p>
   </div>
   <div class='ocr_carea' id='block_1_2' title="bbox 155 350 1201 1222">
    <p class='ocr_par' dir='ltr' id='par_1_2' title="bbox 155 350 1201 1222">
     <span class='ocr_line' id='line_1_2' title="bbox 161 350 1197 434; baseline -0.005 -16"><span class='ocrx_word' id='word_1_4' title='bbox 161 352 335 433; x_wconf 88' lang='lat' dir='ltr'><strong>etpedibus</strong></span> <span class='ocrx_word' id='word_1_5' title='bbox 356 353 484 418; x_wconf 87' lang='lat' dir='ltr'><strong>crebrius</strong></span> <span class='ocrx_word' id='word_1_6' title='bbox 503 357 656 434; x_wconf 88' lang='lat' dir='ltr'><strong>inscriptus</strong></span> <span class='ocrx_word' id='word_1_7' title='bbox 677 356 844 433; x_wconf 78' lang='lat' dir='ltr'>apparebat.</span> <span class='ocrx_word' id='word_1_8' title='bbox 886 355 932 414; x_wconf 85' lang='lat' dir='ltr'><strong>Ex</strong></span> <span class='ocrx_word' id='word_1_9' title='bbox 952 352 998 414; x_wconf 91' lang='lat' dir='ltr'><strong>his</strong></span> <span class='ocrx_word' id='word_1_10' title='bbox 1020 368 1096 430; x_wconf 86' lang='lat' dir='ltr'><strong>quac</strong></span> <span class='ocrx_word' id='word_1_11' title='bbox 1125 350 1197 413; x_wconf 87' lang='lat' dir='ltr'><strong>dictu</strong></span> 
     </span>
     <span class='ocr_line' id='line_1_3' title="bbox 160 433 1197 520; baseline -0.004 -16"><span class='ocrx_word' id='word_1_12' title='bbox 160 449 230 504; x_wconf 87' lang='lat' dir='ltr'><strong>aunt</strong></span> <span class='ocrx_word' id='word_1_13' title='bbox 250 442 401 520; x_wconf 77' lang='lat' dir='ltr'>colligitur,</span> <span class='ocrx_word' id='word_1_14' title='bbox 421 442 500 520; x_wconf 87' lang='lat' dir='ltr'><strong>quod</strong></span> <span class='ocrx_word' id='word_1_15' title='bbox 521 445 596 504; x_wconf 86' lang='lat' dir='ltr'><strong>sicut</strong></span> <span class='ocrx_word' id='word_1_16' title='bbox 612 443 695 503; x_wconf 88' lang='lat' dir='ltr'><strong>Deus</strong></span> <span class='ocrx_word' id='word_1_17' title='bbox 716 441 874 502; x_wconf 88' lang='lat' dir='ltr'><strong>secundum</strong></span> <span class='ocrx_word' id='word_1_18' title='bbox 891 433 1065 518; x_wconf 73' lang='lat' dir='ltr'><strong>&#39;qualitatem</strong></span> <span class='ocrx_word' id='word_1_19' title='bbox 1086 445 1117 499; x_wconf 89' lang='lat' dir='ltr'><strong>et</strong></span> <span class='ocrx_word' id='word_1_20' title='bbox 1129 455 1197 500; x_wconf 63' lang='lat' dir='ltr'><strong>vuro-</strong></span> 
     </span>
     <span class='ocr_line' id='line_1_4' title="bbox 161 528 1197 609; baseline -0.004 -19"><span class='ocrx_word' id='word_1_21' title='bbox 161 528 232 590; x_wconf 90' lang='lat' dir='ltr'><strong>dum</strong></span> <span class='ocrx_word' id='word_1_22' title='bbox 252 532 341 608; x_wconf 86' lang='lat' dir='ltr'><strong>punit·</strong></span> <span class='ocrx_word' id='word_1_23' title='bbox 354 536 525 609; x_wconf 83' lang='lat' dir='ltr'><strong>peccatum,</strong></span> <span class='ocrx_word' id='word_1_24' title='bbox 552 532 594 591; x_wconf 89' lang='lat' dir='ltr'><strong>ita</strong></span> <span class='ocrx_word' id='word_1_25' title='bbox 614 536 779 591; x_wconf 87' lang='lat' dir='ltr'><strong>remunerat</strong></span> <span class='ocrx_word' id='word_1_26' title='bbox 799 536 829 590; x_wconf 89' lang='lat' dir='ltr'><strong>et</strong></span> <span class='ocrx_word' id='word_1_27' title='bbox 849 530 998 604; x_wconf 88' lang='lat' dir='ltr'><strong>meritum,</strong></span> <span class='ocrx_word' id='word_1_28' title='bbox 1026 528 1197 588; x_wconf 85' lang='lat' dir='ltr'><strong>maximcin</strong></span> 
     </span>
     <span class='ocr_line' id='line_1_5' title="bbox 161 614 1198 694; baseline -0.004 -17"><span class='ocrx_word' id='word_1_29' title='bbox 161 615 217 678; x_wconf 85' lang='lat' dir='ltr'><strong>illis</strong></span> <span class='ocrx_word' id='word_1_30' title='bbox 238 618 373 677; x_wconf 86' lang='lat' dir='ltr'><strong>membris</strong></span> <span class='ocrx_word' id='word_1_31' title='bbox 386 617 540 677; x_wconf 88' lang='lat' dir='ltr'><strong>osteudens</strong></span> <span class='ocrx_word' id='word_1_32' title='bbox 554 619 667 694; x_wconf 82' lang='lat' dir='ltr'><strong>signum</strong></span> <span class='ocrx_word' id='word_1_33' title='bbox 688 616 807 694; x_wconf 81' lang='lat' dir='ltr'><strong>gloriae,</strong></span> <span class='ocrx_word' id='word_1_34' title='bbox 826 634 879 693; x_wconf 88' lang='lat' dir='ltr'><strong>per</strong></span> <span class='ocrx_word' id='word_1_35' title='bbox 899 632 975 692; x_wconf 87' lang='lat' dir='ltr'><strong>quae</strong></span> <span class='ocrx_word' id='word_1_36' title='bbox 996 614 1046 675; x_wconf 92' lang='lat' dir='ltr'><strong>illa</strong></span> <span class='ocrx_word' id='word_1_37' title='bbox 1067 620 1198 674; x_wconf 87' lang='lat' dir='ltr'><strong>merctur.</strong></span> 
     </span>
     <span class='ocr_line' id='line_1_6' title="bbox 161 699 1199 779; baseline -0.004 -15"><span class='ocrx_word' id='word_1_38' title='bbox 161 701 366 764; x_wconf 84' lang='lat' dir='ltr'><strong>NOVICIUS:</strong></span> <span class='ocrx_word' id='word_1_39' title='bbox 388 702 473 766; x_wconf 82' lang='lat' dir='ltr'>Unde</span> <span class='ocrx_word' id='word_1_40' title='bbox 495 703 639 779; x_wconf 90' lang='lat' dir='ltr'><strong>estquod</strong></span> <span class='ocrx_word' id='word_1_41' title='bbox 660 704 787 763; x_wconf 88' lang='lat' dir='ltr'><strong>humana</strong></span> <span class='ocrx_word' id='word_1_42' title='bbox 807 709 911 763; x_wconf 87' lang='lat' dir='ltr'><strong>ustura</strong></span> <span class='ocrx_word' id='word_1_43' title='bbox 931 709 1044 763; x_wconf 88' lang='lat' dir='ltr'><strong>tantum</strong></span> <span class='ocrx_word' id='word_1_44' title='bbox 1066 699 1199 761; x_wconf 88' lang='lat' dir='ltr'><strong>abhorret</strong></span> 
     </span>
     <span class='ocr_line' id='line_1_7' title="bbox 160 783 1200 868; baseline -0.005 -16"><span class='ocrx_word' id='word_1_45' title='bbox 160 797 293 867; x_wconf 86' lang='lat' dir='ltr'><strong>moriem,</strong></span> <span class='ocrx_word' id='word_1_46' title='bbox 314 807 381 852; x_wconf 89' lang='lat' dir='ltr'><strong>cum</strong></span> <span class='ocrx_word' id='word_1_47' title='bbox 402 797 484 852; x_wconf 89' lang='lat' dir='ltr'><strong>tanta</strong></span> <span class='ocrx_word' id='word_1_48' title='bbox 504 792 579 851; x_wconf 85' lang='lat' dir='ltr'><strong>sitsi</strong></span> <span class='ocrx_word' id='word_1_49' title='bbox 600 789 697 851; x_wconf 89' lang='lat' dir='ltr'><strong>aDeo</strong></span> <span class='ocrx_word' id='word_1_50' title='bbox 718 790 810 868; x_wconf 78' lang='lat' dir='ltr'><strong>gloria</strong></span> <span class='ocrx_word' id='word_1_51' title='bbox 831 788 1024 868; x_wconf 81' lang='lat' dir='ltr'><strong>praeparata?</strong></span> <span class='ocrx_word' id='word_1_52' title='bbox 1065 783 1200 848; x_wconf 85' lang='lat' dir='ltr'>MONA-</span> 
     </span>
     <span class='ocr_line' id='line_1_8' title="bbox 162 873 1200 957; baseline -0.004 -19"><span class='ocrx_word' id='word_1_53' title='bbox 162 875 281 938; x_wconf 82' lang='lat' dir='ltr'><strong>CHUS:</strong></span> <span class='ocrx_word' id='word_1_54' title='bbox 306 877 375 954; x_wconf 88' lang='lat' dir='ltr'><strong>lpse</strong></span> <span class='ocrx_word' id='word_1_55' title='bbox 395 877 461 938; x_wconf 85' lang='lat' dir='ltr'><strong>Rex</strong></span> <span class='ocrx_word' id='word_1_56' title='bbox 481 877 589 957; x_wconf 80' lang='lat' dir='ltr'><strong>gloriae</strong></span> <span class='ocrx_word' id='word_1_57' title='bbox 610 877 700 938; x_wconf 87' lang='lat' dir='ltr'><strong>Jcsua</strong></span> <span class='ocrx_word' id='word_1_58' title='bbox 722 877 853 938; x_wconf 81' lang='lat' dir='ltr'><strong>Christus</strong></span> <span class='ocrx_word' id='word_1_59' title='bbox 873 875 955 936; x_wconf 92' lang='lat' dir='ltr'><strong>Deus</strong></span> <span class='ocrx_word' id='word_1_60' title='bbox 983 881 1013 936; x_wconf 89' lang='lat' dir='ltr'><strong>et</strong></span> <span class='ocrx_word' id='word_1_61' title='bbox 1038 873 1144 952; x_wconf 88' lang='lat' dir='ltr'><strong>homo,</strong></span> <span class='ocrx_word' id='word_1_62' title='bbox 1172 877 1200 934; x_wconf 91' lang='lat' dir='ltr'><strong>in</strong></span> 
     </span>
     <span class='ocr_line' id='line_1_9' title="bbox 160 964 1201 1044; baseline -0.005 -18"><span class='ocrx_word' id='word_1_63' title='bbox 160 969 275 1026; x_wconf 77' lang='lat' dir='ltr'><strong>lantum</strong></span> <span class='ocrx_word' id='word_1_64' title='bbox 296 964 455 1044; x_wconf 88' lang='lat' dir='ltr'><strong>secundum</strong></span> <span class='ocrx_word' id='word_1_65' title='bbox 476 965 691 1025; x_wconf 71' lang='lat' dir='ltr'><strong>sensualitatem</strong></span> <span class='ocrx_word' id='word_1_66' title='bbox 712 971 835 1024; x_wconf 88' lang='lat' dir='ltr'><strong>mortem</strong></span> <span class='ocrx_word' id='word_1_67' title='bbox 856 964 1018 1038; x_wconf 89' lang='lat' dir='ltr'><strong>abhorruit,</strong></span> <span class='ocrx_word' id='word_1_68' title='bbox 1045 968 1080 1023; x_wconf 89' lang='lat' dir='ltr'><strong>ut</strong></span> <span class='ocrx_word' id='word_1_69' title='bbox 1099 964 1201 1022; x_wconf 89' lang='lat' dir='ltr'><strong>timore</strong></span> 
     </span>
     <span class='ocr_line' id='line_1_10' title="bbox 161 1041 1201 1129; baseline -0.003 -17"><span class='ocrx_word' id='word_1_70' title='bbox 161 1049 237 1112; x_wconf 91' lang='lat' dir='ltr'><strong>llllus</strong></span> <span class='ocrx_word' id='word_1_71' title='bbox 258 1053 427 1129; x_wconf 81' lang='lat' dir='ltr'><strong>sangumem</strong></span> <span class='ocrx_word' id='word_1_72' title='bbox 449 1052 574 1113; x_wconf 79' lang='lat' dir='ltr'><strong>auderet.</strong></span> <span class='ocrx_word' id='word_1_73' title='bbox 616 1041 725 1111; x_wconf 76' lang='lat' dir='ltr'><strong>A&#39;nirm</strong></span> <span class='ocrx_word' id='word_1_74' title='bbox 747 1050 914 1112; x_wconf 80' lang='lat' dir='ltr'><strong>naturaliter</strong></span> <span class='ocrx_word' id='word_1_75' title='bbox 941 1051 1051 1127; x_wconf 88' lang='lat' dir='ltr'><strong>appetit</strong></span> <span class='ocrx_word' id='word_1_76' title='bbox 1079 1065 1145 1110; x_wconf 87' lang='lat' dir='ltr'><strong>esse</strong></span> <span class='ocrx_word' id='word_1_77' title='bbox 1172 1049 1201 1109; x_wconf 87' lang='lat' dir='ltr'><strong>iu</strong></span> 
     </span>
     <span class='ocr_line' id='line_1_11' title="bbox 155 1136 1161 1222; baseline -0.006 -22"><span class='ocrx_word' id='word_1_78' title='bbox 155 1145 290 1222; x_wconf 83' lang='lat' dir='ltr'><strong>corpora,</strong></span> <span class='ocrx_word' id='word_1_79' title='bbox 310 1155 365 1200; x_wconf 86' lang='lat' dir='ltr'><strong>uec</strong></span> <span class='ocrx_word' id='word_1_80' title='bbox 384 1145 483 1220; x_wconf 85' lang='lat' dir='ltr'><strong>potest</strong></span> <span class='ocrx_word' id='word_1_81' title='bbox 502 1139 541 1200; x_wconf 87' lang='lat' dir='ltr'><strong>ab</strong></span> <span class='ocrx_word' id='word_1_82' title='bbox 562 1137 611 1200; x_wconf 92' lang='lat' dir='ltr'><strong>lllo</strong></span> <span class='ocrx_word' id='word_1_83' title='bbox 633 1141 760 1218; x_wconf 88' lang='lat' dir='ltr'><strong>separari</strong></span> <span class='ocrx_word' id='word_1_84' title='bbox 781 1139 843 1198; x_wconf 87' lang='lat' dir='ltr'><strong>siue</strong></span> <span class='ocrx_word' id='word_1_85' title='bbox 864 1155 971 1216; x_wconf 74' lang='lat' dir='ltr'><strong>magna</strong></span> <span class='ocrx_word' id='word_1_86' title='bbox 988 1136 1161 1216; x_wconf 79' lang='lat' dir='ltr'><strong>acerbitate.</strong></span> 
     </span>
    </p>
   </div>
   <div class='ocr_carea' id='block_1_3' title="bbox 497 1327 831 1392">
    <p class='ocr_par' dir='ltr' id='par_1_3' title="bbox 497 1327 831 1392">
     <span class='ocr_line' id='line_1_12' title="bbox 497 1327 831 1392; baseline 0.003 -3"><span class='ocrx_word' id='word_1_87' title='bbox 497 1367 500 1374; x_wconf 40' lang='grc' dir='ltr'><strong><em>ι</em></strong></span> <span class='ocrx_word' id='word_1_88' title='bbox 525 1327 761 1392; x_wconf 81' lang='lat' dir='ltr'><strong>CAPITULUM</strong></span> <span class='ocrx_word' id='word_1_89' title='bbox 780 1327 831 1390; x_wconf 83' lang='lat' dir='ltr'><strong>LL</strong></span> 
     </span>
    </p>
   </div>
   <div class='ocr_carea' id='block_1_4' title="bbox 183 1437 1280 1614">
    <p class='ocr_par' dir='ltr' id='par_1_4' title="bbox 183 1437 1280 1614">
     <span class='ocr_line' id='line_1_13' title="bbox 183 1437 1280 1528; baseline -0.006 -15"><span class='ocrx_word' id='word_1_90' title='bbox 183 1449 1181 1528; x_wconf 76' lang='lat' dir='ltr'><strong>Dccoucmoquldu&#39;citpsctuusasauquociloptdcmcaicco</strong></span> <span class='ocrx_word' id='word_1_91' title='bbox 1279 1437 1280 1504; x_wconf 74' lang='lat' dir='ltr'><strong>l</strong></span> 
     </span>
     <span class='ocr_line' id='line_1_14' title="bbox 489 1541 874 1614; baseline 0.005 -18"><span class='ocrx_word' id='word_1_92' title='bbox 489 1541 874 1614; x_wconf 69' lang='lat' dir='ltr'><strong>promummoreretw.</strong></span> 
     </span>
    </p>
   </div>
   <div class='ocr_carea' id='block_1_5' title="bbox 155 1651 1281 3652">
    <p class='ocr_par' dir='ltr' id='par_1_5' title="bbox 155 1651 1281 3652">
     <span class='ocr_line' id='line_1_15' title="bbox 226 1651 1201 1736; baseline -0.004 -18"><span class='ocrx_word' id='word_1_93' title='bbox 226 1655 305 1719; x_wconf 85' lang='lat' dir='ltr'><strong>Ante</strong></span> <span class='ocrx_word' id='word_1_94' title='bbox 326 1651 383 1718; x_wconf 80' lang='lat' dir='ltr'><strong>hoc</strong></span> <span class='ocrx_word' id='word_1_95' title='bbox 405 1657 623 1736; x_wconf 85' lang='lat' dir='ltr'><strong>quadriennium</strong></span> <span class='ocrx_word' id='word_1_96' title='bbox 645 1675 711 1718; x_wconf 90' lang='lat' dir='ltr'><strong>cum</strong></span> <span class='ocrx_word' id='word_1_97' title='bbox 724 1657 808 1718; x_wconf 87' lang='lat' dir='ltr'><strong>Prior</strong></span> <span class='ocrx_word' id='word_1_98' title='bbox 828 1656 945 1734; x_wconf 87' lang='lat' dir='ltr'><strong>quidam</strong></span> <span class='ocrx_word' id='word_1_99' title='bbox 966 1655 1003 1717; x_wconf 88' lang='lat' dir='ltr'><strong>do</strong></span> <span class='ocrx_word' id='word_1_100' title='bbox 1024 1655 1124 1732; x_wconf 73' lang='lat' dir='ltr'><strong>orfflne</strong></span> <span class='ocrx_word' id='word_1_101' title='bbox 1140 1653 1201 1715; x_wconf 89' lang='lat' dir='ltr'><strong>Re-</strong></span> 
     </span>
     <span class='ocr_line' id='line_1_16' title="bbox 160 1741 1201 1826; baseline -0.004 -22"><span class='ocrx_word' id='word_1_102' title='bbox 160 1743 303 1826; x_wconf 76' lang='lat' dir='ltr'><strong>gularium</strong></span> <span class='ocrx_word' id='word_1_103' title='bbox 324 1747 354 1804; x_wconf 94' lang='lat' dir='ltr'><strong>ln</strong></span> <span class='ocrx_word' id='word_1_104' title='bbox 376 1743 501 1822; x_wconf 88' lang='lat' dir='ltr'><strong>quadam</strong></span> <span class='ocrx_word' id='word_1_105' title='bbox 523 1752 603 1808; x_wconf 86' lang='lat' dir='ltr'><strong>euris</strong></span> <span class='ocrx_word' id='word_1_106' title='bbox 623 1747 789 1806; x_wconf 89' lang='lat' dir='ltr'><strong>monasterii</strong></span> <span class='ocrx_word' id='word_1_107' title='bbox 810 1747 855 1804; x_wconf 92' lang='lat' dir='ltr'><strong>sui</strong></span> <span class='ocrx_word' id='word_1_108' title='bbox 874 1744 1003 1822; x_wconf 89' lang='lat' dir='ltr'><strong>hospites</strong></span> <span class='ocrx_word' id='word_1_109' title='bbox 1025 1741 1201 1820; x_wconf 84' lang='lat' dir='ltr'><strong>collegisset,</strong></span> 
     </span>
     <span class='ocr_line' id='line_1_17' title="bbox 163 1827 1281 1909; baseline -0.004 -16"><span class='ocrx_word' id='word_1_110' title='bbox 163 1839 193 1894; x_wconf 89' lang='lat' dir='ltr'><strong>et</strong></span> <span class='ocrx_word' id='word_1_111' title='bbox 212 1834 271 1892; x_wconf 89' lang='lat' dir='ltr'><strong>iam</strong></span> <span class='ocrx_word' id='word_1_112' title='bbox 291 1848 393 1893; x_wconf 89' lang='lat' dir='ltr'><strong>mensa</strong></span> <span class='ocrx_word' id='word_1_113' title='bbox 414 1837 490 1892; x_wconf 84' lang='lat' dir='ltr'><strong>esset</strong></span> <span class='ocrx_word' id='word_1_114' title='bbox 509 1839 696 1909; x_wconf 85' lang='lat' dir='ltr'><strong>praeparata,</strong></span> <span class='ocrx_word' id='word_1_115' title='bbox 724 1833 785 1908; x_wconf 89' lang='lat' dir='ltr'><strong>ipse</strong></span> <span class='ocrx_word' id='word_1_116' title='bbox 806 1839 886 1892; x_wconf 85' lang='lat' dir='ltr'><strong>tanto</strong></span> <span class='ocrx_word' id='word_1_117' title='bbox 909 1847 1013 1908; x_wconf 88' lang='lat' dir='ltr'><strong>sopore</strong></span> <span class='ocrx_word' id='word_1_118' title='bbox 1034 1832 1130 1908; x_wconf 87' lang='lat' dir='ltr'><strong>coepit</strong></span> <span class='ocrx_word' id='word_1_119' title='bbox 1155 1827 1201 1889; x_wconf 84' lang='lat' dir='ltr'><strong>ai-</strong></span> <span class='ocrx_word' id='word_1_120' title='bbox 1280 1895 1281 1906; x_wconf 10' lang='grc' dir='ltr'>χ</span> 
     </span>
     <span class='ocr_line' id='line_1_18' title="bbox 162 1917 1200 1996; baseline -0.002 -18"><span class='ocrx_word' id='word_1_121' title='bbox 162 1917 219 1996; x_wconf 79' lang='lat' dir='ltr'><strong>fici,</strong></span> <span class='ocrx_word' id='word_1_122' title='bbox 240 1925 273 1978; x_wconf 90' lang='lat' dir='ltr'><strong>ut</strong></span> <span class='ocrx_word' id='word_1_123' title='bbox 292 1921 348 1980; x_wconf 88' lang='lat' dir='ltr'><strong>nial</strong></span> <span class='ocrx_word' id='word_1_124' title='bbox 367 1920 448 1979; x_wconf 85' lang='lat' dir='ltr'><strong>oclus</strong></span> <span class='ocrx_word' id='word_1_125' title='bbox 469 1919 607 1979; x_wconf 87' lang='lat' dir='ltr'><strong>dormiret</strong></span> <span class='ocrx_word' id='word_1_126' title='bbox 627 1927 793 1979; x_wconf 86' lang='lat' dir='ltr'><strong>moreretur.</strong></span> <span class='ocrx_word' id='word_1_127' title='bbox 843 1917 988 1996; x_wconf 85' lang='lat' dir='ltr'><strong>Quicum</strong></span> <span class='ocrx_word' id='word_1_128' title='bbox 1009 1919 1039 1976; x_wconf 92' lang='lat' dir='ltr'><strong>in</strong></span> <span class='ocrx_word' id='word_1_129' title='bbox 1065 1917 1140 1977; x_wconf 83' lang='lat' dir='ltr'><strong>lecto</strong></span> <span class='ocrx_word' id='word_1_130' title='bbox 1167 1931 1200 1976; x_wconf 87' lang='lat' dir='ltr'><strong>se</strong></span> 
     </span>
     <span class='ocr_line' id='line_1_19' title="bbox 162 2005 1200 2084; baseline -0.003 -18"><span class='ocrx_word' id='word_1_131' title='bbox 162 2005 345 2081; x_wconf 85' lang='lat' dir='ltr'><strong>reclinasset,</strong></span> <span class='ocrx_word' id='word_1_132' title='bbox 372 2023 441 2066; x_wconf 86' lang='lat' dir='ltr'><strong>mox</strong></span> <span class='ocrx_word' id='word_1_133' title='bbox 462 2006 580 2084; x_wconf 86' lang='lat' dir='ltr'><strong>quidam</strong></span> <span class='ocrx_word' id='word_1_134' title='bbox 605 2008 667 2066; x_wconf 91' lang='lat' dir='ltr'><strong>eius</strong></span> <span class='ocrx_word' id='word_1_135' title='bbox 695 2023 850 2066; x_wconf 82' lang='lat' dir='ltr'><strong>conversus</strong></span> <span class='ocrx_word' id='word_1_136' title='bbox 878 2007 928 2082; x_wconf 88' lang='lat' dir='ltr'><strong>qui</strong></span> <span class='ocrx_word' id='word_1_137' title='bbox 955 2005 1037 2066; x_wconf 85' lang='lat' dir='ltr'><strong>ultori</strong></span> <span class='ocrx_word' id='word_1_138' title='bbox 1063 2005 1200 2082; x_wconf 80' lang='lat' dir='ltr'><strong>grangiae</strong></span> 
     </span>
     <span class='ocr_line' id='line_1_20' title="bbox 163 2091 1201 2172; baseline -0.005 -19"><span class='ocrx_word' id='word_1_139' title='bbox 163 2099 305 2172; x_wconf 77' lang='lat' dir='ltr'><strong>praeerat,</strong></span> <span class='ocrx_word' id='word_1_140' title='bbox 326 2091 489 2152; x_wconf 87' lang='lat' dir='ltr'><strong>dormitanti</strong></span> <span class='ocrx_word' id='word_1_141' title='bbox 509 2093 591 2153; x_wconf 83' lang='lat' dir='ltr'><strong>siluit</strong></span> <span class='ocrx_word' id='word_1_142' title='bbox 612 2093 723 2154; x_wconf 89' lang='lat' dir='ltr'><strong>diceus:</strong></span> <span class='ocrx_word' id='word_1_143' title='bbox 744 2092 870 2153; x_wconf 90' lang='lat' dir='ltr'><strong>Domine</strong></span> <span class='ocrx_word' id='word_1_144' title='bbox 883 2111 950 2153; x_wconf 90' lang='lat' dir='ltr'><strong>oum</strong></span> <span class='ocrx_word' id='word_1_145' title='bbox 969 2093 1085 2153; x_wconf 89' lang='lat' dir='ltr'><strong>licentia</strong></span> <span class='ocrx_word' id='word_1_146' title='bbox 1104 2095 1201 2151; x_wconf 87' lang='lat' dir='ltr'><strong>vestra</strong></span> 
     </span>
     <span class='ocr_line' id='line_1_21' title="bbox 164 2177 1199 2260; baseline -0.005 -20"><span class='ocrx_word' id='word_1_147' title='bbox 164 2179 252 2240; x_wconf 85' lang='lat' dir='ltr'><strong>vado.</strong></span> <span class='ocrx_word' id='word_1_148' title='bbox 288 2177 327 2240; x_wconf 79' lang='lat' dir='ltr'><strong>iit</strong></span> <span class='ocrx_word' id='word_1_149' title='bbox 347 2179 411 2240; x_wconf 88' lang='lat' dir='ltr'><strong>ille:</strong></span> <span class='ocrx_word' id='word_1_150' title='bbox 433 2180 499 2257; x_wconf 85' lang='lat' dir='ltr'><strong>Quo</strong></span> <span class='ocrx_word' id='word_1_151' title='bbox 521 2179 624 2241; x_wconf 78' lang='lat' dir='ltr'><strong>vadis?</strong></span> <span class='ocrx_word' id='word_1_152' title='bbox 660 2180 821 2260; x_wconf 80' lang='lat' dir='ltr'><strong>Respondit</strong></span> <span class='ocrx_word' id='word_1_153' title='bbox 843 2197 1011 2240; x_wconf 86' lang='lat' dir='ltr'><strong>conversus:</strong></span> <span class='ocrx_word' id='word_1_154' title='bbox 1035 2177 1084 2239; x_wconf 90' lang='lat' dir='ltr'><strong>Ad</strong></span> <span class='ocrx_word' id='word_1_155' title='bbox 1103 2177 1199 2238; x_wconf 89' lang='lat' dir='ltr'><strong>Deum</strong></span> 
     </span>
     <span class='ocr_line' id='line_1_22' title="bbox 164 2262 1199 2343; baseline -0.004 -17"><span class='ocrx_word' id='word_1_156' title='bbox 164 2265 250 2343; x_wconf 85' lang='lat' dir='ltr'><strong>vado,</strong></span> <span class='ocrx_word' id='word_1_157' title='bbox 270 2267 339 2343; x_wconf 85' lang='lat' dir='ltr'><strong>quia</strong></span> <span class='ocrx_word' id='word_1_158' title='bbox 358 2263 489 2327; x_wconf 77' lang='lat' dir='ltr'><strong>mortuina</strong></span> <span class='ocrx_word' id='word_1_159' title='bbox 509 2285 574 2328; x_wconf 91' lang='lat' dir='ltr'><strong>sum</strong></span> <span class='ocrx_word' id='word_1_160' title='bbox 595 2269 624 2326; x_wconf 95' lang='lat' dir='ltr'><strong>in</strong></span> <span class='ocrx_word' id='word_1_161' title='bbox 644 2267 701 2327; x_wconf 93' lang='lat' dir='ltr'><strong>hac</strong></span> <span class='ocrx_word' id='word_1_162' title='bbox 721 2267 803 2328; x_wconf 90' lang='lat' dir='ltr'><strong>hora.</strong></span> <span class='ocrx_word' id='word_1_163' title='bbox 844 2267 883 2326; x_wconf 86' lang='lat' dir='ltr'><strong>Et</strong></span> <span class='ocrx_word' id='word_1_164' title='bbox 903 2267 1000 2328; x_wconf 90' lang='lat' dir='ltr'><strong>Prior:</strong></span> <span class='ocrx_word' id='word_1_165' title='bbox 1023 2265 1097 2325; x_wconf 77' lang='lat' dir='ltr'><strong>eum</strong></span> <span class='ocrx_word' id='word_1_166' title='bbox 1118 2262 1199 2324; x_wconf 85' lang='lat' dir='ltr'><strong>muld</strong></span> 
     </span>
     <span class='ocr_line' id='line_1_23' title="bbox 163 2351 1199 2432; baseline -0.003 -19"><span class='ocrx_word' id='word_1_167' title='bbox 163 2354 281 2432; x_wconf 85' lang='lat' dir='ltr'><strong>perlecti</strong></span> <span class='ocrx_word' id='word_1_168' title='bbox 294 2355 349 2414; x_wconf 85' lang='lat' dir='ltr'><strong>viri</strong></span> <span class='ocrx_word' id='word_1_169' title='bbox 368 2360 516 2415; x_wconf 69' lang='lat' dir='ltr'><strong>nauseant</strong></span> <span class='ocrx_word' id='word_1_170' title='bbox 534 2373 587 2431; x_wconf 92' lang='lat' dir='ltr'><strong>per</strong></span> <span class='ocrx_word' id='word_1_171' title='bbox 606 2357 812 2431; x_wconf 82' lang='lat' dir='ltr'><strong>purgatorium,</strong></span> <span class='ocrx_word' id='word_1_172' title='bbox 833 2353 903 2432; x_wconf 89' lang='lat' dir='ltr'><strong>quid</strong></span> <span class='ocrx_word' id='word_1_173' title='bbox 925 2360 969 2414; x_wconf 87' lang='lat' dir='ltr'><strong>cst</strong></span> <span class='ocrx_word' id='word_1_174' title='bbox 989 2351 1068 2430; x_wconf 90' lang='lat' dir='ltr'><strong>quod</strong></span> <span class='ocrx_word' id='word_1_175' title='bbox 1088 2358 1120 2420; x_wconf 83' lang='lat' dir='ltr'><strong>tu</strong></span> <span class='ocrx_word' id='word_1_176' title='bbox 1139 2357 1199 2410; x_wconf 90' lang='lat' dir='ltr'><strong>tam</strong></span> 
     </span>
     <span class='ocr_line' id='line_1_24' title="bbox 164 2435 1199 2513; baseline -0.006 -12"><span class='ocrx_word' id='word_1_177' title='bbox 164 2440 297 2501; x_wconf 89' lang='lat' dir='ltr'><strong>absolute</strong></span> <span class='ocrx_word' id='word_1_178' title='bbox 319 2439 389 2500; x_wconf 86' lang='lat' dir='ltr'><strong>dicis</strong></span> <span class='ocrx_word' id='word_1_179' title='bbox 418 2449 446 2500; x_wconf 90' lang='lat' dir='ltr'><strong>te</strong></span> <span class='ocrx_word' id='word_1_180' title='bbox 468 2443 565 2501; x_wconf 82' lang='lat' dir='ltr'><strong>statim</strong></span> <span class='ocrx_word' id='word_1_181' title='bbox 587 2457 650 2502; x_wconf 90' lang='lat' dir='ltr'><strong>csse</strong></span> <span class='ocrx_word' id='word_1_182' title='bbox 678 2443 783 2500; x_wconf 87' lang='lat' dir='ltr'><strong>iturum</strong></span> <span class='ocrx_word' id='word_1_183' title='bbox 811 2440 850 2500; x_wconf 93' lang='lat' dir='ltr'><strong>ad</strong></span> <span class='ocrx_word' id='word_1_184' title='bbox 878 2439 996 2501; x_wconf 78' lang='lat' dir='ltr'><strong>Deum?</strong></span> <span class='ocrx_word' id='word_1_185' title='bbox 1046 2439 1095 2498; x_wconf 89' lang='lat' dir='ltr'><strong>Ad</strong></span> <span class='ocrx_word' id='word_1_186' title='bbox 1123 2435 1199 2513; x_wconf 91' lang='lat' dir='ltr'><strong>quod</strong></span> 
     </span>
     <span class='ocr_line' id='line_1_25' title="bbox 163 2526 1200 2604; baseline -0.005 -18"><span class='ocrx_word' id='word_1_187' title='bbox 163 2526 212 2588; x_wconf 89' lang='lat' dir='ltr'><strong>llle</strong></span> <span class='ocrx_word' id='word_1_188' title='bbox 231 2528 393 2604; x_wconf 86' lang='lat' dir='ltr'><strong>respondit:</strong></span> <span class='ocrx_word' id='word_1_189' title='bbox 414 2527 826 2600; x_wconf 75' lang='lat' dir='ltr'><strong>Habebameonsuetudinem</strong></span> <span class='ocrx_word' id='word_1_190' title='bbox 848 2533 881 2586; x_wconf 91' lang='lat' dir='ltr'><strong>ut</strong></span> <span class='ocrx_word' id='word_1_191' title='bbox 901 2530 1034 2604; x_wconf 86' lang='lat' dir='ltr'><strong>quotiens</strong></span> <span class='ocrx_word' id='word_1_192' title='bbox 1053 2527 1200 2586; x_wconf 87' lang='lat' dir='ltr'><strong>transirem</strong></span> 
     </span>
     <span class='ocr_line' id='line_1_26' title="bbox 155 2611 1199 2694; baseline -0.004 -19"><span class='ocrx_word' id='word_1_193' title='bbox 155 2623 263 2675; x_wconf 84' lang='lat' dir='ltr'><strong>&#39;coram</strong></span> <span class='ocrx_word' id='word_1_194' title='bbox 284 2615 429 2691; x_wconf 87' lang='lat' dir='ltr'><strong>crucifixo,</strong></span> <span class='ocrx_word' id='word_1_195' title='bbox 450 2613 525 2675; x_wconf 88' lang='lat' dir='ltr'><strong>hanc</strong></span> <span class='ocrx_word' id='word_1_196' title='bbox 547 2615 671 2675; x_wconf 83' lang='lat' dir='ltr'><strong>dicerem</strong></span> <span class='ocrx_word' id='word_1_197' title='bbox 693 2617 865 2694; x_wconf 85' lang='lat' dir='ltr'><strong>orationem:</strong></span> <span class='ocrx_word' id='word_1_198' title='bbox 892 2614 1018 2674; x_wconf 90' lang='lat' dir='ltr'><strong>Domine</strong></span> <span class='ocrx_word' id='word_1_199' title='bbox 1044 2629 1096 2691; x_wconf 89' lang='lat' dir='ltr'><strong>per</strong></span> <span class='ocrx_word' id='word_1_200' title='bbox 1121 2611 1199 2671; x_wconf 86' lang='lat' dir='ltr'><strong>illam</strong></span> 
     </span>
     <span class='ocr_line' id='line_1_27' title="bbox 163 2700 1200 2782; baseline -0.004 -22"><span class='ocrx_word' id='word_1_201' title='bbox 163 2701 382 2761; x_wconf 89' lang='lat' dir='ltr'><strong>amaritudinem</strong></span> <span class='ocrx_word' id='word_1_202' title='bbox 404 2719 492 2778; x_wconf 88' lang='lat' dir='ltr'><strong>quam</strong></span> <span class='ocrx_word' id='word_1_203' title='bbox 513 2703 671 2762; x_wconf 89' lang='lat' dir='ltr'><strong>sustinuisti</strong></span> <span class='ocrx_word' id='word_1_204' title='bbox 691 2708 809 2779; x_wconf 84' lang='lat' dir='ltr'><strong>propter</strong></span> <span class='ocrx_word' id='word_1_205' title='bbox 829 2717 876 2761; x_wconf 89' lang='lat' dir='ltr'><strong>me</strong></span> <span class='ocrx_word' id='word_1_206' title='bbox 897 2704 927 2760; x_wconf 93' lang='lat' dir='ltr'><strong>in</strong></span> <span class='ocrx_word' id='word_1_207' title='bbox 949 2718 1050 2775; x_wconf 87' lang='lat' dir='ltr'><strong>cruce,</strong></span> <span class='ocrx_word' id='word_1_208' title='bbox 1078 2700 1200 2782; x_wconf 80' lang='lat' dir='ltr'><strong>maxime</strong></span> 
     </span>
     <span class='ocr_line' id='line_1_28' title="bbox 164 2787 1199 2866; baseline -0.003 -19"><span class='ocrx_word' id='word_1_209' title='bbox 164 2787 280 2864; x_wconf 87' lang='lat' dir='ltr'><strong>quando</strong></span> <span class='ocrx_word' id='word_1_210' title='bbox 302 2791 398 2850; x_wconf 85' lang='lat' dir='ltr'><strong>anima</strong></span> <span class='ocrx_word' id='word_1_211' title='bbox 419 2794 470 2848; x_wconf 84' lang='lat' dir='ltr'><strong>tua</strong></span> <span class='ocrx_word' id='word_1_212' title='bbox 492 2805 608 2866; x_wconf 80' lang='lat' dir='ltr'><strong>egressa</strong></span> <span class='ocrx_word' id='word_1_213' title='bbox 629 2794 673 2848; x_wconf 86' lang='lat' dir='ltr'><strong>est</strong></span> <span class='ocrx_word' id='word_1_214' title='bbox 695 2787 731 2848; x_wconf 93' lang='lat' dir='ltr'><strong>de</strong></span> <span class='ocrx_word' id='word_1_215' title='bbox 753 2805 872 2865; x_wconf 86' lang='lat' dir='ltr'><strong>corpore</strong></span> <span class='ocrx_word' id='word_1_216' title='bbox 894 2795 960 2864; x_wconf 89' lang='lat' dir='ltr'><strong>tuo,</strong></span> <span class='ocrx_word' id='word_1_217' title='bbox 981 2789 1115 2848; x_wconf 88' lang='lat' dir='ltr'><strong>miserere</strong></span> <span class='ocrx_word' id='word_1_218' title='bbox 1135 2787 1199 2844; x_wconf 89' lang='lat' dir='ltr'><strong>ani-</strong></span> 
     </span>
     <span class='ocr_line' id='line_1_29' title="bbox 163 2874 1201 2953; baseline -0.002 -19"><span class='ocrx_word' id='word_1_219' title='bbox 163 2890 230 2936; x_wconf 90' lang='lat' dir='ltr'><strong>mae</strong></span> <span class='ocrx_word' id='word_1_220' title='bbox 251 2891 334 2936; x_wconf 86' lang='lat' dir='ltr'><strong>meae</strong></span> <span class='ocrx_word' id='word_1_221' title='bbox 355 2877 385 2936; x_wconf 90' lang='lat' dir='ltr'><strong>in</strong></span> <span class='ocrx_word' id='word_1_222' title='bbox 407 2893 525 2953; x_wconf 80' lang='lat' dir='ltr'><strong>egrcsm</strong></span> <span class='ocrx_word' id='word_1_223' title='bbox 553 2891 616 2936; x_wconf 88' lang='lat' dir='ltr'><strong>suo.</strong></span> <span class='ocrx_word' id='word_1_224' title='bbox 668 2874 708 2936; x_wconf 81' lang='lat' dir='ltr'><strong>Et</strong></span> <span class='ocrx_word' id='word_1_225' title='bbox 737 2875 885 2936; x_wconf 85' lang='lat' dir='ltr'><strong>exaudivit</strong></span> <span class='ocrx_word' id='word_1_226' title='bbox 913 2877 1072 2935; x_wconf 84' lang='lat' dir='ltr'><strong>orationem</strong></span> <span class='ocrx_word' id='word_1_227' title='bbox 1100 2888 1201 2940; x_wconf 83' lang='lat' dir='ltr'><strong>meam</strong></span> 
     </span>
     <span class='ocr_line' id='line_1_30' title="bbox 162 2957 1200 3040; baseline -0.002 -20"><span class='ocrx_word' id='word_1_228' title='bbox 162 2961 321 3039; x_wconf 90' lang='lat' dir='ltr'><strong>Dominus,</strong></span> <span class='ocrx_word' id='word_1_229' title='bbox 348 2963 464 3040; x_wconf 89' lang='lat' dir='ltr'><strong>meique</strong></span> <span class='ocrx_word' id='word_1_230' title='bbox 492 2965 625 3023; x_wconf 86' lang='lat' dir='ltr'><strong>misertus</strong></span> <span class='ocrx_word' id='word_1_231' title='bbox 655 2968 708 3022; x_wconf 83' lang='lat' dir='ltr'><strong>est</strong></span> <span class='ocrx_word' id='word_1_232' title='bbox 757 2962 796 3021; x_wconf 88' lang='lat' dir='ltr'><strong>Et</strong></span> <span class='ocrx_word' id='word_1_233' title='bbox 822 2961 893 3022; x_wconf 87' lang='lat' dir='ltr'><strong>dixit</strong></span> <span class='ocrx_word' id='word_1_234' title='bbox 920 2961 1016 3020; x_wconf 86' lang='lat' dir='ltr'><strong>Prior:</strong></span> <span class='ocrx_word' id='word_1_235' title='bbox 1047 2957 1200 3038; x_wconf 85' lang='lat' dir='ltr'><strong>Quomodo</strong></span> 
     </span>
     <span class='ocr_line' id='line_1_31' title="bbox 161 3047 1201 3125; baseline -0.003 -16"><span class='ocrx_word' id='word_1_236' title='bbox 161 3047 216 3109; x_wconf 80' lang='lat' dir='ltr'><strong>fuit</strong></span> <span class='ocrx_word' id='word_1_237' title='bbox 239 3049 292 3109; x_wconf 88' lang='lat' dir='ltr'><strong>tibi</strong></span> <span class='ocrx_word' id='word_1_238' title='bbox 319 3048 471 3109; x_wconf 80' lang='lat' dir='ltr'><strong>morienti?</strong></span> <span class='ocrx_word' id='word_1_239' title='bbox 526 3047 701 3125; x_wconf 87' lang='lat' dir='ltr'><strong>Respondit:</strong></span> <span class='ocrx_word' id='word_1_240' title='bbox 736 3047 900 3109; x_wconf 85' lang='lat' dir='ltr'><strong>Videbatur</strong></span> <span class='ocrx_word' id='word_1_241' title='bbox 926 3047 996 3106; x_wconf 93' lang='lat' dir='ltr'><strong>mihi</strong></span> <span class='ocrx_word' id='word_1_242' title='bbox 1023 3049 1053 3107; x_wconf 88' lang='lat' dir='ltr'><strong>iu</strong></span> <span class='ocrx_word' id='word_1_243' title='bbox 1081 3047 1201 3124; x_wconf 88' lang='lat' dir='ltr'><strong>agonia,</strong></span> 
     </span>
     <span class='ocr_line' id='line_1_32' title="bbox 162 3133 1201 3214; baseline 0 -20"><span class='ocrx_word' id='word_1_244' title='bbox 162 3133 242 3214; x_wconf 87' lang='lat' dir='ltr'><strong>quod</strong></span> <span class='ocrx_word' id='word_1_245' title='bbox 263 3142 341 3195; x_wconf 87' lang='lat' dir='ltr'><strong>totus</strong></span> <span class='ocrx_word' id='word_1_246' title='bbox 362 3134 487 3196; x_wconf 87' lang='lat' dir='ltr'><strong>mundus</strong></span> <span class='ocrx_word' id='word_1_247' title='bbox 509 3142 585 3196; x_wconf 87' lang='lat' dir='ltr'><strong>esset</strong></span> <span class='ocrx_word' id='word_1_248' title='bbox 601 3135 675 3212; x_wconf 88' lang='lat' dir='ltr'><strong>lapis</strong></span> <span class='ocrx_word' id='word_1_249' title='bbox 697 3153 781 3212; x_wconf 86' lang='lat' dir='ltr'><strong>unus,</strong></span> <span class='ocrx_word' id='word_1_250' title='bbox 802 3141 831 3196; x_wconf 91' lang='lat' dir='ltr'><strong>et</strong></span> <span class='ocrx_word' id='word_1_251' title='bbox 851 3141 994 3212; x_wconf 87' lang='lat' dir='ltr'><strong>premeret</strong></span> <span class='ocrx_word' id='word_1_252' title='bbox 1014 3138 1116 3211; x_wconf 83' lang='lat' dir='ltr'><strong>pectus</strong></span> <span class='ocrx_word' id='word_1_253' title='bbox 1136 3149 1201 3194; x_wconf 61' lang='lat' dir='ltr'><strong>mu</strong></span> 
     </span>
     <span class='ocr_line' id='line_1_33' title="bbox 161 3219 1204 3296; baseline -0.004 -13"><span class='ocrx_word' id='word_1_254' title='bbox 161 3239 222 3283; x_wconf 84' lang='lat' dir='ltr'><strong>nm.</strong></span> <span class='ocrx_word' id='word_1_255' title='bbox 263 3219 470 3283; x_wconf 79' lang='lat' dir='ltr'><strong>NOVIOIUS:</strong></span> <span class='ocrx_word' id='word_1_256' title='bbox 496 3221 597 3283; x_wconf 84' lang='lat' dir='ltr'><strong>Verba</strong></span> <span class='ocrx_word' id='word_1_257' title='bbox 617 3222 703 3282; x_wconf 88' lang='lat' dir='ltr'><strong>huius</strong></span> <span class='ocrx_word' id='word_1_258' title='bbox 725 3225 855 3283; x_wconf 85' lang='lat' dir='ltr'><strong>conversi</strong></span> <span class='ocrx_word' id='word_1_259' title='bbox 879 3222 934 3282; x_wconf 90' lang='lat' dir='ltr'><strong>illia</strong></span> <span class='ocrx_word' id='word_1_260' title='bbox 955 3220 1132 3283; x_wconf 83' lang='lat' dir='ltr'><strong>concordant</strong></span> <span class='ocrx_word' id='word_1_261' title='bbox 1151 3220 1204 3296; x_wconf 87' lang='lat' dir='ltr'><strong>qui</strong></span> 
     </span>
     <span class='ocr_line' id='line_1_34' title="bbox 163 3306 1204 3391; baseline 0 -23"><span class='ocrx_word' id='word_1_262' title='bbox 163 3308 263 3370; x_wconf 88' lang='lat' dir='ltr'><strong>dicunt</strong></span> <span class='ocrx_word' id='word_1_263' title='bbox 282 3309 392 3369; x_wconf 87' lang='lat' dir='ltr'><strong>nullam</strong></span> <span class='ocrx_word' id='word_1_264' title='bbox 412 3325 536 3386; x_wconf 86' lang='lat' dir='ltr'><strong>poenam</strong></span> <span class='ocrx_word' id='word_1_265' title='bbox 556 3312 586 3368; x_wconf 90' lang='lat' dir='ltr'><strong>in</strong></span> <span class='ocrx_word' id='word_1_266' title='bbox 607 3310 664 3370; x_wconf 91' lang='lat' dir='ltr'><strong>hoe</strong></span> <span class='ocrx_word' id='word_1_267' title='bbox 678 3310 785 3369; x_wconf 89' lang='lat' dir='ltr'><strong>mundo</strong></span> <span class='ocrx_word' id='word_1_268' title='bbox 797 3306 814 3391; x_wconf 89' lang='lat'><strong>¹)</strong></span> <span class='ocrx_word' id='word_1_269' title='bbox 832 3311 1002 3369; x_wconf 86' lang='lat' dir='ltr'><strong>amariorem</strong></span> <span class='ocrx_word' id='word_1_270' title='bbox 1020 3309 1204 3386; x_wconf 87' lang='lat' dir='ltr'><strong>separatione</strong></span> 
     </span>
     <span class='ocr_line' id='line_1_35' title="bbox 163 3395 1204 3473; baseline -0.003 -16"><span class='ocrx_word' id='word_1_271' title='bbox 163 3397 290 3473; x_wconf 87' lang='lat' dir='ltr'><strong>corporis</strong></span> <span class='ocrx_word' id='word_1_272' title='bbox 312 3402 341 3457; x_wconf 87' lang='lat' dir='ltr'><strong>et</strong></span> <span class='ocrx_word' id='word_1_273' title='bbox 361 3399 484 3458; x_wconf 85' lang='lat' dir='ltr'><strong>animae.</strong></span> <span class='ocrx_word' id='word_1_274' title='bbox 525 3395 764 3458; x_wconf 80' lang='lat' dir='ltr'><strong>MONAGHUS:</strong></span> <span class='ocrx_word' id='word_1_275' title='bbox 786 3395 877 3458; x_wconf 81' lang='lat' dir='ltr'><strong>Sicuti</strong></span> <span class='ocrx_word' id='word_1_276' title='bbox 897 3395 965 3456; x_wconf 86' lang='lat' dir='ltr'><strong>alibi</strong></span> <span class='ocrx_word' id='word_1_277' title='bbox 988 3395 1062 3472; x_wconf 83' lang='lat' dir='ltr'><strong>dixi,</strong></span> <span class='ocrx_word' id='word_1_278' title='bbox 1090 3395 1127 3455; x_wconf 85' lang='lat' dir='ltr'><strong>do</strong></span> <span class='ocrx_word' id='word_1_279' title='bbox 1154 3397 1204 3454; x_wconf 91' lang='lat' dir='ltr'><strong>in-</strong></span> 
     </span>
     <span class='ocr_line' id='line_1_36' title="bbox 162 3481 1205 3568; baseline -0.002 -23"><span class='ocrx_word' id='word_1_280' title='bbox 162 3485 246 3545; x_wconf 86' lang='lat' dir='ltr'><strong>certis</strong></span> <span class='ocrx_word' id='word_1_281' title='bbox 267 3499 326 3545; x_wconf 90' lang='lat' dir='ltr'><strong>nou</strong></span> <span class='ocrx_word' id='word_1_282' title='bbox 346 3481 439 3545; x_wconf 86' lang='lat' dir='ltr'><strong>audeo</strong></span> <span class='ocrx_word' id='word_1_283' title='bbox 461 3482 595 3544; x_wconf 87' lang='lat' dir='ltr'><strong>iudicare.</strong></span> <span class='ocrx_word' id='word_1_284' title='bbox 633 3483 701 3544; x_wconf 84' lang='lat' dir='ltr'><strong>Seio</strong></span> <span class='ocrx_word' id='word_1_285' title='bbox 718 3485 799 3568; x_wconf 19' lang='lat' dir='ltr'><strong>*cuim</strong></span> <span class='ocrx_word' id='word_1_286' title='bbox 820 3482 898 3561; x_wconf 90' lang='lat' dir='ltr'><strong>quod</strong></span> <span class='ocrx_word' id='word_1_287' title='bbox 919 3485 972 3544; x_wconf 88' lang='lat' dir='ltr'><strong>viri</strong></span> <span class='ocrx_word' id='word_1_288' title='bbox 991 3482 1112 3560; x_wconf 85' lang='lat' dir='ltr'><strong>perfecti</strong></span> <span class='ocrx_word' id='word_1_289' title='bbox 1131 3499 1205 3559; x_wconf 92' lang='lat' dir='ltr'><strong>pro-</strong></span> 
     </span>
     <span class='ocr_line' id='line_1_37' title="bbox 161 3569 1206 3652; baseline -0.002 -20"><span class='ocrx_word' id='word_1_290' title='bbox 161 3577 227 3652; x_wconf 89' lang='lat' dir='ltr'><strong>pter</strong></span> <span class='ocrx_word' id='word_1_291' title='bbox 245 3573 337 3632; x_wconf 84' lang='lat' dir='ltr'><strong>vitam</strong></span> <span class='ocrx_word' id='word_1_292' title='bbox 351 3569 476 3632; x_wconf 75' lang='lat' dir='ltr'><strong>mauram</strong></span> <span class='ocrx_word' id='word_1_293' title='bbox 488 3569 662 3650; x_wconf 86' lang='lat' dir='ltr'><strong>quandoque</strong></span> <span class='ocrx_word' id='word_1_294' title='bbox 683 3569 771 3632; x_wconf 86' lang='lat' dir='ltr'><strong>valde</strong></span> <span class='ocrx_word' id='word_1_295' title='bbox 784 3569 917 3634; x_wconf 87' lang='lat' dir='ltr'><strong>ardenter</strong></span> <span class='ocrx_word' id='word_1_296' title='bbox 937 3570 1103 3632; x_wconf 87' lang='lat' dir='ltr'><strong>desiderant</strong></span> <span class='ocrx_word' id='word_1_297' title='bbox 1122 3586 1206 3632; x_wconf 87' lang='lat' dir='ltr'><strong>mor·</strong></span> 
     </span>
    </p>
   </div>
   <div class='ocr_carea' id='block_1_6' title="bbox 180 3805 421 3877">
    <p class='ocr_par' dir='ltr' id='par_1_6' title="bbox 180 3805 421 3877">
     <span class='ocr_line' id='line_1_38' title="bbox 180 3805 421 3877; baseline -0.004 -16"><span class='ocrx_word' id='word_1_298' title='bbox 180 3807 212 3877; x_wconf 84' lang='lat'><strong>1)</strong></span> <span class='ocrx_word' id='word_1_299' title='bbox 229 3806 252 3862; x_wconf 73' lang='lat'><strong>1⁴*</strong></span> <span class='ocrx_word' id='word_1_300' title='bbox 269 3805 319 3862; x_wconf 90' lang='lat' dir='ltr'><strong>add</strong></span> <span class='ocrx_word' id='word_1_301' title='bbox 337 3823 421 3863; x_wconf 84' lang='lat' dir='ltr'><strong>case.</strong></span> 
     </span>
    </p>
   </div>
   <div class='ocr_carea' id='block_1_7' title="bbox 0 0 1290 4306">
    <p class='ocr_par' dir='ltr' id='par_1_7' title="bbox 0 0 1290 4306">
     <span class='ocr_line' id='line_1_39' title="bbox 0 0 1290 4306; baseline 0 0"><span class='ocrx_word' id='word_1_302' title='bbox 0 0 1290 4306; x_wconf 95' lang='lat' dir='ltr'><strong> </strong></span> 
     </span>
    </p>
   </div>
  </div>
 </body>
</html>
