<?xml version="1.0" encoding="UTF-8"?>
<!DOCTYPE html PUBLIC "-//W3C//DTD XHTML 1.0 Transitional//EN"
    "http://www.w3.org/TR/xhtml1/DTD/xhtml1-transitional.dtd">
<html xmlns="http://www.w3.org/1999/xhtml" xml:lang="en" lang="en">
 <head>
  <title>
</title>
<meta http-equiv="Content-Type" content="text/html;charset=utf-8" />
  <meta name='ocr-system' content='tesseract 3.04.00' />
  <meta name='ocr-capabilities' content='ocr_page ocr_carea ocr_par ocr_line ocrx_word'/>
</head>
<body>
  <div class='ocr_page' id='page_1' title='image "./caesariiheister05stragoog/caesariiheister05stragoog_0616.png"; bbox 0 0 2594 4302; ppageno 0'>
   <div class='ocr_carea' id='block_1_1' title="bbox 343 295 1101 362">
    <p class='ocr_par' dir='ltr' id='par_1_1' title="bbox 343 295 1101 362">
     <span class='ocr_line' id='line_1_1' title="bbox 343 295 1101 362; baseline 0.003 -4"><span class='ocrx_word' id='word_1_1' title='bbox 343 295 605 362; x_wconf 69' lang='lat' dir='ltr'>DE&#39;OORPORE</span> <span class='ocrx_word' id='word_1_2' title='bbox 627 295 794 362; x_wconf 71' lang='lat' dir='ltr'><strong>numism.</strong></span> <span class='ocrx_word' id='word_1_3' title='bbox 1040 296 1101 360; x_wconf 80' lang='lat' dir='ltr'><strong>sal</strong></span> 
     </span>
    </p>
   </div>
   <div class='ocr_carea' id='block_1_2' title="bbox 388 505 905 568">
    <p class='ocr_par' dir='ltr' id='par_1_2' title="bbox 388 505 905 568">
     <span class='ocr_line' id='line_1_2' title="bbox 388 505 905 568; baseline 0.002 -2"><span class='ocrx_word' id='word_1_4' title='bbox 388 505 624 568; x_wconf 59' lang='lat' dir='ltr'>‘CAPITUIAUM</span> <span class='ocrx_word' id='word_1_5' title='bbox 645 505 781 568; x_wconf 82' lang='lat' dir='ltr'>XXXV.</span> <span class='ocrx_word' id='word_1_6' title='bbox 883 518 905 556; x_wconf 73' lang='lat'><strong>&#39;¹²</strong></span> 
     </span>
    </p>
   </div>
   <div class='ocr_carea' id='block_1_3' title="bbox 96 625 1061 778">
    <p class='ocr_par' dir='ltr' id='par_1_3' title="bbox 96 625 1061 778">
     <span class='ocr_line' id='line_1_3' title="bbox 96 625 1061 708; baseline 0 -20"><span class='ocrx_word' id='word_1_7' title='bbox 96 629 144 688; x_wconf 86' lang='lat' dir='ltr'><strong>De</strong></span> <span class='ocrx_word' id='word_1_8' title='bbox 161 625 279 704; x_wconf 73' lang='lat' dir='ltr'><strong>femiam</strong></span> <span class='ocrx_word' id='word_1_9' title='bbox 299 627 438 706; x_wconf 67' lang='lat' dir='ltr'><strong>religiosa</strong></span> <span class='ocrx_word' id='word_1_10' title='bbox 459 627 647 688; x_wconf 81' lang='lat' dir='ltr'><strong>Brobaottoc</strong></span> <span class='ocrx_word' id='word_1_11' title='bbox 668 625 914 706; x_wconf 70' lang='lat' dir='ltr'><strong>quemchristus</strong></span> <span class='ocrx_word' id='word_1_12' title='bbox 932 628 1061 708; x_wconf 70' lang='lat' dir='ltr'><strong>prepete</strong></span> 
     </span>
     <span class='ocr_line' id='line_1_4' title="bbox 390 715 783 778; baseline 0 -4"><span class='ocrx_word' id='word_1_13' title='bbox 390 715 527 776; x_wconf 73' lang='lat' dir='ltr'><strong>mamone</strong></span> <span class='ocrx_word' id='word_1_14' title='bbox 548 718 783 778; x_wconf 78' lang='lat' dir='ltr'><strong><em>communicavit.</em></strong></span> 
     </span>
    </p>
   </div>
   <div class='ocr_carea' id='block_1_4' title="bbox 64 851 1176 1194">
    <p class='ocr_par' dir='ltr' id='par_1_4' title="bbox 64 851 1176 1194">
     <span class='ocr_line' id='line_1_5' title="bbox 128 851 1104 930; baseline 0 -18"><span class='ocrx_word' id='word_1_15' title='bbox 128 851 263 912; x_wconf 87' lang='lat' dir='ltr'><strong>Nondum</strong></span> <span class='ocrx_word' id='word_1_16' title='bbox 278 852 335 912; x_wconf 87' lang='lat' dir='ltr'><strong>duo</strong></span> <span class='ocrx_word' id='word_1_17' title='bbox 356 855 510 913; x_wconf 81' lang='lat' dir='ltr'><strong>armi-sunt</strong></span> <span class='ocrx_word' id='word_1_18' title='bbox 531 852 622 930; x_wconf 86' lang='lat' dir='ltr'><strong>elapsi</strong></span> <span class='ocrx_word' id='word_1_19' title='bbox 642 853 722 930; x_wconf 89' lang='lat' dir='ltr'><strong>qnod</strong></span> <span class='ocrx_word' id='word_1_20' title='bbox 741 851 886 929; x_wconf 85' lang='lat' dir='ltr'><strong>quaedam</strong></span> <span class='ocrx_word' id='word_1_21' title='bbox 905 852 1040 930; x_wconf 88' lang='lat' dir='ltr'><strong>religiosa</strong></span> <span class='ocrx_word' id='word_1_22' title='bbox 1058 852 1104 913; x_wconf 84' lang='lat' dir='ltr'><strong>ic·</strong></span> 
     </span>
     <span class='ocr_line' id='line_1_6' title="bbox 64 931 1104 1020; baseline 0 -21"><span class='ocrx_word' id='word_1_23' title='bbox 64 931 143 1000; x_wconf 83' lang='lat' dir='ltr'><strong>mina</strong></span> <span class='ocrx_word' id='word_1_24' title='bbox 170 943 200 998; x_wconf 93' lang='lat' dir='ltr'><strong>in</strong></span> <span class='ocrx_word' id='word_1_25' title='bbox 227 940 386 1000; x_wconf 85' lang='lat' dir='ltr'><strong>Brabautia</strong></span> <span class='ocrx_word' id='word_1_26' title='bbox 414 940 480 1001; x_wconf 86' lang='lat' dir='ltr'><strong>Uda</strong></span> <span class='ocrx_word' id='word_1_27' title='bbox 506 944 637 1016; x_wconf 83' lang='lat' dir='ltr'><strong>nornine,</strong></span> <span class='ocrx_word' id='word_1_28' title='bbox 666 941 793 1016; x_wconf 80' lang='grc'><strong>11111111</strong></span> <span class='ocrx_word' id='word_1_29' title='bbox 813 955 889 1016; x_wconf 86' lang='lat' dir='ltr'><strong>qnae</strong></span> <span class='ocrx_word' id='word_1_30' title='bbox 910 939 1074 1000; x_wconf 80' lang='lat' dir='ltr'><strong>Thorinbus</strong></span> <span class='ocrx_word' id='word_1_31' title='bbox 1085 935 1104 1020; x_wconf 89' lang='lat'><strong>¹)</strong></span> 
     </span>
     <span class='ocr_line' id='line_1_7' title="bbox 65 1026 1105 1104; baseline 0 -18"><span class='ocrx_word' id='word_1_32' title='bbox 65 1026 183 1102; x_wconf 87' lang='lat' dir='ltr'><strong>dieitur,</strong></span> <span class='ocrx_word' id='word_1_33' title='bbox 201 1026 334 1086; x_wconf 76' lang='lat' dir='ltr'><strong>ardenter</strong></span> <span class='ocrx_word' id='word_1_34' title='bbox 354 1030 438 1086; x_wconf 90' lang='lat' dir='ltr'><strong>nimis</strong></span> <span class='ocrx_word' id='word_1_35' title='bbox 457 1029 669 1088; x_wconf 85' lang='lat' dir='ltr'><strong>communicare</strong></span> <span class='ocrx_word' id='word_1_36' title='bbox 692 1027 870 1103; x_wconf 86' lang='lat' dir='ltr'><strong>desiderans,</strong></span> <span class='ocrx_word' id='word_1_37' title='bbox 891 1029 1012 1104; x_wconf 83' lang='lat' dir='ltr'><strong>gratiam</strong></span> <span class='ocrx_word' id='word_1_38' title='bbox 1033 1041 1105 1086; x_wconf 86' lang='lat' dir='ltr'><strong>ean·</strong></span> 
     </span>
     <span class='ocr_line' id='line_1_8' title="bbox 64 1111 1176 1194; baseline 0 -21"><span class='ocrx_word' id='word_1_39' title='bbox 64 1114 131 1174; x_wconf 91' lang='lat' dir='ltr'><strong>dem</strong></span> <span class='ocrx_word' id='word_1_40' title='bbox 146 1115 202 1174; x_wconf 82' lang='lat' dir='ltr'><strong>sibi</strong></span> <span class='ocrx_word' id='word_1_41' title='bbox 216 1131 236 1173; x_wconf 93' lang='lat' dir='ltr'><strong>a</strong></span> <span class='ocrx_word' id='word_1_42' title='bbox 248 1113 397 1175; x_wconf 71' lang='lat' dir='ltr'><strong>sacerdote</strong></span> <span class='ocrx_word' id='word_1_43' title='bbox 412 1130 464 1174; x_wconf 91' lang='lat' dir='ltr'><strong>suo</strong></span> <span class='ocrx_word' id='word_1_44' title='bbox 479 1115 616 1191; x_wconf 88' lang='lat' dir='ltr'><strong>impartiri</strong></span> <span class='ocrx_word' id='word_1_45' title='bbox 633 1115 777 1175; x_wconf 89' lang='lat' dir='ltr'><strong>humiliter</strong></span> <span class='ocrx_word' id='word_1_46' title='bbox 796 1116 867 1174; x_wconf 83' lang='lat' dir='ltr'><strong>satis</strong></span> <span class='ocrx_word' id='word_1_47' title='bbox 875 1111 896 1194; x_wconf 84' lang='lat'><strong>²)</strong></span> <span class='ocrx_word' id='word_1_48' title='bbox 918 1119 948 1174; x_wconf 91' lang='lat' dir='ltr'><strong>et</strong></span> <span class='ocrx_word' id='word_1_49' title='bbox 967 1116 1105 1173; x_wconf 75' lang='lat' dir='ltr'><strong>instanter</strong></span> <span class='ocrx_word' id='word_1_50' title='bbox 1174 1147 1176 1152; x_wconf 94' lang='lat'>·</span> 
     </span>
    </p>
   </div>
   <div class='ocr_carea' id='block_1_5' title="bbox 63 1199 1206 1278">
    <p class='ocr_par' dir='ltr' id='par_1_5' title="bbox 63 1199 1206 1278">
     <span class='ocr_line' id='line_1_9' title="bbox 63 1199 1206 1278; baseline -0.003 -18"><span class='ocrx_word' id='word_1_51' title='bbox 63 1199 229 1278; x_wconf 82' lang='lat' dir='ltr'><strong>postulavit</strong></span> <span class='ocrx_word' id='word_1_52' title='bbox 271 1200 302 1262; x_wconf 88' lang='lat' dir='ltr'>A</span> <span class='ocrx_word' id='word_1_53' title='bbox 331 1217 388 1277; x_wconf 90' lang='lat' dir='ltr'><strong>qno</strong></span> <span class='ocrx_word' id='word_1_54' title='bbox 417 1202 562 1277; x_wconf 77' lang='lat' dir='ltr'>repulsam</span> <span class='ocrx_word' id='word_1_55' title='bbox 589 1219 690 1278; x_wconf 83' lang='lat' dir='ltr'><strong>passa,</strong></span> <span class='ocrx_word' id='word_1_56' title='bbox 718 1201 899 1262; x_wconf 85' lang='lat' dir='ltr'><strong>dicentsillo</strong></span> <span class='ocrx_word' id='word_1_57' title='bbox 920 1199 1105 1260; x_wconf 76' lang='lat' dir='ltr'><strong>uendebas</strong></span> <span class='ocrx_word' id='word_1_58' title='bbox 1201 1243 1206 1256; x_wconf 85' lang='lat'><em>.</em></span> 
     </span>
    </p>
   </div>
   <div class='ocr_carea' id='block_1_6' title="bbox 50 1287 1162 3624">
    <p class='ocr_par' dir='ltr' id='par_1_6' title="bbox 50 1287 1162 3624">
     <span class='ocr_line' id='line_1_10' title="bbox 63 1287 1105 1364; baseline 0 -18"><span class='ocrx_word' id='word_1_59' title='bbox 63 1288 185 1348; x_wconf 86' lang='lat' dir='ltr'><strong>feminas</strong></span> <span class='ocrx_word' id='word_1_60' title='bbox 202 1287 291 1347; x_wconf 90' lang='lat' dir='ltr'><strong>laicas</strong></span> <span class='ocrx_word' id='word_1_61' title='bbox 305 1305 358 1363; x_wconf 89' lang='lat' dir='ltr'><strong>pro</strong></span> <span class='ocrx_word' id='word_1_62' title='bbox 377 1288 460 1348; x_wconf 91' lang='lat' dir='ltr'><strong>libitu</strong></span> <span class='ocrx_word' id='word_1_63' title='bbox 481 1305 533 1352; x_wconf 86' lang='lat' dir='ltr'><strong>auo</strong></span> <span class='ocrx_word' id='word_1_64' title='bbox 557 1291 775 1364; x_wconf 89' lang='lat' dir='ltr'><strong>communicare,</strong></span> <span class='ocrx_word' id='word_1_65' title='bbox 795 1287 847 1348; x_wconf 90' lang='lat' dir='ltr'><strong>sed</strong></span> <span class='ocrx_word' id='word_1_66' title='bbox 869 1294 946 1347; x_wconf 87' lang='lat' dir='ltr'><strong>certo</strong></span> <span class='ocrx_word' id='word_1_67' title='bbox 967 1293 1105 1363; x_wconf 86' lang='lat' dir='ltr'><strong>tempora,</strong></span> 
     </span>
     <span class='ocr_line' id='line_1_11' title="bbox 63 1373 1116 1450; baseline -0.005 -17"><span class='ocrx_word' id='word_1_68' title='bbox 63 1375 144 1434; x_wconf 86' lang='lat' dir='ltr'><strong>flevit</strong></span> <span class='ocrx_word' id='word_1_69' title='bbox 161 1381 190 1435; x_wconf 89' lang='lat' dir='ltr'><strong>et</strong></span> <span class='ocrx_word' id='word_1_70' title='bbox 203 1376 348 1450; x_wconf 81' lang='lat' dir='ltr'><strong>ingemuit</strong></span> <span class='ocrx_word' id='word_1_71' title='bbox 393 1374 481 1439; x_wconf 87' lang='lat' dir='ltr'><strong>Cuius</strong></span> <span class='ocrx_word' id='word_1_72' title='bbox 494 1375 626 1435; x_wconf 89' lang='lat' dir='ltr'><strong>ardorem</strong></span> <span class='ocrx_word' id='word_1_73' title='bbox 641 1393 769 1435; x_wconf 88' lang='lat' dir='ltr'><strong>summus</strong></span> <span class='ocrx_word' id='word_1_74' title='bbox 790 1374 925 1434; x_wconf 80' lang='lat' dir='ltr'><strong>sacerdos</strong></span> <span class='ocrx_word' id='word_1_75' title='bbox 946 1373 1116 1449; x_wconf 69' lang='lat' dir='ltr'><strong>attendens.</strong></span> 
     </span>
     <span class='ocr_line' id='line_1_12' title="bbox 63 1458 1162 1538; baseline -0.002 -18"><span class='ocrx_word' id='word_1_76' title='bbox 63 1477 124 1521; x_wconf 92' lang='lat' dir='ltr'><strong>non</strong></span> <span class='ocrx_word' id='word_1_77' title='bbox 152 1460 200 1519; x_wconf 90' lang='lat' dir='ltr'><strong>din</strong></span> <span class='ocrx_word' id='word_1_78' title='bbox 230 1478 295 1520; x_wconf 92' lang='lat' dir='ltr'><strong>cam</strong></span> <span class='ocrx_word' id='word_1_79' title='bbox 322 1479 425 1538; x_wconf 89' lang='lat' dir='ltr'><strong>passus</strong></span> <span class='ocrx_word' id='word_1_80' title='bbox 452 1469 497 1522; x_wconf 90' lang='lat' dir='ltr'><strong>est</strong></span> <span class='ocrx_word' id='word_1_81' title='bbox 524 1461 649 1522; x_wconf 85' lang='lat' dir='ltr'><strong>fraudari</strong></span> <span class='ocrx_word' id='word_1_82' title='bbox 676 1481 695 1522; x_wconf 90' lang='lat' dir='ltr'><strong>a</strong></span> <span class='ocrx_word' id='word_1_83' title='bbox 726 1462 867 1524; x_wconf 86' lang='lat' dir='ltr'><strong>desiderio</strong></span> <span class='ocrx_word' id='word_1_84' title='bbox 889 1478 952 1521; x_wconf 88' lang='lat' dir='ltr'><strong>sno.</strong></span> <span class='ocrx_word' id='word_1_85' title='bbox 994 1458 1105 1520; x_wconf 86' lang='lat' dir='ltr'><strong>Eadem</strong></span> <span class='ocrx_word' id='word_1_86' title='bbox 1160 1469 1162 1476; x_wconf 62' lang='lat'><strong>⁴</strong></span> 
     </span>
     <span class='ocr_line' id='line_1_13' title="bbox 64 1548 1105 1626; baseline -0.002 -18"><span class='ocrx_word' id='word_1_87' title='bbox 64 1550 143 1608; x_wconf 90' lang='lat' dir='ltr'><strong>enim</strong></span> <span class='ocrx_word' id='word_1_88' title='bbox 162 1553 247 1607; x_wconf 88' lang='lat' dir='ltr'><strong>nocte</strong></span> <span class='ocrx_word' id='word_1_89' title='bbox 270 1564 336 1607; x_wconf 91' lang='lat' dir='ltr'><strong>cum</strong></span> <span class='ocrx_word' id='word_1_90' title='bbox 357 1550 386 1607; x_wconf 91' lang='lat' dir='ltr'><strong>in</strong></span> <span class='ocrx_word' id='word_1_91' title='bbox 407 1554 498 1608; x_wconf 90' lang='lat' dir='ltr'><strong>stratu</strong></span> <span class='ocrx_word' id='word_1_92' title='bbox 519 1566 571 1608; x_wconf 88' lang='lat' dir='ltr'><strong>sno</strong></span> <span class='ocrx_word' id='word_1_93' title='bbox 593 1551 690 1608; x_wconf 90' lang='lat' dir='ltr'><strong>iacens</strong></span> <span class='ocrx_word' id='word_1_94' title='bbox 712 1548 856 1626; x_wconf 82' lang='lat' dir='ltr'><strong>vigilaret,</strong></span> <span class='ocrx_word' id='word_1_95' title='bbox 879 1554 908 1608; x_wconf 90' lang='lat' dir='ltr'><strong>et</strong></span> <span class='ocrx_word' id='word_1_96' title='bbox 929 1548 1105 1608; x_wconf 88' lang='lat' dir='ltr'><strong>orationibus</strong></span> 
     </span>
     <span class='ocr_line' id='line_1_14' title="bbox 64 1633 1106 1712; baseline 0.001 -19"><span class='ocrx_word' id='word_1_97' title='bbox 64 1638 191 1708; x_wconf 83' lang='lat' dir='ltr'><strong>vacaret,</strong></span> <span class='ocrx_word' id='word_1_98' title='bbox 212 1633 345 1696; x_wconf 75' lang='lat' dir='ltr'><strong>Salvator</strong></span> <span class='ocrx_word' id='word_1_99' title='bbox 359 1652 425 1694; x_wconf 88' lang='lat' dir='ltr'><strong>oum</strong></span> <span class='ocrx_word' id='word_1_100' title='bbox 441 1634 532 1694; x_wconf 89' lang='lat' dir='ltr'><strong>multo</strong></span> <span class='ocrx_word' id='word_1_101' title='bbox 554 1635 705 1711; x_wconf 80' lang='lat' dir='ltr'><strong>splendore</strong></span> <span class='ocrx_word' id='word_1_102' title='bbox 727 1635 891 1696; x_wconf 87' lang='lat' dir='ltr'><strong>cubiculum</strong></span> <span class='ocrx_word' id='word_1_103' title='bbox 911 1637 972 1694; x_wconf 90' lang='lat' dir='ltr'><strong>eins</strong></span> <span class='ocrx_word' id='word_1_104' title='bbox 992 1637 1106 1712; x_wconf 87' lang='lat' dir='ltr'><strong>ingres·</strong></span> 
     </span>
     <span class='ocr_line' id='line_1_15' title="bbox 63 1716 1138 1802; baseline 0.001 -22"><span class='ocrx_word' id='word_1_105' title='bbox 63 1739 135 1795; x_wconf 89' lang='lat' dir='ltr'><strong>sus,</strong></span> <span class='ocrx_word' id='word_1_106' title='bbox 156 1720 292 1801; x_wconf 29' lang='lat' dir='ltr'><strong>,pixidem</strong></span> <span class='ocrx_word' id='word_1_107' title='bbox 320 1723 350 1779; x_wconf 93' lang='lat' dir='ltr'><strong>in</strong></span> <span class='ocrx_word' id='word_1_108' title='bbox 379 1739 437 1796; x_wconf 88' lang='lat' dir='ltr'><strong>qna</strong></span> <span class='ocrx_word' id='word_1_109' title='bbox 466 1739 569 1798; x_wconf 89' lang='lat' dir='ltr'><strong>corpus</strong></span> <span class='ocrx_word' id='word_1_110' title='bbox 591 1725 651 1782; x_wconf 89' lang='lat' dir='ltr'><strong>eius</strong></span> <span class='ocrx_word' id='word_1_111' title='bbox 672 1725 702 1782; x_wconf 89' lang='lat' dir='ltr'><strong>in</strong></span> <span class='ocrx_word' id='word_1_112' title='bbox 724 1721 846 1783; x_wconf 89' lang='lat' dir='ltr'><strong>ecelesia</strong></span> <span class='ocrx_word' id='word_1_113' title='bbox 866 1721 979 1781; x_wconf 83' lang='lat' dir='ltr'><strong>solebat</strong></span> <span class='ocrx_word' id='word_1_114' title='bbox 998 1716 1105 1802; x_wconf 67' lang='lat' dir='ltr'><strong>ponii),</strong></span> <span class='ocrx_word' id='word_1_115' title='bbox 1134 1721 1138 1728; x_wconf 82' lang='grc'><strong>“</strong></span> 
     </span>
     <span class='ocr_line' id='line_1_16' title="bbox 62 1804 1107 1888; baseline 0.002 -22"><span class='ocrx_word' id='word_1_116' title='bbox 62 1804 186 1886; x_wconf 84' lang='lat' dir='ltr'><strong>propriis</strong></span> <span class='ocrx_word' id='word_1_117' title='bbox 207 1807 339 1870; x_wconf 88' lang='lat' dir='ltr'><strong>manibus</strong></span> <span class='ocrx_word' id='word_1_118' title='bbox 351 1809 494 1884; x_wconf 87' lang='lat' dir='ltr'><strong>portabat.</strong></span> <span class='ocrx_word' id='word_1_119' title='bbox 536 1809 608 1869; x_wconf 84' lang='lat' dir='ltr'><strong>Erat</strong></span> <span class='ocrx_word' id='word_1_120' title='bbox 627 1805 773 1888; x_wconf 66' lang='lat' dir='ltr'><strong>qnoquas)</strong></span> <span class='ocrx_word' id='word_1_121' title='bbox 795 1811 871 1869; x_wconf 88' lang='lat' dir='ltr'><strong>circa</strong></span> <span class='ocrx_word' id='word_1_122' title='bbox 891 1825 959 1870; x_wconf 90' lang='lat' dir='ltr'><strong>eum</strong></span> <span class='ocrx_word' id='word_1_123' title='bbox 978 1808 1107 1888; x_wconf 85' lang='lat' dir='ltr'><strong>flagran-</strong></span> 
     </span>
     <span class='ocr_line' id='line_1_17' title="bbox 62 1894 1107 1974; baseline 0.002 -20"><span class='ocrx_word' id='word_1_124' title='bbox 62 1898 107 1956; x_wconf 86' lang='lat' dir='ltr'><strong>tia</strong></span> <span class='ocrx_word' id='word_1_125' title='bbox 128 1896 192 1954; x_wconf 88' lang='lat' dir='ltr'><strong>miri</strong></span> <span class='ocrx_word' id='word_1_126' title='bbox 213 1894 324 1968; x_wconf 91' lang='lat' dir='ltr'><strong>odoris,</strong></span> <span class='ocrx_word' id='word_1_127' title='bbox 352 1900 381 1955; x_wconf 92' lang='lat' dir='ltr'><strong>et</strong></span> <span class='ocrx_word' id='word_1_128' title='bbox 402 1895 554 1956; x_wconf 90' lang='lat' dir='ltr'><strong>multitudo</strong></span> <span class='ocrx_word' id='word_1_129' title='bbox 576 1896 744 1974; x_wconf 85' lang='lat' dir='ltr'><strong>angelorum</strong></span> <span class='ocrx_word' id='word_1_130' title='bbox 765 1897 795 1954; x_wconf 92' lang='lat' dir='ltr'><strong>in</strong></span> <span class='ocrx_word' id='word_1_131' title='bbox 816 1897 935 1958; x_wconf 81' lang='lat' dir='ltr'><strong>cbouitn</strong></span> <span class='ocrx_word' id='word_1_132' title='bbox 958 1897 1031 1974; x_wconf 86' lang='lat' dir='ltr'><strong>eius,</strong></span> <span class='ocrx_word' id='word_1_133' title='bbox 1055 1895 1107 1972; x_wconf 85' lang='lat' dir='ltr'><strong>qui</strong></span> 
     </span>
     <span class='ocr_line' id='line_1_18' title="bbox 63 1980 1107 2060; baseline 0.002 -18"><span class='ocrx_word' id='word_1_134' title='bbox 63 1980 245 2042; x_wconf 84' lang='lat' dir='ltr'><strong>concorditer</strong></span> <span class='ocrx_word' id='word_1_135' title='bbox 288 1981 443 2042; x_wconf 85' lang='lat' dir='ltr'><strong>cantabant</strong></span> <span class='ocrx_word' id='word_1_136' title='bbox 477 1981 679 2060; x_wconf 86' lang='lat' dir='ltr'><strong>antiphonam,</strong></span> <span class='ocrx_word' id='word_1_137' title='bbox 720 1983 873 2058; x_wconf 68' lang='grc'><strong>8111111111</strong></span> <span class='ocrx_word' id='word_1_138' title='bbox 901 1981 1006 2060; x_wconf 73' lang='lat' dir='ltr'><strong>foram</strong></span> <span class='ocrx_word' id='word_1_139' title='bbox 1028 1998 1107 2057; x_wconf 83' lang='lat' dir='ltr'><strong>pree</strong></span> 
     </span>
     <span class='ocr_line' id='line_1_19' title="bbox 59 2067 1107 2147; baseline 0.003 -20"><span class='ocrx_word' id='word_1_140' title='bbox 59 2069 139 2146; x_wconf 76' lang='lat' dir='ltr'><strong>filiis</strong></span> <span class='ocrx_word' id='word_1_141' title='bbox 167 2069 335 2142; x_wconf 82' lang='lat' dir='ltr'><strong>bominum,</strong></span> <span class='ocrx_word' id='word_1_142' title='bbox 369 2075 397 2128; x_wconf 90' lang='lat' dir='ltr'><strong>et</strong></span> <span class='ocrx_word' id='word_1_143' title='bbox 426 2075 530 2130; x_wconf 83' lang='lat' dir='ltr'><strong>cetera</strong></span> <span class='ocrx_word' id='word_1_144' title='bbox 581 2068 711 2147; x_wconf 82' lang='lat' dir='ltr'><strong>Cumque</strong></span> <span class='ocrx_word' id='word_1_145' title='bbox 738 2069 788 2130; x_wconf 92' lang='lat' dir='ltr'><strong>illa</strong></span> <span class='ocrx_word' id='word_1_146' title='bbox 816 2070 903 2130; x_wconf 88' lang='lat' dir='ltr'><strong>beata</strong></span> <span class='ocrx_word' id='word_1_147' title='bbox 930 2067 969 2128; x_wconf 86' lang='lat' dir='ltr'><strong>ad</strong></span> <span class='ocrx_word' id='word_1_148' title='bbox 996 2073 1107 2131; x_wconf 71' lang='lat' dir='ltr'><strong>tanam</strong></span> 
     </span>
     <span class='ocr_line' id='line_1_20' title="bbox 61 2149 1107 2235; baseline -0.004 -21"><span class='ocrx_word' id='word_1_149' title='bbox 61 2155 189 2234; x_wconf 87' lang='lat' dir='ltr'><strong>gloriam</strong></span> <span class='ocrx_word' id='word_1_150' title='bbox 208 2160 336 2231; x_wconf 87' lang='lat' dir='ltr'><strong>stuperet</strong></span> <span class='ocrx_word' id='word_1_151' title='bbox 344 2149 374 2235; x_wconf 85' lang='lat'><strong>⁵),</strong></span> <span class='ocrx_word' id='word_1_152' title='bbox 395 2160 475 2216; x_wconf 87' lang='lat' dir='ltr'><strong>stans</strong></span> <span class='ocrx_word' id='word_1_153' title='bbox 498 2173 594 2216; x_wconf 87' lang='lat' dir='ltr'><strong>coram</strong></span> <span class='ocrx_word' id='word_1_154' title='bbox 616 2173 652 2219; x_wconf 89' lang='lat' dir='ltr'><strong>ea</strong></span> <span class='ocrx_word' id='word_1_155' title='bbox 672 2156 815 2216; x_wconf 86' lang='lat' dir='ltr'><strong>Dominus</strong></span> <span class='ocrx_word' id='word_1_156' title='bbox 836 2157 891 2217; x_wconf 86' lang='lat' dir='ltr'><strong>ait:</strong></span> <span class='ocrx_word' id='word_1_157' title='bbox 913 2154 1107 2232; x_wconf 58' lang='lat' dir='ltr'><strong>Quiasaeer„</strong></span> 
     </span>
     <span class='ocr_line' id='line_1_21' title="bbox 63 2240 1107 2322; baseline 0.001 -20"><span class='ocrx_word' id='word_1_158' title='bbox 63 2241 122 2302; x_wconf 89' lang='lat' dir='ltr'><strong>dos</strong></span> <span class='ocrx_word' id='word_1_159' title='bbox 135 2240 182 2300; x_wconf 92' lang='lat' dir='ltr'><strong>ille</strong></span> <span class='ocrx_word' id='word_1_160' title='bbox 198 2259 300 2320; x_wconf 88' lang='lat' dir='ltr'><strong>corpus</strong></span> <span class='ocrx_word' id='word_1_161' title='bbox 316 2259 413 2302; x_wconf 88' lang='lat' dir='ltr'><strong>meum</strong></span> <span class='ocrx_word' id='word_1_162' title='bbox 434 2244 486 2302; x_wconf 85' lang='lat' dir='ltr'><strong>tibi</strong></span> <span class='ocrx_word' id='word_1_163' title='bbox 506 2245 631 2321; x_wconf 83' lang='lat' dir='ltr'><strong>negavit,</strong></span> <span class='ocrx_word' id='word_1_164' title='bbox 653 2261 706 2322; x_wconf 88' lang='lat' dir='ltr'><strong>ego</strong></span> <span class='ocrx_word' id='word_1_165' title='bbox 729 2245 800 2304; x_wconf 88' lang='lat' dir='ltr'><strong>meis</strong></span> <span class='ocrx_word' id='word_1_166' title='bbox 820 2242 953 2304; x_wconf 88' lang='lat' dir='ltr'><strong>manibus</strong></span> <span class='ocrx_word' id='word_1_167' title='bbox 973 2247 1003 2305; x_wconf 87' lang='lat' dir='ltr'><strong>te</strong></span> <span class='ocrx_word' id='word_1_168' title='bbox 1026 2257 1107 2303; x_wconf 58' lang='lat' dir='ltr'><strong>eom*</strong></span> 
     </span>
     <span class='ocr_line' id='line_1_22' title="bbox 60 2327 1107 2406; baseline 0.002 -16"><span class='ocrx_word' id='word_1_169' title='bbox 60 2329 230 2390; x_wconf 88' lang='lat' dir='ltr'><strong>munioabo.</strong></span> <span class='ocrx_word' id='word_1_170' title='bbox 273 2328 358 2405; x_wconf 83' lang='lat' dir='ltr'><strong>Quod</strong></span> <span class='ocrx_word' id='word_1_171' title='bbox 388 2335 416 2390; x_wconf 89' lang='lat' dir='ltr'><strong>et</strong></span> <span class='ocrx_word' id='word_1_172' title='bbox 443 2329 524 2405; x_wconf 86' lang='lat' dir='ltr'><strong>feeit,</strong></span> <span class='ocrx_word' id='word_1_173' title='bbox 558 2330 684 2402; x_wconf 85' lang='lat' dir='ltr'><strong>hostiam</strong></span> <span class='ocrx_word' id='word_1_174' title='bbox 712 2348 800 2390; x_wconf 89' lang='lat' dir='ltr'><strong>unam</strong></span> <span class='ocrx_word' id='word_1_175' title='bbox 822 2329 858 2390; x_wconf 89' lang='lat' dir='ltr'><strong>de</strong></span> <span class='ocrx_word' id='word_1_176' title='bbox 878 2328 974 2406; x_wconf 84' lang='lat' dir='ltr'><strong>pixide</strong></span> <span class='ocrx_word' id='word_1_177' title='bbox 994 2327 1107 2392; x_wconf 85' lang='lat' dir='ltr'><strong>tollens.</strong></span> 
     </span>
     <span class='ocr_line' id='line_1_23' title="bbox 58 2416 1131 2495; baseline -0.004 -17"><span class='ocrx_word' id='word_1_178' title='bbox 58 2417 172 2492; x_wconf 84' lang='lat' dir='ltr'><strong>Sicque</strong></span> <span class='ocrx_word' id='word_1_179' title='bbox 194 2418 320 2476; x_wconf 82' lang='lat' dir='ltr'><strong>recessit.</strong></span> <span class='ocrx_word' id='word_1_180' title='bbox 361 2416 433 2477; x_wconf 86' lang='lat' dir='ltr'><strong>Erat</strong></span> <span class='ocrx_word' id='word_1_181' title='bbox 446 2417 550 2477; x_wconf 69' lang='lat' dir='ltr'><strong>&#39;antem</strong></span> <span class='ocrx_word' id='word_1_182' title='bbox 572 2417 628 2478; x_wconf 86' lang='lat' dir='ltr'><strong>alia</strong></span> <span class='ocrx_word' id='word_1_183' title='bbox 650 2418 756 2479; x_wconf 89' lang='lat' dir='ltr'><strong>femina</strong></span> <span class='ocrx_word' id='word_1_184' title='bbox 776 2417 909 2495; x_wconf 84' lang='lat' dir='ltr'><strong>religiosa</strong></span> <span class='ocrx_word' id='word_1_185' title='bbox 931 2418 992 2476; x_wconf 90' lang='lat' dir='ltr'><strong>eius</strong></span> <span class='ocrx_word' id='word_1_186' title='bbox 1012 2417 1131 2492; x_wconf 75' lang='lat' dir='ltr'><strong>socia,</strong></span> 
     </span>
     <span class='ocr_line' id='line_1_24' title="bbox 55 2501 1108 2582; baseline 0 -18"><span class='ocrx_word' id='word_1_187' title='bbox 55 2508 91 2564; x_wconf 91' lang='lat' dir='ltr'><strong>in</strong></span> <span class='ocrx_word' id='word_1_188' title='bbox 125 2501 227 2564; x_wconf 88' lang='lat' dir='ltr'><strong>eodem</strong></span> <span class='ocrx_word' id='word_1_189' title='bbox 252 2503 384 2564; x_wconf 88' lang='lat' dir='ltr'><strong>eubiculo</strong></span> <span class='ocrx_word' id='word_1_190' title='bbox 405 2506 501 2565; x_wconf 88' lang='lat' dir='ltr'><strong>iacens</strong></span> <span class='ocrx_word' id='word_1_191' title='bbox 524 2511 554 2564; x_wconf 91' lang='lat' dir='ltr'><strong>ct</strong></span> <span class='ocrx_word' id='word_1_192' title='bbox 573 2507 637 2582; x_wconf 89' lang='lat' dir='ltr'><strong>ipsa</strong></span> <span class='ocrx_word' id='word_1_193' title='bbox 658 2505 792 2581; x_wconf 87' lang='lat' dir='ltr'><strong>vigilans,</strong></span> <span class='ocrx_word' id='word_1_194' title='bbox 819 2521 895 2582; x_wconf 86' lang='lat' dir='ltr'><strong>quae</strong></span> <span class='ocrx_word' id='word_1_195' title='bbox 916 2505 1013 2576; x_wconf 86' lang='lat' dir='ltr'><strong>omnia¹</strong></span> <span class='ocrx_word' id='word_1_196' title='bbox 1033 2519 1108 2578; x_wconf 85' lang='lat' dir='ltr'><strong>quae</strong></span> 
     </span>
     <span class='ocr_line' id='line_1_25' title="bbox 58 2589 1109 2669; baseline -0.001 -18"><span class='ocrx_word' id='word_1_197' title='bbox 58 2591 144 2651; x_wconf 88' lang='lat' dir='ltr'><strong>dieta</strong></span> <span class='ocrx_word' id='word_1_198' title='bbox 165 2595 233 2650; x_wconf 88' lang='lat' dir='ltr'><strong>sunt</strong></span> <span class='ocrx_word' id='word_1_199' title='bbox 253 2589 332 2650; x_wconf 80' lang='lat' dir='ltr'><strong>vidit</strong></span> <span class='ocrx_word' id='word_1_200' title='bbox 376 2590 462 2667; x_wconf 82' lang='lat' dir='ltr'><strong>Quod</strong></span> <span class='ocrx_word' id='word_1_201' title='bbox 483 2610 551 2652; x_wconf 89' lang='lat' dir='ltr'><strong>eum</strong></span> <span class='ocrx_word' id='word_1_202' title='bbox 570 2594 714 2669; x_wconf 85' lang='lat' dir='ltr'><strong>ignoraret</strong></span> <span class='ocrx_word' id='word_1_203' title='bbox 734 2591 840 2666; x_wconf 85' lang='lat' dir='ltr'><strong>altera,</strong></span> <span class='ocrx_word' id='word_1_204' title='bbox 867 2592 1023 2653; x_wconf 85' lang='lat' dir='ltr'><strong>aestimans</strong></span> <span class='ocrx_word' id='word_1_205' title='bbox 1043 2605 1109 2650; x_wconf 86' lang='lat' dir='ltr'><strong>eam</strong></span> 
     </span>
     <span class='ocr_line' id='line_1_26' title="bbox 55 2672 1108 2756; baseline -0.005 -17"><span class='ocrx_word' id='word_1_206' title='bbox 55 2693 171 2754; x_wconf 88' lang='lat' dir='ltr'><strong>sopore</strong></span> <span class='ocrx_word' id='word_1_207' title='bbox 192 2672 310 2756; x_wconf 73' lang='lat' dir='ltr'><strong>bisses)</strong></span> <span class='ocrx_word' id='word_1_208' title='bbox 332 2675 512 2754; x_wconf 85' lang='lat' dir='ltr'><strong>depressam,</strong></span> <span class='ocrx_word' id='word_1_209' title='bbox 533 2696 619 2738; x_wconf 89' lang='lat' dir='ltr'><strong>mane</strong></span> <span class='ocrx_word' id='word_1_210' title='bbox 641 2681 784 2738; x_wconf 86' lang='lat' dir='ltr'><strong>sciscitata</strong></span> <span class='ocrx_word' id='word_1_211' title='bbox 806 2684 850 2739; x_wconf 90' lang='lat' dir='ltr'><strong>est</strong></span> <span class='ocrx_word' id='word_1_212' title='bbox 870 2678 908 2738; x_wconf 88' lang='lat' dir='ltr'><strong>ab</strong></span> <span class='ocrx_word' id='word_1_213' title='bbox 932 2694 975 2752; x_wconf 89' lang='lat' dir='ltr'><strong>ea,</strong></span> <span class='ocrx_word' id='word_1_214' title='bbox 996 2682 1108 2736; x_wconf 73' lang='lat' dir='ltr'><strong>uuum·</strong></span> 
     </span>
     <span class='ocr_line' id='line_1_27' title="bbox 56 2761 1109 2844; baseline 0.006 -22"><span class='ocrx_word' id='word_1_215' title='bbox 56 2783 135 2827; x_wconf 88' lang='lat' dir='ltr'><strong>nam</strong></span> <span class='ocrx_word' id='word_1_216' title='bbox 150 2762 259 2838; x_wconf 89' lang='lat' dir='ltr'><strong>aliquid</strong></span> <span class='ocrx_word' id='word_1_217' title='bbox 279 2761 407 2825; x_wconf 77' lang='lat' dir='ltr'><strong>vidisset</strong></span> <span class='ocrx_word' id='word_1_218' title='bbox 451 2765 533 2841; x_wconf 88' lang='lat' dir='ltr'><strong>Quae</strong></span> <span class='ocrx_word' id='word_1_219' title='bbox 554 2765 715 2844; x_wconf 86' lang='lat' dir='ltr'><strong>respondit:</strong></span> <span class='ocrx_word' id='word_1_220' title='bbox 735 2765 840 2830; x_wconf 73' lang='lat' dir='ltr'><strong>Etiam.</strong></span> <span class='ocrx_word' id='word_1_221' title='bbox 882 2763 964 2823; x_wconf 88' lang='lat' dir='ltr'><strong>Hace</strong></span> <span class='ocrx_word' id='word_1_222' title='bbox 986 2769 1015 2824; x_wconf 90' lang='lat' dir='ltr'><strong>et</strong></span> <span class='ocrx_word' id='word_1_223' title='bbox 1035 2762 1109 2828; x_wconf 73' lang='lat' dir='ltr'><strong>haee</strong></span> 
     </span>
     <span class='ocr_line' id='line_1_28' title="bbox 56 2847 1110 2928; baseline -0.002 -16"><span class='ocrx_word' id='word_1_224' title='bbox 56 2851 102 2912; x_wconf 88' lang='lat' dir='ltr'><strong>de</strong></span> <span class='ocrx_word' id='word_1_225' title='bbox 133 2856 164 2908; x_wconf 87' lang='lat' dir='ltr'><strong>te</strong></span> <span class='ocrx_word' id='word_1_226' title='bbox 192 2847 261 2908; x_wconf 85' lang='lat' dir='ltr'><strong>vidi.</strong></span> <span class='ocrx_word' id='word_1_227' title='bbox 302 2849 385 2910; x_wconf 80' lang='lat' dir='ltr'><strong>Tunc</strong></span> <span class='ocrx_word' id='word_1_228' title='bbox 413 2854 514 2912; x_wconf 85' lang='lat' dir='ltr'><strong>certior</strong></span> <span class='ocrx_word' id='word_1_229' title='bbox 536 2851 703 2914; x_wconf 81' lang='grc'><strong>(1111111111</strong></span> <span class='ocrx_word' id='word_1_230' title='bbox 725 2853 840 2928; x_wconf 84' lang='lat' dir='ltr'><strong>effecta,</strong></span> <span class='ocrx_word' id='word_1_231' title='bbox 868 2867 936 2912; x_wconf 86' lang='lat' dir='ltr'><strong>mox</strong></span> <span class='ocrx_word' id='word_1_232' title='bbox 958 2848 1110 2914; x_wconf 85' lang='lat' dir='ltr'><strong>ecelesiam</strong></span> 
     </span>
     <span class='ocr_line' id='line_1_29' title="bbox 54 2935 1110 3015; baseline 0.001 -19"><span class='ocrx_word' id='word_1_233' title='bbox 54 2935 202 3010; x_wconf 85' lang='lat' dir='ltr'><strong>intravit,</strong></span> <span class='ocrx_word' id='word_1_234' title='bbox 218 2935 309 2994; x_wconf 86' lang='lat' dir='ltr'><strong>altare</strong></span> <span class='ocrx_word' id='word_1_235' title='bbox 330 2935 415 3011; x_wconf 88' lang='lat' dir='ltr'><strong>adiit,</strong></span> <span class='ocrx_word' id='word_1_236' title='bbox 436 2937 614 2998; x_wconf 87' lang='lat' dir='ltr'><strong>sacerdotem</strong></span> <span class='ocrx_word' id='word_1_237' title='bbox 635 2956 687 3015; x_wconf 89' lang='lat' dir='ltr'><strong>per</strong></span> <span class='ocrx_word' id='word_1_238' title='bbox 707 2938 850 3015; x_wconf 88' lang='lat' dir='ltr'><strong>quasdam</strong></span> <span class='ocrx_word' id='word_1_239' title='bbox 869 2938 1023 2998; x_wconf 74' lang='lat' dir='ltr'><strong>verbenam</strong></span> <span class='ocrx_word' id='word_1_240' title='bbox 1043 2952 1110 2997; x_wconf 83' lang='lat' dir='ltr'><strong>am·</strong></span> 
     </span>
     <span class='ocr_line' id='line_1_30' title="bbox 55 3018 1109 3102; baseline 0 -20"><span class='ocrx_word' id='word_1_241' title='bbox 55 3027 160 3098; x_wconf 84' lang='lat' dir='ltr'><strong>bages</strong></span> <span class='ocrx_word' id='word_1_242' title='bbox 172 3021 240 3096; x_wconf 89' lang='lat' dir='ltr'><strong>qnid</strong></span> <span class='ocrx_word' id='word_1_243' title='bbox 257 3018 294 3080; x_wconf 89' lang='lat' dir='ltr'><strong>dc</strong></span> <span class='ocrx_word' id='word_1_244' title='bbox 307 3038 425 3098; x_wconf 84' lang='lat' dir='ltr'><strong>corpore</strong></span> <span class='ocrx_word' id='word_1_245' title='bbox 438 3023 555 3086; x_wconf 90' lang='lat' dir='ltr'><strong>Domini</strong></span> <span class='ocrx_word' id='word_1_246' title='bbox 568 3026 662 3088; x_wconf 80' lang='lat' dir='ltr'><strong>iacere</strong></span> <span class='ocrx_word' id='word_1_247' title='bbox 675 3025 723 3086; x_wconf 87' lang='lat' dir='ltr'><strong>vel</strong></span> <span class='ocrx_word' id='word_1_248' title='bbox 736 3027 785 3088; x_wconf 91' lang='lat' dir='ltr'><strong>ubi</strong></span> <span class='ocrx_word' id='word_1_249' title='bbox 793 3023 868 3087; x_wconf 70' lang='lat' dir='ltr'><strong>,illud</strong></span> <span class='ocrx_word' id='word_1_250' title='bbox 879 3037 1017 3102; x_wconf 85' lang='lat' dir='ltr'><strong>reponere</strong></span> <span class='ocrx_word' id='word_1_251' title='bbox 1030 3021 1109 3082; x_wconf 78' lang='lat' dir='ltr'><strong>sole-</strong></span> 
     </span>
     <span class='ocr_line' id='line_1_31' title="bbox 56 3103 1110 3190; baseline 0.001 -19"><span class='ocrx_word' id='word_1_252' title='bbox 56 3116 113 3174; x_wconf 87' lang='lat' dir='ltr'><strong>ret</strong></span> <span class='ocrx_word' id='word_1_253' title='bbox 124 3103 144 3190; x_wconf 83' lang='lat'><strong>²)</strong></span> <span class='ocrx_word' id='word_1_254' title='bbox 158 3109 351 3184; x_wconf 84' lang='lat' dir='ltr'><strong>interrogavit</strong></span> <span class='ocrx_word' id='word_1_255' title='bbox 374 3108 427 3170; x_wconf 80' lang='lat' dir='ltr'><strong>Oni</strong></span> <span class='ocrx_word' id='word_1_256' title='bbox 443 3127 509 3170; x_wconf 89' lang='lat' dir='ltr'><strong>cnm</strong></span> <span class='ocrx_word' id='word_1_257' title='bbox 522 3111 617 3171; x_wconf 87' lang='lat' dir='ltr'><strong>locum</strong></span> <span class='ocrx_word' id='word_1_258' title='bbox 632 3111 811 3187; x_wconf 82' lang='lat' dir='ltr'><strong>ostendisset,</strong></span> <span class='ocrx_word' id='word_1_259' title='bbox 823 3112 958 3173; x_wconf 85' lang='lat' dir='ltr'><strong>subiecit:</strong></span> <span class='ocrx_word' id='word_1_260' title='bbox 971 3107 1031 3174; x_wconf 89' lang='lat' dir='ltr'><strong>Osi</strong></span> <span class='ocrx_word' id='word_1_261' title='bbox 1040 3108 1110 3172; x_wconf 87' lang='lat' dir='ltr'><strong>mihi</strong></span> 
     </span>
     <span class='ocr_line' id='line_1_32' title="bbox 56 3194 1109 3275; baseline 0.001 -18"><span class='ocrx_word' id='word_1_262' title='bbox 56 3211 185 3275; x_wconf 87' lang='lat' dir='ltr'><strong>semper</strong></span> <span class='ocrx_word' id='word_1_263' title='bbox 212 3194 259 3254; x_wconf 90' lang='lat' dir='ltr'><strong>hic</strong></span> <span class='ocrx_word' id='word_1_264' title='bbox 283 3195 382 3256; x_wconf 88' lang='lat' dir='ltr'><strong>liceret</strong></span> <span class='ocrx_word' id='word_1_265' title='bbox 401 3200 525 3271; x_wconf 86' lang='lat' dir='ltr'><strong>versari,</strong></span> <span class='ocrx_word' id='word_1_266' title='bbox 554 3206 584 3257; x_wconf 88' lang='lat' dir='ltr'><strong>et</strong></span> <span class='ocrx_word' id='word_1_267' title='bbox 603 3202 744 3275; x_wconf 87' lang='lat' dir='ltr'><strong>respicere</strong></span> <span class='ocrx_word' id='word_1_268' title='bbox 762 3197 803 3260; x_wconf 86' lang='lat' dir='ltr'><strong>ad</strong></span> <span class='ocrx_word' id='word_1_269' title='bbox 823 3198 920 3258; x_wconf 88' lang='lat' dir='ltr'><strong>locum</strong></span> <span class='ocrx_word' id='word_1_270' title='bbox 940 3197 1018 3256; x_wconf 87' lang='lat' dir='ltr'><strong>hune</strong></span> <span class='ocrx_word' id='word_1_271' title='bbox 1039 3213 1109 3258; x_wconf 83' lang='lat' dir='ltr'><strong>san·-</strong></span> 
     </span>
     <span class='ocr_line' id='line_1_33' title="bbox 53 3281 1110 3362; baseline 0.001 -15"><span class='ocrx_word' id='word_1_272' title='bbox 53 3293 159 3348; x_wconf 83' lang='lat' dir='ltr'><strong>ctum.</strong></span> <span class='ocrx_word' id='word_1_273' title='bbox 202 3281 309 3342; x_wconf 87' lang='lat' dir='ltr'><strong>Petivit</strong></span> <span class='ocrx_word' id='word_1_274' title='bbox 322 3284 408 3344; x_wconf 87' lang='lat' dir='ltr'><strong>etiam</strong></span> <span class='ocrx_word' id='word_1_275' title='bbox 427 3285 482 3343; x_wconf 90' lang='lat' dir='ltr'><strong>sibi</strong></span> <span class='ocrx_word' id='word_1_276' title='bbox 502 3283 617 3346; x_wconf 87' lang='lat' dir='ltr'><strong>thecam</strong></span> <span class='ocrx_word' id='word_1_277' title='bbox 637 3287 765 3356; x_wconf 77' lang='lat' dir='ltr'><strong>reserari.</strong></span> <span class='ocrx_word' id='word_1_278' title='bbox 808 3283 981 3362; x_wconf 82' lang='lat' dir='ltr'><strong>Quodnam</strong></span> <span class='ocrx_word' id='word_1_279' title='bbox 1001 3282 1110 3348; x_wconf 78' lang='lat' dir='ltr'><strong>notum</strong></span> 
     </span>
     <span class='ocr_line' id='line_1_34' title="bbox 50 3369 1110 3448; baseline -0.003 -12"><span class='ocrx_word' id='word_1_280' title='bbox 50 3373 184 3442; x_wconf 83' lang='lat' dir='ltr'><strong>fuisset,</strong></span> <span class='ocrx_word' id='word_1_281' title='bbox 213 3371 254 3428; x_wconf 88' lang='lat' dir='ltr'><strong>ait</strong></span> <span class='ocrx_word' id='word_1_282' title='bbox 289 3369 445 3430; x_wconf 86' lang='lat' dir='ltr'><strong>sacerdoti:</strong></span> <span class='ocrx_word' id='word_1_283' title='bbox 480 3370 581 3432; x_wconf 85' lang='lat' dir='ltr'><strong>Nostis</strong></span> <span class='ocrx_word' id='word_1_284' title='bbox 610 3371 724 3433; x_wconf 90' lang='lat' dir='ltr'><strong>domine</strong></span> <span class='ocrx_word' id='word_1_285' title='bbox 752 3379 823 3448; x_wconf 88' lang='lat' dir='ltr'><strong>quot</strong></span> <span class='ocrx_word' id='word_1_286' title='bbox 852 3372 900 3434; x_wconf 88' lang='grc'><strong>1111</strong></span> <span class='ocrx_word' id='word_1_287' title='bbox 926 3371 1110 3448; x_wconf 83' lang='lat' dir='ltr'><strong>reposueritis</strong></span> 
     </span>
     <span class='ocr_line' id='line_1_35' title="bbox 50 3453 1110 3546; baseline -0.002 -26"><span class='ocrx_word' id='word_1_288' title='bbox 50 3453 247 3546; x_wconf 82' lang='lat' dir='ltr'><strong>particulas?</strong></span> <span class='ocrx_word' id='word_1_289' title='bbox 290 3455 340 3518; x_wconf 86' lang='lat' dir='ltr'><strong>Sic</strong></span> <span class='ocrx_word' id='word_1_290' title='bbox 376 3458 451 3517; x_wconf 91' lang='lat' dir='ltr'><strong>enim</strong></span> <span class='ocrx_word' id='word_1_291' title='bbox 484 3457 595 3520; x_wconf 86' lang='lat' dir='ltr'><strong>hostias</strong></span> <span class='ocrx_word' id='word_1_292' title='bbox 622 3475 728 3520; x_wconf 86' lang='lat' dir='ltr'><strong>vocare</strong></span> <span class='ocrx_word' id='word_1_293' title='bbox 756 3458 857 3520; x_wconf 88' lang='lat' dir='ltr'><strong>solent.</strong></span> <span class='ocrx_word' id='word_1_294' title='bbox 905 3456 1110 3534; x_wconf 86' lang='lat' dir='ltr'><strong>Respondente</strong></span> 
     </span>
     <span class='ocr_line' id='line_1_36' title="bbox 50 3542 1110 3624; baseline -0.005 -16"><span class='ocrx_word' id='word_1_295' title='bbox 50 3542 229 3618; x_wconf 85' lang='lat' dir='ltr'><strong>sacerdote,</strong></span> <span class='ocrx_word' id='word_1_296' title='bbox 249 3544 337 3603; x_wconf 91' lang='lat' dir='ltr'><strong>etiam</strong></span> <span class='ocrx_word' id='word_1_297' title='bbox 350 3547 473 3624; x_wconf 85' lang='lat' dir='ltr'><strong>optime;</strong></span> <span class='ocrx_word' id='word_1_298' title='bbox 495 3545 641 3606; x_wconf 83' lang='lat' dir='ltr'><strong>subiunxit</strong></span> <span class='ocrx_word' id='word_1_299' title='bbox 660 3545 776 3606; x_wconf 75' lang='lat' dir='ltr'><strong>muliere</strong></span> <span class='ocrx_word' id='word_1_300' title='bbox 796 3546 880 3624; x_wconf 90' lang='lat' dir='ltr'><strong>Rogo</strong></span> <span class='ocrx_word' id='word_1_301' title='bbox 901 3551 935 3605; x_wconf 90' lang='lat' dir='ltr'><strong>nt</strong></span> <span class='ocrx_word' id='word_1_302' title='bbox 954 3545 1110 3604; x_wconf 86' lang='lat' dir='ltr'><strong>numeratis</strong></span> 
     </span>
    </p>
   </div>
   <div class='ocr_carea' id='block_1_7' title="bbox 74 3727 1110 3940">
    <p class='ocr_par' dir='ltr' id='par_1_7' title="bbox 74 3727 1110 3940">
     <span class='ocr_line' id='line_1_37' title="bbox 74 3727 1109 3802; baseline -0.004 -16"><span class='ocrx_word' id='word_1_303' title='bbox 74 3733 118 3802; x_wconf 85' lang='lat'><strong>1)</strong></span> <span class='ocrx_word' id='word_1_304' title='bbox 136 3728 160 3782; x_wconf 93' lang='grc' dir='ltr'>Ρ</span> <span class='ocrx_word' id='word_1_305' title='bbox 178 3728 386 3794; x_wconf 67' lang='lat' dir='ltr'><strong>lineriensis,</strong></span> <span class='ocrx_word' id='word_1_306' title='bbox 412 3729 433 3784; x_wconf 82' lang='lat' dir='ltr'>C</span> <span class='ocrx_word' id='word_1_307' title='bbox 457 3731 655 3787; x_wconf 81' lang='lat' dir='ltr'><strong>Torembais.</strong></span> <span class='ocrx_word' id='word_1_308' title='bbox 674 3761 706 3775; x_wconf 87' lang='lat'><strong>·-</strong></span> <span class='ocrx_word' id='word_1_309' title='bbox 725 3731 757 3800; x_wconf 80' lang='lat'><strong>2)</strong></span> <span class='ocrx_word' id='word_1_310' title='bbox 775 3732 856 3786; x_wconf 80' lang='lat' dir='ltr'><strong>satis</strong></span> <span class='ocrx_word' id='word_1_311' title='bbox 880 3729 930 3784; x_wconf 84' lang='lat' dir='ltr'><strong>add</strong></span> <span class='ocrx_word' id='word_1_312' title='bbox 952 3728 1005 3783; x_wconf 83' lang='lat' dir='ltr'><strong>BC.</strong></span> <span class='ocrx_word' id='word_1_313' title='bbox 1025 3758 1056 3772; x_wconf 87' lang='lat'><em>-</em></span> <span class='ocrx_word' id='word_1_314' title='bbox 1076 3727 1109 3795; x_wconf 83' lang='lat'><strong>³)</strong></span> 
     </span>
     <span class='ocr_line' id='line_1_38' title="bbox 138 3797 1110 3874; baseline -0.004 -22"><span class='ocrx_word' id='word_1_315' title='bbox 138 3797 494 3856; x_wconf 81' lang='grc'><strong>1101111111111111111.</strong></span> <span class='ocrx_word' id='word_1_316' title='bbox 519 3830 550 3842; x_wconf 90' lang='lat'><strong>·-</strong></span> <span class='ocrx_word' id='word_1_317' title='bbox 573 3803 607 3868; x_wconf 84' lang='grc'><strong>4)</strong></span> <span class='ocrx_word' id='word_1_318' title='bbox 622 3801 668 3874; x_wconf 72' lang='lat' dir='ltr'><strong>BC</strong></span> <span class='ocrx_word' id='word_1_319' title='bbox 691 3810 838 3871; x_wconf 75' lang='lat' dir='ltr'><strong>erasque.</strong></span> <span class='ocrx_word' id='word_1_320' title='bbox 857 3831 888 3844; x_wconf 85' lang='lat'><em>-</em></span> <span class='ocrx_word' id='word_1_321' title='bbox 910 3800 944 3868; x_wconf 78' lang='lat'><strong>5)</strong></span> <span class='ocrx_word' id='word_1_322' title='bbox 961 3798 982 3852; x_wconf 88' lang='grc'><strong>1)</strong></span> <span class='ocrx_word' id='word_1_323' title='bbox 1000 3805 1110 3853; x_wconf 81' lang='lat' dir='ltr'><strong>exstu-</strong></span> 
     </span>
     <span class='ocr_line' id='line_1_39' title="bbox 138 3870 1108 3940; baseline -0.002 -19"><span class='ocrx_word' id='word_1_324' title='bbox 138 3878 298 3936; x_wconf 87' lang='lat' dir='ltr'><strong>pesceret.</strong></span> <span class='ocrx_word' id='word_1_325' title='bbox 311 3899 341 3910; x_wconf 88' lang='lat'>-</span> <span class='ocrx_word' id='word_1_326' title='bbox 354 3871 386 3940; x_wconf 80' lang='grc'><strong>6]</strong></span> <span class='ocrx_word' id='word_1_327' title='bbox 404 3871 504 3924; x_wconf 87' lang='lat' dir='ltr'><strong>luisse</strong></span> <span class='ocrx_word' id='word_1_328' title='bbox 522 3887 564 3928; x_wconf 80' lang='lat' dir='ltr'><strong>ors</strong></span> <span class='ocrx_word' id='word_1_329' title='bbox 580 3870 774 3940; x_wconf 69' lang='lat' dir='ltr'><strong>sa-mssa</strong></span> <span class='ocrx_word' id='word_1_330' title='bbox 792 3870 923 3927; x_wconf 81' lang='lat' dir='ltr'><strong>soleret</strong></span> <span class='ocrx_word' id='word_1_331' title='bbox 939 3880 1108 3936; x_wconf 77' lang='lat' dir='ltr'><strong>reponere.</strong></span> 
     </span>
    </p>
   </div>
   <div class='ocr_carea' id='block_1_8' title="bbox 0 0 1305 4302">
    <p class='ocr_par' dir='ltr' id='par_1_8' title="bbox 0 0 1305 4302">
     <span class='ocr_line' id='line_1_40' title="bbox 0 0 1305 4302; baseline 0 0"><span class='ocrx_word' id='word_1_332' title='bbox 0 0 1305 4302; x_wconf 95' lang='lat' dir='ltr'><strong> </strong></span> 
     </span>
    </p>
   </div>
  </div>
 </body>
</html>
