2664 4308
136 385 141 394 ,
161 321 203 381 24
466 281 693 380 ΙΙΙΟΤΙΝΟΤΙΟ
714 317 890 409 SEPTIMA
980 378 984 392 ,

160 455 194 500 se
214 439 356 516 signaret,
384 455 440 500 nec
460 439 508 500 ille
528 440 653 518 fugeret,
684 457 752 500 mor
773 447 806 500 ut
825 441 943 518 propius
964 441 1101 518 accessi,
1133 399 1203 504 larr-

160 532 254 587 tasma
274 529 399 587 evanuit
448 526 531 587 Τιιιιο
563 527 601 587 ad
628 528 825 590 confusionem
846 528 969 604 diabmi,
996 545 1083 605 super
1102 529 1202 606 ipsum

158 613 294 674 feretrum
321 629 354 673 se
386 617 559 689 composuit,
587 614 725 674 Ιοιιιοίιι
717 635 747 674 rn
769 632 804 676 co
824 617 934 692 boens,
965 614 1058 676 donec
1085 621 1201 694 septem

159 699 286 777 paulinos
306 700 522 777 poenitentiales
544 700 733 764 decantasset.

491 890 724 953 CAPITULUM
751 891 868 953 XVIII.

159 1011 234 1073 item
262 1013 298 1074 dc
327 1013 458 1090 quodam
486 1015 630 1074 monacho
659 1014 787 1074 ciusdem
808 1015 953 1088 camebi,
986 1017 1039 1092 qui
1059 1011 1198 1076 sarmium

181 1097 313 1160 Mariam
335 1101 377 1159 ad
395 1101 512 1176 ciuilius
533 1104 671 1175 circuire,
701 1108 729 1160 et
750 1103 938 1177 uinculorum
959 1103 1177 1178 monachorum

276 1188 378 1248 uultus
399 1187 530 1262 deterrere
551 1188 633 1262 cidit,
655 1186 771 1247 duobus
793 1194 912 1247 tautum
933 1189 1077 1265 aculeatis.

122 1315 126 1334 ¹
222 1307 306 1368 Alius
328 1307 444 1383 quidam
467 1325 502 1367 ex
522 1299 670 1368 monachis
692 1308 819 1368 eiusdem
840 1309 911 1384 loci,
937 1311 982 1368 vir
1002 1308 1083 1369 tanta
1103 1312 1197 1386 gratia

159 1393 277 1472 dignus,
305 1401 390 1454 nocte
411 1394 537 1470 quadam
557 1394 711 1454 Dominam
733 1402 860 1456 nostram
881 1395 953 1454 vidit
974 1395 1093 1455 chorum
1113 1394 1196 1472 psal-

158 1480 276 1542 lentium
298 1482 430 1558 cucuirc,
453 1487 481 1541 et
502 1481 678 1558 singulorum
700 1482 906 1542 monachorum
926 1483 1022 1542 vultus
1045 1483 1195 1559 detegere,

159 1567 272 1628 duobus
304 1574 416 1627 tanturn
447 1568 593 1645 neglectis.
647 1569 693 1627 Ex
728 1570 831 1645 quibus
865 1587 939 1629 unua
974 1585 1043 1629 mcx
1078 1571 1197 1630 incurrit
1311 1625 1316 1634 .

159 1655 351 1731 apostasiam
373 1654 409 1718 dc
430 1654 520 1716 altero
542 1655 611 1733 quid
632 1656 728 1716 adhuc
749 1656 874 1716 futurum
896 1659 934 1716 sit
953 1658 1107 1734 ignoratam.

503 1844 735 1907 suerranum
759 1847 848 1934 mni.

157 1966 233 2027 Item
255 1966 291 2026 de
313 1968 406 2027 altero
427 1969 572 2028 monache
595 1969 722 2028 eiusdem
744 1970 879 2041 claustri,
911 1971 959 2027 cui
981 1967 1068 2027 beatu
1089 1967 1193 2028 Maria

178 2071 268 2130 super
286 2053 382 2114 altare
393 2058 426 2114 iu
438 2073 506 2114 aare
519 2059 596 2116 iuter
607 2056 825 2115 multitudinem
837 2062 1009 2115 sauctorum
1021 2057 1171 2132 apparuit

222 2174 258 2234 In
272 2174 374 2236 codem
386 2177 524 2236 coenobio
537 2163 695 2235 monacfius
713 2177 829 2252 quidam
842 2182 926 2236 nocte
941 2176 1066 2250 quadam
1086 2180 1193 2251 putans

157 2264 188 2320 in
209 2265 330 2322 oratorio
362 2262 459 2322 nolam
488 2263 524 2322 ad
553 2266 706 2322 matutinas
736 2279 799 2324 esse
826 2262 985 2339 pulsatam,
1015 2281 1081 2322 cum
1100 2260 1193 2321 multa

157 2349 337 2408 festinatione
351 2367 477 2426 surgens,
492 2353 645 2409 oratorium
658 2352 782 2424 inuasit,
799 2353 974 2426 veniensque
988 2356 1055 2408 ante
1068 2349 1192 2426 presby·

158 2437 276 2510 terium,
302 2435 438 2495 circulum
458 2439 561 2495 nimiae
584 2436 718 2495 claritatis
752 2436 790 2495 ad
817 2439 907 2495 instar
928 2439 986 2512 yris
1000 2432 1017 2516 ¹)
1039 2436 1192 2494 formatum

158 2525 188 2580 in
209 2539 274 2581 aere
289 2540 374 2598 super
387 2523 475 2593 altare
493 2526 647 2598 conspexit.
690 2523 725 2580 In
747 2540 804 2598 quo
825 2523 881 2582 Dei
903 2523 993 2582 filium
1013 2521 1193 2583 salvatorem

158 2613 288 2668 nocuum
319 2627 386 2668 cum
413 2616 504 2669 matre
535 2611 700 2668 beatissima
732 2609 940 2685 contemplatus
969 2615 1026 2685 est,
1059 2615 1088 2669 ct
1116 2610 1194 2668 circa

158 2698 236 2772 ipsos
259 2713 295 2755 ex
316 2698 392 2755 omui
409 2703 491 2773 parte
504 2696 714 2756 multitudinem
735 2702 906 2772 sanctorum,
926 2695 1039 2766 illorum
1061 2697 1194 2770 maxime,

159 2799 281 2858 quorum
312 2785 342 2840 in
371 2783 491 2843 ccclesia
518 2783 652 2859 reliquiae
683 2784 908 2860 continebantur.
957 2783 1085 2843 Noverat
1116 2784 1192 2841 enim

158 2869 271 2929 illorum
292 2872 422 2944 nomina,
451 2886 485 2929 eo
515 2869 593 2944 quod
615 2870 786 2945 quandoque
813 2870 920 2930 ibidem
945 2870 1045 2930 fuisset
1065 2869 1193 2928 sacrista.

159 2949 220 3016 Ne'c
239 2956 308 3014 mihi
330 2962 448 3030 constat,
470 2958 494 3014 si
514 2956 590 3026 idern
610 2963 685 3016 esset
705 2960 754 3032 qui
775 2975 869 3033 supra.
912 2955 1012 3016 Stante
1033 2974 1068 3016 eo
1084 2955 1194 3016 inloco

159 3042 321 3119 praedicto,
348 3045 389 3102 ait
408 3043 534 3102 Domina
562 3050 659 3103 nostra
681 3044 794 3103 duobus
815 3043 937 3120 angelis:
959 3042 1104 3102 Adducite
1125 3059 1194 3102 aum

160 3128 198 3191 ad
218 3147 275 3188 me.
318 3129 383 3205 Quo
412 3130 503 3205 iacto,
535 3148 600 3190 curn
625 3131 734 3191 litteras
754 3134 785 3190 in
806 3133 924 3190 circuitu
946 3146 1068 3190 coronae
1089 3130 1195 3189 beatae

159 3217 285 3293 Virginis
293 3211 314 3296 ²)
329 3219 449 3292 scriptas
465 3216 560 3294 legere
573 3218 724 3293 iuberetur,
745 3235 799 3277 nec
812 3224 920 3293 posset,
940 3219 981 3276 ait
1001 3216 1049 3274 illa
1070 3215 1194 3292 augelis:

160 3304 305 3378 Deponitc
327 3321 393 3362 curn
414 3303 452 3362 ad
472 3309 591 3379 terram,
613 3306 708 3379 ibique
729 3312 830 3381 patens
851 3307 979 3378 veniam,
1002 3303 1079 3362 dicat
1093 3319 1192 3380 ¹ange-

160 3390 244 3449 licam
267 3389 481 3466 salutationem,
509 3397 537 3451 et
557 3391 717 3451 reducatur.
736 3399 738 3407 '
761 3391 846 3467 Quod
868 3387 1061 3451 eum'tactum
1081 3389 1195 3464 brissei,

119 3517 121 3525 ‚
160 3483 191 3536 et
211 3476 306 3536 adhuc
327 3477 444 3537 casdem
470 3476 578 3538 litteras
605 3481 720 3538 minime
741 3479 859 3556 legeret,
879 3481 962 3536 tertio
985 3478 1086 3536 eodem
1107 3475 1196 3536 moda

161 3563 308 3639 depositus
337 3571 366 3624 ct
385 3565 535 3640 reductus,
566 3560 674 3625 litteras
706 3566 821 3642 quidem
848 3565 943 3642 legere
982 3570 1011 3624 ct
1038 3562 1197 3639 intelligere

160 3652 266 3727 potuit,
287 3650 338 3711 sed
359 3668 395 3711 uc
417 3655 585 3728 scripturam
606 3652 656 3712 ulli
676 3654 824 3712 hominurn
845 3651 990 3728 proderet,
1012 3649 1196 3709 interdictum

160 3739 279 3813 accepit
323 3739 387 3815 Quo
416 3740 454 3799 ad
482 3749 587 3799 terram
615 3741 652 3799 ab
680 3741 788 3817 angelis
811 3739 956 3834 deposito,
978 3738 1115 3814 dispamit
1136 3733 1197 3817 ets)

180 3889 356 3957 )rr1drs
376 3891 407 3960 )
425 3890 675 3946 CPbeatacDei
693 3891 929 3944 Genitricis-
950 3888 1038 3958 3)οΡ
1056 3888 1142 3942 haec.
