2538 4314
168 275 229 334 104
470 269 697 332 DISTINCTIO
716 269 901 331 SECUNDA
1002 329 1005 332 .

146 391 148 402 ⁴
166 396 271 456 ordinis
285 391 311 474 ¹),
332 395 447 454 natione
462 393 548 469 Saxo,
569 411 630 452 rem
651 396 789 453 memoria
811 392 1005 470 dignissimam
1028 390 1063 450 de
1078 388 1202 468 quodam

167 485 304 543 usurario.
347 481 408 540 Nec
430 487 542 541 constat
563 481 647 556 mihi,
678 483 702 541 si
730 483 835 556 scripta
863 481 907 538 sit.
950 479 1032 537 Dixit
1059 477 1202 554 quendam

167 565 252 629 fuisse
273 571 436 628 usurarium
458 567 576 627 divitem
603 569 701 642 nimis,
731 570 779 643 qui
808 567 985 626 diversarum
1018 565 1202 626 ecclesiarum

166 657 317 716 thesauros
337 655 401 715 loco
422 657 549 733 pignoris
569 656 705 714 tenebat‘
739 655 827 714 Cuius
850 671 898 713 cor
911 651 932 732 ²)
956 671 1021 712 cum
1054 658 1131 712 esset
1158 653 1203 708 in-

167 743 315 820 explebilis
336 745 481 817 avaritiae,
501 759 654 818 percussus
676 747 720 800 est
732 744 903 818 peremtoria
918 739 1090 798 infirmitate.
1123 738 1203 797 Tunc

168 833 291 907 primum
310 833 340 889 in
362 847 393 889 se
414 847 561 904 reversus,
575 828 648 888 licet
669 845 748 903 sero,
776 829 954 888 considerare
977 829 1071 902 coepit
1091 825 1203 902 pondus

167 935 279 992 usurae,
299 923 442 976 tormenta
462 915 620 993 gehennae,
643 914 836 974 difficultatem
857 916 1057 990 poenitentiae.
1100 912 1140 971 Et
1149 929 1203 971 vo·

169 1023 236 1065 cans
259 1003 297 1063 ad
317 1021 350 1063 se
372 1002 515 1079 quendam
536 1005 609 1080 nigri
630 1001 736 1062 ordinis
757 1001 904 1062 Abbatem
937 1001 991 1060 sibi
1020 999 1203 1073 familiarem,

168 1091 238 1150 dixit
259 1093 299 1150 ei:
328 1091 468 1164 Domine,
489 1093 613 1167 graviter
633 1089 767 1163 infirmor,
788 1106 846 1148 non
854 1086 876 1169 ³)
897 1105 1016 1164 possum
1038 1086 1147 1164 aliquid
1169 1085 1203 1144 de

167 1179 252 1238 rebus
274 1180 345 1236 meis
367 1177 505 1251 ordinare,
526 1193 620 1251 neque
641 1193 743 1234 usuras
765 1183 899 1254 acceptas
921 1176 1084 1250 restituere3
1106 1176 1202 1233 sivo·

167 1266 275 1324 lueritis
309 1263 344 1323 de
377 1266 472 1322 anima
500 1281 565 1322 mea
592 1261 658 1322 Deo
687 1262 806 1322 reddere
833 1264 987 1336 rationem,
1018 1266 1202 1337 pcccatormn

168 1369 297 1412 meorum
318 1350 388 1409 mihi
407 1351 572 1426 promittere
593 1348 803 1409 absolutionem
834 1351 930 1408 omnia
950 1349 1028 1408 bona
1049 1366 1124 1423 mea,
1145 1354 1203 1406 tam

168 1436 286 1498 mobilia
308 1453 395 1518 quarn
416 1437 588 1510 immobilia,
615 1439 751 1512 potestati
779 1444 892 1496 vestrae
914 1436 1083 1511 subiiciam,
1111 1437 1153 1493 ita
1173 1440 1203 1491 ut

61 1597 65 1608 Ι
170 1525 206 1584 de
232 1523 286 1582 illis
315 1523 392 1600 quod
421 1525 503 1582 vobis
532 1526 625 1582 visum
652 1519 770 1603 tuenti)
791 1525 911 1584 faciatis.
954 1522 1082 1582 Cernens
1103 1519 1204 1580 Abbas

168 1612 494 1686 hominemcontritum,
516 1616 545 1669 et
565 1627 634 1670 vere
654 1613 856 1686 poenitentem,
877 1609 1036 1686 respondit:
1065 1609 1132 1686 Ego
1153 1607 1204 1666 de-

167 1697 304 1758 liberabo.
347 1697 554 1773 Festinansque
576 1697 614 1756 ad
632 1697 820 1773 Episcopum,
842 1697 932 1756 verba
952 1698 1075 1755 usurarii
1096 1697 1122 1755 ei
1154 1711 1204 1754 ex·

130 1807 134 1822 ·
167 1787 276 1860 posuit,
304 1790 333 1844 et
361 1783 430 1860 quid
458 1783 619 1844 consuleret
644 1787 800 1860 inquisivit.
843 1782 1002 1860 Respondit
1028 1782 1203 1859 Episcopus:

167 1873 282 1931 Bonum
302 1871 371 1930 mihi
392 1871 520 1946 videtur,
541 1879 574 1930 ut
593 1887 646 1947 pro
668 1873 764 1930 anima
785 1873 846 1931 eius
868 1869 1025 1946 spondeas,
1048 1876 1084 1928 ut
1092 1867 1113 1948 ⁸)
1135 1869 1203 1928 sub-

60 2013 65 2030 ,
166 1961 301 2019 stantiam
322 1961 469 2034 suscipias,
500 1959 541 2016 ita
563 1957 728 2032 dumtaxat,
761 1957 961 2018 ut'Eeclesiae
981 1943 1064 2016 mebe
1087 1955 1202 2016 thesau-

167 2065 230 2105 rum
238 2043 259 2125 ⁶)
281 2045 351 2104 mihi
372 2049 513 2105 restimas.
556 2044 628 2104 Mox
649 2043 753 2104 Abbas
780 2045 818 2104 ad
847 2061 966 2121 aegrum
993 2042 1123 2119 rediens,
1151 2044 1202 2101 ait:

168 2134 231 2210 Ego
254 2131 422 2208 deliberavi,
455 2139 489 2191 ut
508 2133 586 2191 bona
607 2137 658 2190 tua
679 2135 847 2208 suscipiam,
876 2137 905 2191 et
924 2147 977 2208 pro
999 2132 1128 2206 peccatis
1150 2131 1203 2187 tuis

168 2220 232 2279 Deo
242 2216 262 2299 ⁷)
284 2219 451 2294 spondeam.
494 2218 656 2294 Respondit
670 2219 821 2277 infirmus:
843 2219 927 2278 Nune
949 2217 1100 2277 consilium
1110 2226 1202 2277 meum

169 2313 221 2380 cst,
242 2312 275 2364 ut
296 2305 388 2364 allatis
410 2306 546 2381 curribus,
569 2307 665 2365 omnia
685 2323 751 2366 mea
771 2309 849 2382 prius
873 2306 981 2380 efferas,
1004 2310 1093 2364 etme
1106 2305 1202 2363 novis-

168 2396 239 2452 sime
274 2393 391 2467 tollens,
430 2392 539 2451 nullum
575 2395 690 2468 patieris
724 2392 960 2469 impedimentum
993 2393 1022 2449 in
1054 2388 1202 2451 efferendo.

168 2479 305 2539 Habebat
338 2481 413 2537 enim
442 2478 514 2538 duas
543 2496 625 2538 areas
653 2479 754 2555 plenas
784 2481 860 2539 auri*
879 2485 907 2539 et
933 2479 1057 2555 argenti,
1086 2480 1203 2554 pignora

169 2570 255 2626 ctiam
275 2565 399 2642 plurima
419 2569 448 2624 in
469 2567 556 2640 vasis,
577 2566 671 2641 libris,
692 2569 835 2642 variisque
859 2557 1045 2640 omamentis3
1078 2565 1203 2624 frumen-

168 2663 245 2728 tum,
277 2655 376 2712 vinum
403 2649 464 2733 et⁰)
498 2652 704 2727 supellectilem
731 2654 865 2728 multam,
898 2668 1061 2728 pecoraque
1089 2649 1203 2709 infinita.

169 2739 364 2799 TuncAbbas
385 2742 463 2815 prius
486 2741 617 2799 omnibus
637 2743 810 2815 praemissis,
831 2743 985 2800 novissime
1006 2742 1036 2797 in
1052 2738 1203 2816 gestatorio

169 2843 279 2903 ponens
300 2827 458 2902 infirmum,
491 2830 655 2902 properavit
683 2827 720 2885 ad
749 2830 962 2887 monasterium.
1006 2825 1064 2886 Sed
1086 2841 1154 2884 mox
1173 2830 1203 2882 ut

75 2967 77 2972 .
168 2913 215 2973 ille
246 2916 450 2973 monasterium
478 2915 609 2988 intravit,
639 2917 769 2990 spiritum
802 2914 955 2973 exhalavit.
997 2912 1100 2972 Abbas
1120 2927 1202 2981 vero,

168 3019 227 3061 non
248 3003 396 3059 immemor
418 3003 592 3075 sponsionis,
620 3003 649 3059 in
672 3009 811 3076 quantum
833 3003 926 3076 potuit
947 3017 1048 3059 usuras
1070 2999 1202 3068 restituit,

168 3088 306 3163 plurimas
327 3104 380 3163 pro
400 3086 475 3145 illius
496 3090 592 3146 anima
612 3087 736 3165 largiens
759 3089 964 3164 eleemosynas.
1006 3087 1164 3146 Residuum
1176 3085 1201 3141 in

170 3192 237 3234 usus
258 3173 377 3233 fratrum
399 3165 547 3233 convertit.
589 3173 719 3234 Positrun
742 3182 786 3234 est
807 3192 910 3250 corpus
932 3176 962 3232 in
981 3174 1112 3248 oratorio,
1134 3171 1202 3230 eho-

168 3263 207 3320 ris
229 3261 413 3336 psallentium
436 3263 512 3320 circa
532 3260 604 3319 illud
626 3261 770 3321 ordinatis.
813 3262 848 3320 In
869 3264 933 3336 ipsa
949 3267 1042 3334 nocte,
1065 3277 1130 3320 cum
1146 3257 1202 3315 ira-

169 3355 226 3407 tres
259 3350 395 3407 attentius
423 3347 592 3422 psallerent,
628 3354 750 3423 quatuor
777 3351 842 3407 tetri
874 3349 989 3424 spiritus
1018 3352 1202 3422 apparenteS,

168 3436 303 3495 feretrum
324 3453 342 3494 a
364 3442 446 3510 parte
468 3437 581 3493 sinistra
603 3435 832 3494 circumstabant.
877 3435 988 3512 Quibus
1009 3435 1092 3509 visis,
1119 3429 1202 3490 territi

188 3568 405 3638 nequidem
423 3567 598 3620 monachus
615 3569 705 3636 nigri
723 3569 850 3620 ordinis
869 3577 900 3620 et
918 3568 1081 3633 sacerdos,
1098 3566 1119 3619 B
1137 3565 1201 3634 qui-

239 3638 308 3698 dam
335 3638 507 3690 monachus
534 3645 566 3687 et
592 3637 751 3690 sacerdos
779 3639 865 3706 nigri
892 3637 1025 3691 ordinis.
1046 3667 1076 3678 -
1103 3635 1134 3702 2)
1152 3647 1200 3685 cor

238 3707 288 3760 add
305 3707 360 3771 1303
387 3707 462 3773 paulo
481 3714 539 3773 post
557 3705 574 3756 Ρ
592 3709 743 3758 avaritia.
763 3736 794 3745 —
823 3707 854 3775 3)
872 3706 914 3760 BG
936 3722 1003 3758 nec.
1024 3735 1054 3745 -
1073 3706 1104 3772 4)
1122 3703 1142 3756 Β
1159 3705 1226 3755 via

240 3793 303 3829 sum
332 3777 434 3828 luerit
461 3776 573 3839 vobis,
600 3776 738 3829 Pvisum
756 3776 853 3828 vobis
880 3777 989 3828 irrorit.
1010 3803 1041 3816 ·-
1060 3775 1091 3842 5)
1108 3771 1146 3825 GP
1163 3780 1200 3823 et.

240 3877 269 3886 -
290 3846 322 3913 9)
339 3845 381 3898 BG
399 3845 582 3897 thesauros.
603 3873 633 3886 -
654 3847 686 3915 7)
703 3846 723 3899 0
741 3861 799 3916 ego
817 3845 888 3898 lieo.
909 3875 939 3888 -
959 3847 991 3914 8)
1009 3854 1041 3898 et
1059 3860 1099 3897 om
1116 3841 1167 3894 BP.
