<?xml version="1.0" encoding="UTF-8"?>
<!DOCTYPE html PUBLIC "-//W3C//DTD XHTML 1.0 Transitional//EN"
    "http://www.w3.org/TR/xhtml1/DTD/xhtml1-transitional.dtd">
<html xmlns="http://www.w3.org/1999/xhtml" xml:lang="en" lang="en">
 <head>
  <title>
</title>
<meta http-equiv="Content-Type" content="text/html;charset=utf-8" />
  <meta name='ocr-system' content='tesseract 3.04.00' />
  <meta name='ocr-capabilities' content='ocr_page ocr_carea ocr_par ocr_line ocrx_word'/>
</head>
<body>
  <div class='ocr_page' id='page_1' title='image "./caesariiheister05stragoog/caesariiheister05stragoog_0366.png"; bbox 0 0 2642 4330; ppageno 0'>
   <div class='ocr_carea' id='block_1_1' title="bbox 115 283 1159 487">
    <p class='ocr_par' dir='ltr' id='par_1_1' title="bbox 115 283 1159 487">
     <span class='ocr_line' id='line_1_1' title="bbox 457 283 1156 347; baseline 0.003 -3"><span class='ocrx_word' id='word_1_1' title='bbox 457 283 513 344; x_wconf 84' lang='lat' dir='ltr'>DE</span> <span class='ocrx_word' id='word_1_2' title='bbox 534 283 824 347; x_wconf 78' lang='lat' dir='ltr'><strong>SIMPLIGITATE.</strong></span> <span class='ocrx_word' id='word_1_3' title='bbox 1094 285 1156 346; x_wconf 76' lang='lat'>351</span> 
     </span>
     <span class='ocr_line' id='line_1_2' title="bbox 115 368 1159 487; baseline 0.002 -21"><span class='ocrx_word' id='word_1_4' title='bbox 115 393 231 466; x_wconf 84' lang='lat' dir='ltr'>multae</span> <span class='ocrx_word' id='word_1_5' title='bbox 251 368 348 465; x_wconf 22' lang='lat' dir='ltr'>luerat!</span> <span class='ocrx_word' id='word_1_6' title='bbox 363 407 491 482; x_wconf 83' lang='lat' dir='ltr'>pietatis:</span> <span class='ocrx_word' id='word_1_7' title='bbox 514 406 658 487; x_wconf 87' lang='lat' dir='ltr'>quicquid</span> <span class='ocrx_word' id='word_1_8' title='bbox 670 425 706 466; x_wconf 88' lang='lat' dir='ltr'>ex</span> <span class='ocrx_word' id='word_1_9' title='bbox 728 410 768 467; x_wconf 90' lang='lat' dir='ltr'>eis</span> <span class='ocrx_word' id='word_1_10' title='bbox 790 409 852 468; x_wconf 87' lang='lat' dir='ltr'>sive</span> <span class='ocrx_word' id='word_1_11' title='bbox 868 406 1001 466; x_wconf 78' lang='lat' dir='ltr'>debibus</span> <span class='ocrx_word' id='word_1_12' title='bbox 1021 407 1082 466; x_wconf 87' lang='lat' dir='ltr'>sive</span> <span class='ocrx_word' id='word_1_13' title='bbox 1096 406 1159 468; x_wconf 81' lang='lat' dir='ltr'>aliis</span> 
     </span>
    </p>
   </div>
   <div class='ocr_carea' id='block_1_2' title="bbox 115 493 1188 1442">
    <p class='ocr_par' dir='ltr' id='par_1_2' title="bbox 115 493 1188 1442">
     <span class='ocr_line' id='line_1_3' title="bbox 116 493 1159 571; baseline 0 -17"><span class='ocrx_word' id='word_1_14' title='bbox 116 497 180 554; x_wconf 88' lang='lat' dir='ltr'>suis</span> <span class='ocrx_word' id='word_1_15' title='bbox 201 493 302 552; x_wconf 85' lang='lat' dir='ltr'>vicinis</span> <span class='ocrx_word' id='word_1_16' title='bbox 323 495 434 553; x_wconf 90' lang='lat' dir='ltr'>mittere</span> <span class='ocrx_word' id='word_1_17' title='bbox 456 494 554 571; x_wconf 82' lang='lat' dir='ltr'>voluit,</span> <span class='ocrx_word' id='word_1_18' title='bbox 575 500 608 553; x_wconf 92' lang='lat' dir='ltr'>ut</span> <span class='ocrx_word' id='word_1_19' title='bbox 629 497 725 556; x_wconf 89' lang='lat' dir='ltr'>statim</span> <span class='ocrx_word' id='word_1_20' title='bbox 746 494 944 569; x_wconf 87' lang='lat' dir='ltr'>comederent,</span> <span class='ocrx_word' id='word_1_21' title='bbox 964 511 1022 553; x_wconf 90' lang='lat' dir='ltr'>non</span> <span class='ocrx_word' id='word_1_22' title='bbox 1043 496 1159 569; x_wconf 82' lang='lat' dir='ltr'>vivum,</span> 
     </span>
     <span class='ocr_line' id='line_1_4' title="bbox 116 580 1159 657; baseline 0 -17"><span class='ocrx_word' id='word_1_23' title='bbox 116 580 172 640; x_wconf 89' lang='lat' dir='ltr'>sed</span> <span class='ocrx_word' id='word_1_24' title='bbox 194 581 321 640; x_wconf 88' lang='lat' dir='ltr'>occisum</span> <span class='ocrx_word' id='word_1_25' title='bbox 343 584 504 640; x_wconf 72' lang='lat' dir='ltr'><strong>transmisit.</strong></span> <span class='ocrx_word' id='word_1_26' title='bbox 546 581 673 656; x_wconf 80' lang='lat' dir='ltr'>Tantae,</span> <span class='ocrx_word' id='word_1_27' title='bbox 687 582 727 640; x_wconf 81' lang='lat' dir='ltr'>&#39;ut</span> <span class='ocrx_word' id='word_1_28' title='bbox 747 599 834 657; x_wconf 88' lang='lat' dir='ltr'>saepe</span> <span class='ocrx_word' id='word_1_29' title='bbox 856 581 928 654; x_wconf 84' lang='lat' dir='ltr'>dixi,</span> <span class='ocrx_word' id='word_1_30' title='bbox 950 581 1025 640; x_wconf 89' lang='lat' dir='ltr'>cirea</span> <span class='ocrx_word' id='word_1_31' title='bbox 1045 597 1159 656; x_wconf 86' lang='lat' dir='ltr'>paupe·</span> 
     </span>
     <span class='ocr_line' id='line_1_5' title="bbox 116 664 1159 747; baseline 0.001 -22"><span class='ocrx_word' id='word_1_32' title='bbox 116 684 166 726; x_wconf 91' lang='lat' dir='ltr'>res</span> <span class='ocrx_word' id='word_1_33' title='bbox 189 667 394 742; x_wconf 78' lang='lat' dir='ltr'><strong>compassionis</strong></span> <span class='ocrx_word' id='word_1_34' title='bbox 415 667 468 726; x_wconf 85' lang='lat' dir='ltr'>luit</span> <span class='ocrx_word' id='word_1_35' title='bbox 484 664 516 747; x_wconf 88' lang='lat'>¹),</span> <span class='ocrx_word' id='word_1_36' title='bbox 545 674 577 726; x_wconf 91' lang='lat' dir='ltr'>ut</span> <span class='ocrx_word' id='word_1_37' title='bbox 605 667 776 744; x_wconf 80' lang='lat' dir='ltr'>quandoque</span> <span class='ocrx_word' id='word_1_38' title='bbox 804 669 940 741; x_wconf 86' lang='lat' dir='ltr'>laceret‚··</span> <span class='ocrx_word' id='word_1_39' title='bbox 954 666 1032 742; x_wconf 87' lang='lat' dir='ltr'>quod</span> <span class='ocrx_word' id='word_1_40' title='bbox 1053 683 1159 727; x_wconf 86' lang='lat' dir='ltr'>seeun-</span> 
     </span>
     <span class='ocr_line' id='line_1_6' title="bbox 118 753 1158 830; baseline 0 -18"><span class='ocrx_word' id='word_1_41' title='bbox 118 754 190 812; x_wconf 89' lang='lat' dir='ltr'>dum</span> <span class='ocrx_word' id='word_1_42' title='bbox 213 753 371 814; x_wconf 87' lang='lat' dir='ltr'>humanum</span> <span class='ocrx_word' id='word_1_43' title='bbox 391 754 526 814; x_wconf 91' lang='lat' dir='ltr'>iudicium</span> <span class='ocrx_word' id='word_1_44' title='bbox 548 757 641 813; x_wconf 92' lang='lat' dir='ltr'>miuus</span> <span class='ocrx_word' id='word_1_45' title='bbox 663 762 772 814; x_wconf 89' lang='lat' dir='ltr'>rectum</span> <span class='ocrx_word' id='word_1_46' title='bbox 793 754 953 814; x_wconf 86' lang='lat' dir='ltr'>videbatur.</span> <span class='ocrx_word' id='word_1_47' title='bbox 994 754 1071 814; x_wconf 85' lang='lat' dir='ltr'>Civis</span> <span class='ocrx_word' id='word_1_48' title='bbox 1092 756 1158 830; x_wconf 89' lang='lat' dir='ltr'>qui-</span> 
     </span>
     <span class='ocr_line' id='line_1_7' title="bbox 117 840 1158 916; baseline 0 -16"><span class='ocrx_word' id='word_1_49' title='bbox 117 840 187 900; x_wconf 83' lang='lat' dir='ltr'>dam</span> <span class='ocrx_word' id='word_1_50' title='bbox 211 840 248 899; x_wconf 90' lang='lat' dir='ltr'>de</span> <span class='ocrx_word' id='word_1_51' title='bbox 271 840 403 916; x_wconf 80' lang='lat' dir='ltr'>Colonia,</span> <span class='ocrx_word' id='word_1_52' title='bbox 432 843 505 900; x_wconf 90' lang='lat' dir='ltr'>sicut</span> <span class='ocrx_word' id='word_1_53' title='bbox 531 841 600 899; x_wconf 90' lang='lat' dir='ltr'>mihi</span> <span class='ocrx_word' id='word_1_54' title='bbox 627 841 724 901; x_wconf 87' lang='lat' dir='ltr'>retulit</span> <span class='ocrx_word' id='word_1_55' title='bbox 752 840 869 916; x_wconf 88' lang='lat' dir='ltr'>quidam</span> <span class='ocrx_word' id='word_1_56' title='bbox 898 856 933 899; x_wconf 86' lang='lat' dir='ltr'>ex</span> <span class='ocrx_word' id='word_1_57' title='bbox 961 840 1158 900; x_wconf 83' lang='lat' dir='ltr'>sacerdotibus</span> 
     </span>
     <span class='ocr_line' id='line_1_8' title="bbox 117 922 1188 1003; baseline 0.003 -18"><span class='ocrx_word' id='word_1_58' title='bbox 117 929 212 986; x_wconf 85' lang='lat' dir='ltr'>saneti</span> <span class='ocrx_word' id='word_1_59' title='bbox 233 924 378 1002; x_wconf 84' lang='lat' dir='ltr'><strong>Andreae,</strong></span> <span class='ocrx_word' id='word_1_60' title='bbox 398 945 517 988; x_wconf 90' lang='lat' dir='ltr'>uxorem</span> <span class='ocrx_word' id='word_1_61' title='bbox 538 930 682 1003; x_wconf 85' lang='lat' dir='ltr'>propriam</span> <span class='ocrx_word' id='word_1_62' title='bbox 703 930 796 987; x_wconf 89' lang='lat' dir='ltr'>minus</span> <span class='ocrx_word' id='word_1_63' title='bbox 819 927 951 1003; x_wconf 84' lang='lat' dir='ltr'>diligens,</span> <span class='ocrx_word' id='word_1_64' title='bbox 972 944 1058 1002; x_wconf 82' lang='lat' dir='ltr'>saepe</span> <span class='ocrx_word' id='word_1_65' title='bbox 1079 926 1158 988; x_wconf 80' lang='lat' dir='ltr'>illem</span> <span class='ocrx_word' id='word_1_66' title='bbox 1184 922 1188 933; x_wconf 83' lang='lat'>&#39;</span> 
     </span>
     <span class='ocr_line' id='line_1_9' title="bbox 116 1014 1158 1090; baseline 0 -16"><span class='ocrx_word' id='word_1_67' title='bbox 116 1014 275 1090; x_wconf 78' lang='lat' dir='ltr'>affligebat.</span> <span class='ocrx_word' id='word_1_68' title='bbox 319 1015 440 1090; x_wconf 87' lang='lat' dir='ltr'>Propter</span> <span class='ocrx_word' id='word_1_69' title='bbox 462 1014 539 1089; x_wconf 92' lang='lat' dir='ltr'>quod</span> <span class='ocrx_word' id='word_1_70' title='bbox 559 1014 609 1074; x_wconf 88' lang='lat' dir='ltr'>illa</span> <span class='ocrx_word' id='word_1_71' title='bbox 629 1015 722 1073; x_wconf 81' lang='lat' dir='ltr'>furata</span> <span class='ocrx_word' id='word_1_72' title='bbox 744 1020 787 1073; x_wconf 89' lang='lat' dir='ltr'>est</span> <span class='ocrx_word' id='word_1_73' title='bbox 812 1015 838 1072; x_wconf 88' lang='lat' dir='ltr'>ei</span> <span class='ocrx_word' id='word_1_74' title='bbox 859 1016 1011 1090; x_wconf 85' lang='lat' dir='ltr'>pecuniam</span> <span class='ocrx_word' id='word_1_75' title='bbox 1030 1015 1059 1072; x_wconf 91' lang='lat' dir='ltr'>in</span> <span class='ocrx_word' id='word_1_76' title='bbox 1080 1014 1158 1074; x_wconf 80' lang='lat' dir='ltr'>bonu</span> 
     </span>
     <span class='ocr_line' id='line_1_10' title="bbox 117 1100 1158 1178; baseline 0 -20"><span class='ocrx_word' id='word_1_77' title='bbox 117 1103 288 1175; x_wconf 85' lang='lat' dir='ltr'>quantitate.</span> <span class='ocrx_word' id='word_1_78' title='bbox 303 1165 311 1178; x_wconf 15' lang='grc' dir='ltr'>,ἱ</span> <span class='ocrx_word' id='word_1_79' title='bbox 332 1100 386 1160; x_wconf 81' lang='lat' dir='ltr'>Cui</span> <span class='ocrx_word' id='word_1_80' title='bbox 408 1119 473 1160; x_wconf 92' lang='lat' dir='ltr'>cum</span> <span class='ocrx_word' id='word_1_81' title='bbox 495 1103 612 1160; x_wconf 87' lang='lat' dir='ltr'>maritus</span> <span class='ocrx_word' id='word_1_82' title='bbox 634 1103 742 1159; x_wconf 83' lang='lat' dir='ltr'>crimen</span> <span class='ocrx_word' id='word_1_83' title='bbox 762 1103 935 1175; x_wconf 91' lang='lat' dir='ltr'>imponeret,</span> <span class='ocrx_word' id='word_1_84' title='bbox 965 1106 993 1159; x_wconf 90' lang='lat' dir='ltr'>et</span> <span class='ocrx_word' id='word_1_85' title='bbox 1013 1102 1077 1175; x_wconf 84' lang='lat' dir='ltr'>ipse</span> <span class='ocrx_word' id='word_1_86' title='bbox 1096 1100 1158 1159; x_wconf 88' lang='lat' dir='ltr'>lor-</span> 
     </span>
     <span class='ocr_line' id='line_1_11' title="bbox 116 1182 1158 1263; baseline 0 -17"><span class='ocrx_word' id='word_1_87' title='bbox 116 1189 184 1247; x_wconf 87' lang='lat' dir='ltr'>titer</span> <span class='ocrx_word' id='word_1_88' title='bbox 204 1182 338 1263; x_wconf 84' lang='lat' dir='ltr'>negaret,</span> <span class='ocrx_word' id='word_1_89' title='bbox 366 1189 469 1246; x_wconf 89' lang='lat' dir='ltr'>timens</span> <span class='ocrx_word' id='word_1_90' title='bbox 498 1188 535 1246; x_wconf 88' lang='lat' dir='ltr'>ab</span> <span class='ocrx_word' id='word_1_91' title='bbox 565 1187 613 1245; x_wconf 91' lang='lat' dir='ltr'>illo</span> <span class='ocrx_word' id='word_1_92' title='bbox 643 1186 832 1263; x_wconf 86' lang='lat' dir='ltr'>deprehendi,</span> <span class='ocrx_word' id='word_1_93' title='bbox 861 1189 1013 1263; x_wconf 83' lang='lat' dir='ltr'>pecuniam</span> <span class='ocrx_word' id='word_1_94' title='bbox 1039 1187 1158 1262; x_wconf 87' lang='lat' dir='ltr'>proiecit</span> 
     </span>
     <span class='ocr_line' id='line_1_12' title="bbox 115 1273 1157 1348; baseline 0 -16"><span class='ocrx_word' id='word_1_95' title='bbox 115 1275 147 1332; x_wconf 93' lang='lat' dir='ltr'>in</span> <span class='ocrx_word' id='word_1_96' title='bbox 179 1274 319 1334; x_wconf 87' lang='lat' dir='ltr'>cloacam.</span> <span class='ocrx_word' id='word_1_97' title='bbox 360 1274 468 1333; x_wconf 82' lang='lat' dir='ltr'>Postea</span> <span class='ocrx_word' id='word_1_98' title='bbox 497 1273 596 1332; x_wconf 89' lang='lat' dir='ltr'>dolens</span> <span class='ocrx_word' id='word_1_99' title='bbox 625 1273 661 1332; x_wconf 94' lang='lat' dir='ltr'>de</span> <span class='ocrx_word' id='word_1_100' title='bbox 686 1273 781 1347; x_wconf 83' lang='lat' dir='ltr'>iacto,</span> <span class='ocrx_word' id='word_1_101' title='bbox 813 1273 852 1333; x_wconf 86' lang='lat' dir='ltr'>ed</span> <span class='ocrx_word' id='word_1_102' title='bbox 879 1273 1030 1333; x_wconf 88' lang='lat' dir='ltr'>Decanum</span> <span class='ocrx_word' id='word_1_103' title='bbox 1062 1275 1157 1348; x_wconf 87' lang='lat' dir='ltr'>venit,</span> 
     </span>
     <span class='ocr_line' id='line_1_13' title="bbox 115 1355 1157 1442; baseline 0 -22"><span class='ocrx_word' id='word_1_104' title='bbox 115 1361 224 1442; x_wconf 73' lang='lat' dir='ltr'>furtum</span> <span class='ocrx_word' id='word_1_105' title='bbox 255 1360 378 1437; x_wconf 81' lang='lat' dir='ltr'>furtique</span> <span class='ocrx_word' id='word_1_106' title='bbox 407 1377 524 1420; x_wconf 82' lang='lat' dir='ltr'>causam</span> <span class='ocrx_word' id='word_1_107' title='bbox 551 1377 604 1437; x_wconf 90' lang='lat' dir='ltr'>per</span> <span class='ocrx_word' id='word_1_108' title='bbox 632 1355 837 1420; x_wconf 71' lang='lat' dir='ltr'>cenfessionem</span> <span class='ocrx_word' id='word_1_109' title='bbox 872 1363 997 1436; x_wconf 90' lang='lat' dir='ltr'>aperuit,</span> <span class='ocrx_word' id='word_1_110' title='bbox 1030 1366 1060 1420; x_wconf 90' lang='lat' dir='ltr'>et</span> <span class='ocrx_word' id='word_1_111' title='bbox 1086 1362 1157 1420; x_wconf 86' lang='lat' dir='ltr'>satis</span> 
     </span>
    </p>
   </div>
   <div class='ocr_carea' id='block_1_3' title="bbox 11 1441 1157 1524">
    <p class='ocr_par' dir='ltr' id='par_1_3' title="bbox 11 1441 1157 1524">
     <span class='ocr_line' id='line_1_14' title="bbox 11 1441 1157 1524; baseline -0.003 -14"><span class='ocrx_word' id='word_1_112' title='bbox 11 1441 12 1510; x_wconf 72' lang='lat' dir='ltr'>J</span> <span class='ocrx_word' id='word_1_113' title='bbox 115 1455 187 1523; x_wconf 91' lang='lat' dir='ltr'>puto</span> <span class='ocrx_word' id='word_1_114' title='bbox 217 1449 311 1506; x_wconf 84' lang='lat' dir='ltr'>virum</span> <span class='ocrx_word' id='word_1_115' title='bbox 333 1453 464 1506; x_wconf 84' lang='lat' dir='ltr'>sanctum</span> <span class='ocrx_word' id='word_1_116' title='bbox 484 1447 524 1505; x_wconf 90' lang='lat' dir='ltr'>illi</span> <span class='ocrx_word' id='word_1_117' title='bbox 545 1450 691 1521; x_wconf 72' lang='lat' dir='ltr'>suasisse,</span> <span class='ocrx_word' id='word_1_118' title='bbox 717 1453 750 1506; x_wconf 88' lang='lat' dir='ltr'>ut</span> <span class='ocrx_word' id='word_1_119' title='bbox 777 1449 928 1524; x_wconf 85' lang='lat' dir='ltr'>pecuniam</span> <span class='ocrx_word' id='word_1_120' title='bbox 957 1449 1058 1506; x_wconf 85' lang='lat' dir='ltr'>merito</span> <span class='ocrx_word' id='word_1_121' title='bbox 1087 1462 1157 1523; x_wconf 87' lang='lat' dir='ltr'>pro-</span> 
     </span>
    </p>
   </div>
   <div class='ocr_carea' id='block_1_4' title="bbox 116 1533 1157 1784">
    <p class='ocr_par' dir='ltr' id='par_1_4' title="bbox 116 1533 1157 1784">
     <span class='ocr_line' id='line_1_15' title="bbox 116 1533 1157 1611; baseline -0.001 -18"><span class='ocrx_word' id='word_1_122' title='bbox 116 1534 213 1610; x_wconf 80' lang='lat' dir='ltr'>deret3</span> <span class='ocrx_word' id='word_1_123' title='bbox 244 1533 296 1593; x_wconf 93' lang='lat' dir='ltr'>sed</span> <span class='ocrx_word' id='word_1_124' title='bbox 326 1536 394 1608; x_wconf 84' lang='lat' dir='ltr'>quia</span> <span class='ocrx_word' id='word_1_125' title='bbox 421 1533 470 1592; x_wconf 86' lang='lat' dir='ltr'>illa</span> <span class='ocrx_word' id='word_1_126' title='bbox 498 1551 564 1594; x_wconf 92' lang='lat' dir='ltr'>cum</span> <span class='ocrx_word' id='word_1_127' title='bbox 591 1537 751 1593; x_wconf 87' lang='lat' dir='ltr'>iuramento</span> <span class='ocrx_word' id='word_1_128' title='bbox 777 1541 948 1611; x_wconf 83' lang='lat' dir='ltr'>negaverat,</span> <span class='ocrx_word' id='word_1_129' title='bbox 977 1534 1071 1594; x_wconf 88' lang='lat' dir='ltr'>facere</span> <span class='ocrx_word' id='word_1_130' title='bbox 1098 1551 1157 1593; x_wconf 93' lang='lat' dir='ltr'>non</span> 
     </span>
     <span class='ocr_line' id='line_1_16' title="bbox 116 1620 1157 1698; baseline -0.001 -17"><span class='ocrx_word' id='word_1_131' title='bbox 116 1621 254 1694; x_wconf 84' lang='lat' dir='ltr'>audebat,</span> <span class='ocrx_word' id='word_1_132' title='bbox 274 1622 378 1679; x_wconf 91' lang='lat' dir='ltr'>timens</span> <span class='ocrx_word' id='word_1_133' title='bbox 398 1626 515 1696; x_wconf 90' lang='lat' dir='ltr'>propter</span> <span class='ocrx_word' id='word_1_134' title='bbox 535 1621 591 1680; x_wconf 93' lang='lat' dir='ltr'>hoc</span> <span class='ocrx_word' id='word_1_135' title='bbox 613 1621 735 1696; x_wconf 88' lang='lat' dir='ltr'>amplius</span> <span class='ocrx_word' id='word_1_136' title='bbox 756 1621 852 1698; x_wconf 84' lang='lat' dir='ltr'>affligi.</span> <span class='ocrx_word' id='word_1_137' title='bbox 885 1620 938 1680; x_wconf 83' lang='lat' dir='ltr'>Cui</span> <span class='ocrx_word' id='word_1_138' title='bbox 951 1622 1088 1680; x_wconf 89' lang='lat' dir='ltr'>Deeanus</span> <span class='ocrx_word' id='word_1_139' title='bbox 1108 1637 1157 1680; x_wconf 88' lang='lat' dir='ltr'>re-</span> 
     </span>
     <span class='ocr_line' id='line_1_17' title="bbox 116 1705 1157 1784; baseline -0.001 -18"><span class='ocrx_word' id='word_1_140' title='bbox 116 1707 247 1784; x_wconf 87' lang='lat' dir='ltr'>spondit:</span> <span class='ocrx_word' id='word_1_141' title='bbox 280 1705 312 1766; x_wconf 84' lang='lat' dir='ltr'>Si</span> <span class='ocrx_word' id='word_1_142' title='bbox 332 1713 433 1782; x_wconf 91' lang='lat' dir='ltr'>potero</span> <span class='ocrx_word' id='word_1_143' title='bbox 454 1709 606 1782; x_wconf 85' lang='lat' dir='ltr'>pecuniam</span> <span class='ocrx_word' id='word_1_144' title='bbox 627 1707 734 1767; x_wconf 90' lang='lat' dir='ltr'>habere</span> <span class='ocrx_word' id='word_1_145' title='bbox 756 1710 816 1766; x_wconf 89' lang='lat' dir='ltr'>sine</span> <span class='ocrx_word' id='word_1_146' title='bbox 837 1713 920 1782; x_wconf 86' lang='lat' dir='ltr'>nota,</span> <span class='ocrx_word' id='word_1_147' title='bbox 947 1709 992 1767; x_wconf 86' lang='lat' dir='ltr'>vis</span> <span class='ocrx_word' id='word_1_148' title='bbox 1020 1714 1054 1767; x_wconf 90' lang='lat' dir='ltr'>ut</span> <span class='ocrx_word' id='word_1_149' title='bbox 1075 1707 1157 1766; x_wconf 82' lang='lat' dir='ltr'>detrsr</span> 
     </span>
    </p>
   </div>
   <div class='ocr_carea' id='block_1_5' title="bbox 10 1792 1224 1870">
    <p class='ocr_par' dir='ltr' id='par_1_5' title="bbox 10 1792 1224 1870">
     <span class='ocr_line' id='line_1_18' title="bbox 10 1792 1224 1870; baseline -0.005 -13"><span class='ocrx_word' id='word_1_150' title='bbox 10 1803 11 1834; x_wconf 62' lang='lat'><em>³</em></span> <span class='ocrx_word' id='word_1_151' title='bbox 115 1792 314 1870; x_wconf 78' lang='lat' dir='ltr'>pauperibus?</span> <span class='ocrx_word' id='word_1_152' title='bbox 356 1792 479 1853; x_wconf 84' lang='lat' dir='ltr'>Dicente</span> <span class='ocrx_word' id='word_1_153' title='bbox 500 1793 556 1869; x_wconf 86' lang='lat' dir='ltr'>ille,</span> <span class='ocrx_word' id='word_1_154' title='bbox 577 1794 634 1853; x_wconf 91' lang='lat' dir='ltr'>hoc</span> <span class='ocrx_word' id='word_1_155' title='bbox 657 1793 825 1853; x_wconf 91' lang='lat' dir='ltr'>omnimodis</span> <span class='ocrx_word' id='word_1_156' title='bbox 847 1793 993 1870; x_wconf 81' lang='lat' dir='ltr'>desider03</span> <span class='ocrx_word' id='word_1_157' title='bbox 1014 1800 1082 1870; x_wconf 89' lang='lat' dir='ltr'>post</span> <span class='ocrx_word' id='word_1_158' title='bbox 1101 1794 1156 1854; x_wconf 83' lang='lat' dir='ltr'>eli·</span> <span class='ocrx_word' id='word_1_159' title='bbox 1222 1813 1224 1826; x_wconf 92' lang='lat'><em>·</em></span> 
     </span>
    </p>
   </div>
   <div class='ocr_carea' id='block_1_6' title="bbox 116 1879 1157 2650">
    <p class='ocr_par' dir='ltr' id='par_1_6' title="bbox 116 1879 1157 2650">
     <span class='ocr_line' id='line_1_19' title="bbox 118 1879 1156 1956; baseline 0 -16"><span class='ocrx_word' id='word_1_160' title='bbox 118 1888 191 1956; x_wconf 87' lang='lat' dir='ltr'>quot</span> <span class='ocrx_word' id='word_1_161' title='bbox 212 1880 273 1939; x_wconf 92' lang='lat' dir='ltr'>dies</span> <span class='ocrx_word' id='word_1_162' title='bbox 295 1879 431 1939; x_wconf 89' lang='lat' dir='ltr'>Decanus</span> <span class='ocrx_word' id='word_1_163' title='bbox 451 1879 564 1939; x_wconf 84' lang='lat' dir='ltr'>locutus</span> <span class='ocrx_word' id='word_1_164' title='bbox 586 1887 630 1940; x_wconf 92' lang='lat' dir='ltr'>est</span> <span class='ocrx_word' id='word_1_165' title='bbox 651 1883 722 1940; x_wconf 85' lang='lat' dir='ltr'>clvi:</span> <span class='ocrx_word' id='word_1_166' title='bbox 743 1881 796 1942; x_wconf 91' lang='lat' dir='ltr'>Vis</span> <span class='ocrx_word' id='word_1_167' title='bbox 817 1881 888 1938; x_wconf 87' lang='lat' dir='ltr'>milri</span> <span class='ocrx_word' id='word_1_168' title='bbox 908 1881 1052 1940; x_wconf 83' lang='lat' dir='ltr'>licentiam</span> <span class='ocrx_word' id='word_1_169' title='bbox 1074 1880 1156 1956; x_wconf 83' lang='lat' dir='ltr'>dare,</span> 
     </span>
     <span class='ocr_line' id='line_1_20' title="bbox 117 1967 1155 2044; baseline 0 -18"><span class='ocrx_word' id='word_1_170' title='bbox 117 1974 153 2026; x_wconf 89' lang='lat' dir='ltr'>ut</span> <span class='ocrx_word' id='word_1_171' title='bbox 171 1969 289 2044; x_wconf 85' lang='lat' dir='ltr'>purgari</span> <span class='ocrx_word' id='word_1_172' title='bbox 309 1967 412 2026; x_wconf 82' lang='lat' dir='ltr'>faciam</span> <span class='ocrx_word' id='word_1_173' title='bbox 434 1967 561 2026; x_wconf 86' lang='lat' dir='ltr'>cloacam</span> <span class='ocrx_word' id='word_1_174' title='bbox 582 1973 677 2041; x_wconf 86' lang='lat' dir='ltr'>tuam,</span> <span class='ocrx_word' id='word_1_175' title='bbox 700 1973 729 2026; x_wconf 88' lang='lat' dir='ltr'>et</span> <span class='ocrx_word' id='word_1_176' title='bbox 749 1970 774 2026; x_wconf 93' lang='lat' dir='ltr'>si</span> <span class='ocrx_word' id='word_1_177' title='bbox 794 1967 901 2042; x_wconf 81' lang='lat' dir='ltr'>aliquid</span> <span class='ocrx_word' id='word_1_178' title='bbox 923 1968 1155 2026; x_wconf 79' lang='lat' dir='ltr'>milri&#39;Dominus</span> 
     </span>
     <span class='ocr_line' id='line_1_21' title="bbox 116 2045 1155 2134; baseline -0.001 -21"><span class='ocrx_word' id='word_1_179' title='bbox 116 2055 159 2113; x_wconf 93' lang='lat' dir='ltr'>ibi</span> <span class='ocrx_word' id='word_1_180' title='bbox 186 2054 310 2127; x_wconf 86' lang='lat' dir='ltr'>dederit,</span> <span class='ocrx_word' id='word_1_181' title='bbox 341 2053 408 2113; x_wconf 91' lang='lat' dir='ltr'>inde</span> <span class='ocrx_word' id='word_1_182' title='bbox 436 2053 556 2112; x_wconf 76' lang='lat' dir='ltr'>tollam?</span> <span class='ocrx_word' id='word_1_183' title='bbox 585 2054 684 2114; x_wconf 84' lang='lat' dir='ltr'>Sciens</span> <span class='ocrx_word' id='word_1_184' title='bbox 712 2054 760 2113; x_wconf 89' lang='lat' dir='ltr'>ille</span> <span class='ocrx_word' id='word_1_185' title='bbox 789 2071 855 2114; x_wconf 92' lang='lat' dir='ltr'>eum</span> <span class='ocrx_word' id='word_1_186' title='bbox 875 2056 969 2113; x_wconf 85' lang='lat' dir='ltr'>virum</span> <span class='ocrx_word' id='word_1_187' title='bbox 990 2045 1122 2112; x_wconf 83' lang='lat' dir='ltr'>sanctum</span> <span class='ocrx_word' id='word_1_188' title='bbox 1132 2049 1155 2134; x_wconf 83' lang='lat'>²)</span> 
     </span>
     <span class='ocr_line' id='line_1_22' title="bbox 117 2140 1156 2217; baseline -0.001 -16"><span class='ocrx_word' id='word_1_189' title='bbox 117 2158 191 2217; x_wconf 86' lang='lat' dir='ltr'>esse,</span> <span class='ocrx_word' id='word_1_190' title='bbox 212 2143 342 2217; x_wconf 78' lang='lat' dir='ltr'>cogitans</span> <span class='ocrx_word' id='word_1_191' title='bbox 364 2142 450 2200; x_wconf 87' lang='lat' dir='ltr'>etiem</span> <span class='ocrx_word' id='word_1_192' title='bbox 473 2143 540 2215; x_wconf 91' lang='lat' dir='ltr'>quia</span> <span class='ocrx_word' id='word_1_193' title='bbox 560 2140 641 2200; x_wconf 91' lang='lat' dir='ltr'>Deus</span> <span class='ocrx_word' id='word_1_194' title='bbox 663 2140 769 2216; x_wconf 83' lang='lat' dir='ltr'>aliquid</span> <span class='ocrx_word' id='word_1_195' title='bbox 791 2143 817 2200; x_wconf 90' lang='lat' dir='ltr'>ei</span> <span class='ocrx_word' id='word_1_196' title='bbox 837 2141 1005 2215; x_wconf 83' lang='lat' dir='ltr'>revelasset,</span> <span class='ocrx_word' id='word_1_197' title='bbox 1024 2141 1156 2200; x_wconf 82' lang='lat' dir='ltr'>lieentia·-</span> 
     </span>
     <span class='ocr_line' id='line_1_23' title="bbox 116 2221 1157 2304; baseline 0.001 -18"><span class='ocrx_word' id='word_1_198' title='bbox 116 2230 169 2286; x_wconf 81' lang='lat' dir='ltr'>vit</span> <span class='ocrx_word' id='word_1_199' title='bbox 211 2228 340 2304; x_wconf 86' lang='lat' dir='ltr'>Purgeta</span> <span class='ocrx_word' id='word_1_200' title='bbox 362 2233 406 2286; x_wconf 89' lang='lat' dir='ltr'>est</span> <span class='ocrx_word' id='word_1_201' title='bbox 427 2221 534 2301; x_wconf 84' lang='lat' dir='ltr'>cloaca,</span> <span class='ocrx_word' id='word_1_202' title='bbox 555 2229 672 2287; x_wconf 84' lang='lat' dir='ltr'>inventa</span> <span class='ocrx_word' id='word_1_203' title='bbox 694 2235 738 2287; x_wconf 90' lang='lat' dir='ltr'>est</span> <span class='ocrx_word' id='word_1_204' title='bbox 754 2230 884 2303; x_wconf 86' lang='lat' dir='ltr'>pecunia,</span> <span class='ocrx_word' id='word_1_205' title='bbox 907 2234 935 2287; x_wconf 88' lang='lat' dir='ltr'>et</span> <span class='ocrx_word' id='word_1_206' title='bbox 955 2227 1028 2286; x_wconf 83' lang='lat' dir='ltr'>inire</span> <span class='ocrx_word' id='word_1_207' title='bbox 1047 2244 1157 2302; x_wconf 87' lang='lat' dir='ltr'>paucos</span> 
     </span>
     <span class='ocr_line' id='line_1_24' title="bbox 118 2312 1156 2390; baseline 0.002 -18"><span class='ocrx_word' id='word_1_208' title='bbox 118 2314 180 2374; x_wconf 87' lang='lat' dir='ltr'>dies</span> <span class='ocrx_word' id='word_1_209' title='bbox 201 2332 254 2390; x_wconf 88' lang='lat' dir='ltr'>per</span> <span class='ocrx_word' id='word_1_210' title='bbox 267 2331 370 2373; x_wconf 86' lang='lat' dir='ltr'>manus</span> <span class='ocrx_word' id='word_1_211' title='bbox 391 2313 512 2372; x_wconf 91' lang='lat' dir='ltr'>hominis</span> <span class='ocrx_word' id='word_1_212' title='bbox 525 2314 582 2372; x_wconf 93' lang='lat' dir='ltr'>Dei</span> <span class='ocrx_word' id='word_1_213' title='bbox 595 2315 769 2390; x_wconf 90' lang='lat' dir='ltr'>pauperibus</span> <span class='ocrx_word' id='word_1_214' title='bbox 784 2320 910 2390; x_wconf 78' lang='lat' dir='ltr'>erogata</span> <span class='ocrx_word' id='word_1_215' title='bbox 952 2312 1156 2374; x_wconf 83' lang='lat' dir='ltr'>NOVICIUS:</span> 
     </span>
     <span class='ocr_line' id='line_1_25' title="bbox 116 2399 1156 2477; baseline -0.001 -17"><span class='ocrx_word' id='word_1_216' title='bbox 116 2401 153 2460; x_wconf 95' lang='lat' dir='ltr'>In</span> <span class='ocrx_word' id='word_1_217' title='bbox 179 2401 236 2461; x_wconf 90' lang='lat' dir='ltr'>hoc</span> <span class='ocrx_word' id='word_1_218' title='bbox 264 2400 329 2460; x_wconf 90' lang='lat' dir='ltr'>loeo</span> <span class='ocrx_word' id='word_1_219' title='bbox 356 2407 456 2476; x_wconf 89' lang='lat' dir='ltr'>posset</span> <span class='ocrx_word' id='word_1_220' title='bbox 484 2400 626 2460; x_wconf 87' lang='lat' dir='ltr'>detractor</span> <span class='ocrx_word' id='word_1_221' title='bbox 647 2401 735 2477; x_wconf 87' lang='lat' dir='ltr'>figere</span> <span class='ocrx_word' id='word_1_222' title='bbox 758 2400 880 2460; x_wconf 87' lang='lat' dir='ltr'>dentem</span> <span class='ocrx_word' id='word_1_223' title='bbox 922 2399 1156 2461; x_wconf 77' lang='lat' dir='ltr'>MONACHUSz</span> 
     </span>
     <span class='ocr_line' id='line_1_26' title="bbox 117 2486 1157 2563; baseline 0 -17"><span class='ocrx_word' id='word_1_224' title='bbox 117 2489 186 2548; x_wconf 81' lang='lat' dir='ltr'>Tria</span> <span class='ocrx_word' id='word_1_225' title='bbox 213 2488 347 2547; x_wconf 87' lang='lat' dir='ltr'>videntur</span> <span class='ocrx_word' id='word_1_226' title='bbox 375 2505 441 2547; x_wconf 93' lang='lat' dir='ltr'>eum</span> <span class='ocrx_word' id='word_1_227' title='bbox 468 2487 516 2546; x_wconf 91' lang='lat' dir='ltr'>hie</span> <span class='ocrx_word' id='word_1_228' title='bbox 538 2504 673 2547; x_wconf 86' lang='lat' dir='ltr'>excusare</span> <span class='ocrx_word' id='word_1_229' title='bbox 695 2505 714 2546; x_wconf 82' lang='lat' dir='ltr'>a</span> <span class='ocrx_word' id='word_1_230' title='bbox 734 2494 863 2563; x_wconf 85' lang='lat' dir='ltr'>peceato.</span> <span class='ocrx_word' id='word_1_231' title='bbox 906 2487 1049 2562; x_wconf 88' lang='lat' dir='ltr'>Primum,</span> <span class='ocrx_word' id='word_1_232' title='bbox 1078 2486 1157 2562; x_wconf 90' lang='lat' dir='ltr'>quod</span> 
     </span>
     <span class='ocr_line' id='line_1_27' title="bbox 116 2573 1157 2650; baseline 0 -16"><span class='ocrx_word' id='word_1_233' title='bbox 116 2578 241 2650; x_wconf 86' lang='lat' dir='ltr'>pecunie</span> <span class='ocrx_word' id='word_1_234' title='bbox 268 2573 369 2633; x_wconf 83' lang='lat' dir='ltr'>eadem</span> <span class='ocrx_word' id='word_1_235' title='bbox 398 2577 473 2633; x_wconf 87' lang='lat' dir='ltr'>sicut</span> <span class='ocrx_word' id='word_1_236' title='bbox 493 2576 599 2648; x_wconf 88' lang='lat' dir='ltr'>mariti,</span> <span class='ocrx_word' id='word_1_237' title='bbox 626 2576 667 2632; x_wconf 84' lang='lat' dir='ltr'>its</span> <span class='ocrx_word' id='word_1_238' title='bbox 689 2581 717 2634; x_wconf 93' lang='lat' dir='ltr'>et</span> <span class='ocrx_word' id='word_1_239' title='bbox 738 2575 861 2634; x_wconf 84' lang='lat' dir='ltr'>feminae</span> <span class='ocrx_word' id='word_1_240' title='bbox 880 2574 941 2632; x_wconf 82' lang='lat' dir='ltr'>fuit.</span> <span class='ocrx_word' id='word_1_241' title='bbox 984 2573 1157 2648; x_wconf 83' lang='lat' dir='ltr'>Secundum,</span> 
     </span>
    </p>
   </div>
   <div class='ocr_carea' id='block_1_7' title="bbox 118 2661 1271 2737">
    <p class='ocr_par' dir='ltr' id='par_1_7' title="bbox 118 2661 1271 2737">
     <span class='ocr_line' id='line_1_28' title="bbox 118 2661 1271 2737; baseline 0.001 -17"><span class='ocrx_word' id='word_1_242' title='bbox 118 2661 196 2736; x_wconf 90' lang='lat' dir='ltr'>quod</span> <span class='ocrx_word' id='word_1_243' title='bbox 224 2669 322 2720; x_wconf 85' lang='lat' dir='ltr'>tamen</span> <span class='ocrx_word' id='word_1_244' title='bbox 350 2661 461 2736; x_wconf 83' lang='lat' dir='ltr'>perdita</span> <span class='ocrx_word' id='word_1_245' title='bbox 488 2661 553 2736; x_wconf 82' lang='lat' dir='ltr'>suit,</span> <span class='ocrx_word' id='word_1_246' title='bbox 590 2677 677 2737; x_wconf 86' lang='lat' dir='ltr'>quem</span> <span class='ocrx_word' id='word_1_247' title='bbox 709 2668 827 2736; x_wconf 88' lang='lat' dir='ltr'>propter</span> <span class='ocrx_word' id='word_1_248' title='bbox 855 2662 1060 2720; x_wconf 87' lang='lat' dir='ltr'>confessionem</span> <span class='ocrx_word' id='word_1_249' title='bbox 1087 2678 1157 2737; x_wconf 93' lang='lat' dir='ltr'>pro-</span> <span class='ocrx_word' id='word_1_250' title='bbox 1266 2717 1271 2730; x_wconf 83' lang='grc'>,</span> 
     </span>
    </p>
   </div>
   <div class='ocr_carea' id='block_1_8' title="bbox 115 2747 1157 3608">
    <p class='ocr_par' dir='ltr' id='par_1_8' title="bbox 115 2747 1157 3608">
     <span class='ocr_line' id='line_1_29' title="bbox 118 2747 1157 2824; baseline -0.001 -16"><span class='ocrx_word' id='word_1_251' title='bbox 118 2749 185 2808; x_wconf 88' lang='lat' dir='ltr'>dere</span> <span class='ocrx_word' id='word_1_252' title='bbox 206 2766 265 2808; x_wconf 89' lang='lat' dir='ltr'>non</span> <span class='ocrx_word' id='word_1_253' title='bbox 293 2747 380 2806; x_wconf 89' lang='lat' dir='ltr'>licuit.</span> <span class='ocrx_word' id='word_1_254' title='bbox 433 2747 576 2822; x_wconf 82' lang='lat' dir='ltr'>Tertium,</span> <span class='ocrx_word' id='word_1_255' title='bbox 610 2747 688 2822; x_wconf 90' lang='lat' dir='ltr'>quod</span> <span class='ocrx_word' id='word_1_256' title='bbox 715 2749 889 2824; x_wconf 82' lang='lat' dir='ltr'>pauperibus</span> <span class='ocrx_word' id='word_1_257' title='bbox 922 2764 985 2807; x_wconf 84' lang='lat' dir='ltr'>eam</span> <span class='ocrx_word' id='word_1_258' title='bbox 1008 2747 1157 2807; x_wconf 80' lang='lat' dir='ltr'>distribuit.</span> 
     </span>
     <span class='ocr_line' id='line_1_30' title="bbox 116 2832 1156 2911; baseline -0.002 -17"><span class='ocrx_word' id='word_1_259' title='bbox 116 2835 279 2895; x_wconf 89' lang='lat' dir='ltr'>Novissime</span> <span class='ocrx_word' id='word_1_260' title='bbox 302 2835 424 2908; x_wconf 79' lang='lat' dir='ltr'>ceritas,</span> <span class='ocrx_word' id='word_1_261' title='bbox 444 2851 518 2909; x_wconf 87' lang='lat' dir='ltr'>quae</span> <span class='ocrx_word' id='word_1_262' title='bbox 541 2851 606 2892; x_wconf 92' lang='lat' dir='ltr'>eum</span> <span class='ocrx_word' id='word_1_263' title='bbox 627 2834 665 2892; x_wconf 88' lang='lat' dir='ltr'>ad</span> <span class='ocrx_word' id='word_1_264' title='bbox 686 2832 742 2893; x_wconf 93' lang='lat' dir='ltr'>hoc</span> <span class='ocrx_word' id='word_1_265' title='bbox 763 2837 917 2911; x_wconf 85' lang='lat' dir='ltr'>instigavit.</span> <span class='ocrx_word' id='word_1_266' title='bbox 960 2833 1059 2894; x_wconf 84' lang='lat' dir='ltr'>Solent</span> <span class='ocrx_word' id='word_1_267' title='bbox 1080 2836 1156 2894; x_wconf 92' lang='lat' dir='ltr'>enim</span> 
     </span>
     <span class='ocr_line' id='line_1_31' title="bbox 116 2917 1155 2998; baseline -0.001 -16"><span class='ocrx_word' id='word_1_268' title='bbox 116 2922 281 2982; x_wconf 86' lang='lat' dir='ltr'>sacerdotes</span> <span class='ocrx_word' id='word_1_269' title='bbox 303 2938 390 2997; x_wconf 88' lang='lat' dir='ltr'>saepe</span> <span class='ocrx_word' id='word_1_270' title='bbox 399 2917 419 2998; x_wconf 81' lang='lat'>³)</span> <span class='ocrx_word' id='word_1_271' title='bbox 441 2921 585 2979; x_wconf 80' lang='lat' dir='ltr'>licentiore</span> <span class='ocrx_word' id='word_1_272' title='bbox 605 2920 726 2995; x_wconf 87' lang='lat' dir='ltr'>leminis,</span> <span class='ocrx_word' id='word_1_273' title='bbox 746 2927 779 2979; x_wconf 92' lang='lat' dir='ltr'>ut</span> <span class='ocrx_word' id='word_1_274' title='bbox 799 2923 908 2980; x_wconf 86' lang='lat' dir='ltr'>meritis</span> <span class='ocrx_word' id='word_1_275' title='bbox 930 2923 988 2980; x_wconf 91' lang='lat' dir='ltr'>suis</span> <span class='ocrx_word' id='word_1_276' title='bbox 1009 2923 1104 2980; x_wconf 86' lang='lat' dir='ltr'>everis</span> <span class='ocrx_word' id='word_1_277' title='bbox 1126 2927 1155 2981; x_wconf 91' lang='lat' dir='ltr'>et</span> 
     </span>
     <span class='ocr_line' id='line_1_32' title="bbox 115 3006 1154 3084; baseline -0.001 -16"><span class='ocrx_word' id='word_1_278' title='bbox 115 3006 385 3068; x_wconf 83' lang='lat' dir='ltr'>immisericordibus</span> <span class='ocrx_word' id='word_1_279' title='bbox 406 3010 518 3083; x_wconf 87' lang='lat' dir='ltr'>rapiant</span> <span class='ocrx_word' id='word_1_280' title='bbox 545 3013 574 3066; x_wconf 91' lang='lat' dir='ltr'>et</span> <span class='ocrx_word' id='word_1_281' title='bbox 601 3007 793 3083; x_wconf 87' lang='lat' dir='ltr'>indigentibus</span> <span class='ocrx_word' id='word_1_282' title='bbox 813 3007 978 3084; x_wconf 81' lang='lat' dir='ltr'>largiantur.</span> <span class='ocrx_word' id='word_1_283' title='bbox 1021 3007 1103 3066; x_wconf 86' lang='lat' dir='ltr'>Fecit</span> <span class='ocrx_word' id='word_1_284' title='bbox 1124 3013 1154 3068; x_wconf 90' lang='lat' dir='ltr'>et</span> 
     </span>
     <span class='ocr_line' id='line_1_33' title="bbox 116 3089 1154 3173; baseline -0.003 -18"><span class='ocrx_word' id='word_1_285' title='bbox 116 3095 195 3155; x_wconf 83' lang='lat' dir='ltr'>eliud</span> <span class='ocrx_word' id='word_1_286' title='bbox 217 3095 354 3170; x_wconf 85' lang='lat' dir='ltr'>quiddam</span> <span class='ocrx_word' id='word_1_287' title='bbox 377 3094 453 3169; x_wconf 81' lang='lat' dir='ltr'>qu&#39;od</span> <span class='ocrx_word' id='word_1_288' title='bbox 474 3095 566 3170; x_wconf 83' lang='lat' dir='ltr'>magis</span> <span class='ocrx_word' id='word_1_289' title='bbox 587 3090 710 3173; x_wconf 67' lang='lat' dir='ltr'>adhuct)</span> <span class='ocrx_word' id='word_1_290' title='bbox 739 3093 909 3169; x_wconf 88' lang='lat' dir='ltr'>disputabile</span> <span class='ocrx_word' id='word_1_291' title='bbox 937 3094 998 3152; x_wconf 85' lang='lat' dir='ltr'>fuit</span> <span class='ocrx_word' id='word_1_292' title='bbox 1039 3093 1120 3152; x_wconf 92' lang='lat' dir='ltr'>Dum</span> <span class='ocrx_word' id='word_1_293' title='bbox 1132 3089 1154 3172; x_wconf 73' lang='lat'>³)</span> 
     </span>
     <span class='ocr_line' id='line_1_34' title="bbox 116 3179 1155 3256; baseline -0.002 -16"><span class='ocrx_word' id='word_1_294' title='bbox 116 3182 187 3240; x_wconf 91' lang='lat' dir='ltr'>nihil</span> <span class='ocrx_word' id='word_1_295' title='bbox 206 3182 327 3241; x_wconf 81' lang='lat' dir='ltr'>haberet</span> <span class='ocrx_word' id='word_1_296' title='bbox 349 3180 386 3240; x_wconf 87' lang='lat' dir='ltr'>ad</span> <span class='ocrx_word' id='word_1_297' title='bbox 408 3179 630 3255; x_wconf 89' lang='lat' dir='ltr'>coinedendum,</span> <span class='ocrx_word' id='word_1_298' title='bbox 659 3183 810 3256; x_wconf 91' lang='lat' dir='ltr'>pistrinum</span> <span class='ocrx_word' id='word_1_299' title='bbox 834 3180 952 3240; x_wconf 82' lang='lat' dir='ltr'>tretium</span> <span class='ocrx_word' id='word_1_300' title='bbox 973 3183 1105 3255; x_wconf 76' lang='lat' dir='ltr'>inuasit,</span> <span class='ocrx_word' id='word_1_301' title='bbox 1126 3186 1155 3240; x_wconf 92' lang='lat' dir='ltr'>et</span> 
     </span>
     <span class='ocr_line' id='line_1_35' title="bbox 116 3263 1154 3344; baseline -0.003 -16"><span class='ocrx_word' id='word_1_302' title='bbox 116 3285 183 3328; x_wconf 92' lang='lat' dir='ltr'>eum</span> <span class='ocrx_word' id='word_1_303' title='bbox 205 3274 301 3328; x_wconf 91' lang='lat' dir='ltr'>essent</span> <span class='ocrx_word' id='word_1_304' title='bbox 328 3285 419 3342; x_wconf 88' lang='lat' dir='ltr'>panes</span> <span class='ocrx_word' id='word_1_305' title='bbox 448 3268 568 3326; x_wconf 84' lang='lat' dir='ltr'>ordinati</span> <span class='ocrx_word' id='word_1_306' title='bbox 598 3274 627 3328; x_wconf 92' lang='lat' dir='ltr'>et</span> <span class='ocrx_word' id='word_1_307' title='bbox 648 3263 797 3342; x_wconf 89' lang='lat' dir='ltr'>compositi</span> <span class='ocrx_word' id='word_1_308' title='bbox 818 3269 847 3325; x_wconf 89' lang='lat' dir='ltr'>in</span> <span class='ocrx_word' id='word_1_309' title='bbox 869 3266 969 3327; x_wconf 83' lang='lat' dir='ltr'>tabula</span> <span class='ocrx_word' id='word_1_310' title='bbox 990 3267 1028 3326; x_wconf 89' lang='lat' dir='ltr'>ad</span> <span class='ocrx_word' id='word_1_311' title='bbox 1050 3267 1154 3344; x_wconf 91' lang='lat' dir='ltr'>depor-</span> 
     </span>
     <span class='ocr_line' id='line_1_36' title="bbox 115 3353 1155 3431; baseline 0 -17"><span class='ocrx_word' id='word_1_312' title='bbox 115 3355 244 3430; x_wconf 89' lang='lat' dir='ltr'>tandum,</span> <span class='ocrx_word' id='word_1_313' title='bbox 267 3356 348 3414; x_wconf 92' lang='lat' dir='ltr'>cuius</span> <span class='ocrx_word' id='word_1_314' title='bbox 371 3361 466 3414; x_wconf 85' lang='lat' dir='ltr'>essent</span> <span class='ocrx_word' id='word_1_315' title='bbox 486 3355 526 3412; x_wconf 92' lang='lat' dir='ltr'>illi</span> <span class='ocrx_word' id='word_1_316' title='bbox 547 3354 594 3414; x_wconf 91' lang='lat' dir='ltr'>vel</span> <span class='ocrx_word' id='word_1_317' title='bbox 614 3353 801 3429; x_wconf 88' lang='lat' dir='ltr'>illipistorem</span> <span class='ocrx_word' id='word_1_318' title='bbox 821 3356 1014 3431; x_wconf 81' lang='lat' dir='ltr'>interrogavit</span> <span class='ocrx_word' id='word_1_319' title='bbox 1055 3354 1155 3430; x_wconf 87' lang='lat' dir='ltr'>Expe-</span> 
     </span>
     <span class='ocr_line' id='line_1_37' title="bbox 115 3437 1155 3520; baseline -0.001 -19"><span class='ocrx_word' id='word_1_320' title='bbox 115 3441 193 3501; x_wconf 90' lang='lat' dir='ltr'>ditus</span> <span class='ocrx_word' id='word_1_321' title='bbox 214 3441 250 3502; x_wconf 91' lang='lat' dir='ltr'>de</span> <span class='ocrx_word' id='word_1_322' title='bbox 272 3437 420 3520; x_wconf 66' lang='lat' dir='ltr'>singulist)</span> <span class='ocrx_word' id='word_1_323' title='bbox 444 3443 592 3517; x_wconf 87' lang='lat' dir='ltr'>apistore,</span> <span class='ocrx_word' id='word_1_324' title='bbox 613 3457 703 3518; x_wconf 84' lang='lat' dir='ltr'>panes</span> <span class='ocrx_word' id='word_1_325' title='bbox 723 3441 844 3515; x_wconf 89' lang='lat' dir='ltr'>illorum,</span> <span class='ocrx_word' id='word_1_326' title='bbox 866 3456 938 3515; x_wconf 87' lang='lat' dir='ltr'>quos</span> <span class='ocrx_word' id='word_1_327' title='bbox 951 3446 1071 3500; x_wconf 85' lang='lat' dir='ltr'>noverat</span> <span class='ocrx_word' id='word_1_328' title='bbox 1092 3457 1155 3500; x_wconf 88' lang='lat' dir='ltr'>esse</span> 
     </span>
     <span class='ocr_line' id='line_1_38' title="bbox 115 3523 1157 3608; baseline 0 -20"><span class='ocrx_word' id='word_1_329' title='bbox 115 3528 233 3604; x_wconf 88' lang='lat' dir='ltr'>divites,</span> <span class='ocrx_word' id='word_1_330' title='bbox 254 3530 284 3587; x_wconf 90' lang='lat' dir='ltr'>in</span> <span class='ocrx_word' id='word_1_331' title='bbox 306 3527 424 3587; x_wconf 90' lang='lat' dir='ltr'>domum</span> <span class='ocrx_word' id='word_1_332' title='bbox 445 3545 527 3588; x_wconf 89' lang='lat' dir='ltr'>snam</span> <span class='ocrx_word' id='word_1_333' title='bbox 549 3528 691 3605; x_wconf 85' lang='lat' dir='ltr'>deportari</span> <span class='ocrx_word' id='word_1_334' title='bbox 704 3523 724 3608; x_wconf 79' lang='lat'>⁷)</span> <span class='ocrx_word' id='word_1_335' title='bbox 745 3530 842 3602; x_wconf 85' lang='lat' dir='ltr'>iussit,</span> <span class='ocrx_word' id='word_1_336' title='bbox 864 3527 975 3588; x_wconf 90' lang='lat' dir='ltr'>dicens:</span> <span class='ocrx_word' id='word_1_337' title='bbox 996 3527 1042 3586; x_wconf 91' lang='lat' dir='ltr'>Illi</span> <span class='ocrx_word' id='word_1_338' title='bbox 1062 3527 1157 3588; x_wconf 82' lang='lat' dir='ltr'>abun·</span> 
     </span>
    </p>
   </div>
   <div class='ocr_carea' id='block_1_9' title="bbox 134 3711 1157 3922">
    <p class='ocr_par' dir='ltr' id='par_1_9' title="bbox 134 3711 1157 3922">
     <span class='ocr_line' id='line_1_39' title="bbox 134 3711 1156 3781; baseline 0 -17"><span class='ocrx_word' id='word_1_339' title='bbox 134 3713 168 3780; x_wconf 87' lang='lat'>1)</span> <span class='ocrx_word' id='word_1_340' title='bbox 183 3713 268 3766; x_wconf 77' lang='lat' dir='ltr'>Acol’</span> <span class='ocrx_word' id='word_1_341' title='bbox 294 3714 412 3765; x_wconf 87' lang='lat' dir='ltr'>luerat.</span> <span class='ocrx_word' id='word_1_342' title='bbox 437 3743 470 3754; x_wconf 88' lang='lat'><em>-</em></span> <span class='ocrx_word' id='word_1_343' title='bbox 497 3713 529 3780; x_wconf 82' lang='lat'>2)</span> <span class='ocrx_word' id='word_1_344' title='bbox 552 3712 594 3768; x_wconf 82' lang='lat' dir='ltr'>BC</span> <span class='ocrx_word' id='word_1_345' title='bbox 621 3714 723 3766; x_wconf 84' lang='lat' dir='ltr'>virum</span> <span class='ocrx_word' id='word_1_346' title='bbox 750 3719 889 3765; x_wconf 81' lang='lat' dir='ltr'>sunctum</span> <span class='ocrx_word' id='word_1_347' title='bbox 917 3727 993 3766; x_wconf 81' lang='lat' dir='ltr'>enm.</span> <span class='ocrx_word' id='word_1_348' title='bbox 1017 3741 1049 3752; x_wconf 90' lang='lat'><em>-</em></span> <span class='ocrx_word' id='word_1_349' title='bbox 1076 3713 1108 3781; x_wconf 81' lang='lat'>³)</span> <span class='ocrx_word' id='word_1_350' title='bbox 1135 3711 1156 3764; x_wconf 88' lang='lat' dir='ltr'>B</span> 
     </span>
     <span class='ocr_line' id='line_1_40' title="bbox 184 3781 1156 3850; baseline 0 -15"><span class='ocrx_word' id='word_1_351' title='bbox 184 3781 356 3835; x_wconf 79' lang='lat' dir='ltr'>interdum.</span> <span class='ocrx_word' id='word_1_352' title='bbox 376 3811 406 3822; x_wconf 90' lang='lat'>-</span> <span class='ocrx_word' id='word_1_353' title='bbox 426 3784 458 3850; x_wconf 79' lang='lat' dir='ltr'>t]</span> <span class='ocrx_word' id='word_1_354' title='bbox 476 3782 533 3834; x_wconf 88' lang='lat' dir='ltr'>libri</span> <span class='ocrx_word' id='word_1_355' title='bbox 550 3783 635 3834; x_wconf 87' lang='lat' dir='ltr'>lruic.</span> <span class='ocrx_word' id='word_1_356' title='bbox 654 3812 684 3823; x_wconf 89' lang='lat'>—</span> <span class='ocrx_word' id='word_1_357' title='bbox 705 3783 737 3850; x_wconf 90' lang='grc'>5)</span> <span class='ocrx_word' id='word_1_358' title='bbox 755 3783 819 3836; x_wconf 80' lang='lat' dir='ltr'>ACl)</span> <span class='ocrx_word' id='word_1_359' title='bbox 837 3796 918 3845; x_wconf 83' lang='lat' dir='ltr'>cum3</span> <span class='ocrx_word' id='word_1_360' title='bbox 946 3781 1020 3850; x_wconf 85' lang='lat' dir='ltr'>paulo</span> <span class='ocrx_word' id='word_1_361' title='bbox 1038 3790 1096 3849; x_wconf 89' lang='lat' dir='ltr'>post</span> <span class='ocrx_word' id='word_1_362' title='bbox 1114 3781 1156 3835; x_wconf 86' lang='lat' dir='ltr'>Bl)</span> 
     </span>
     <span class='ocr_line' id='line_1_41' title="bbox 187 3849 1157 3922; baseline -0.004 -18"><span class='ocrx_word' id='word_1_363' title='bbox 187 3852 224 3905; x_wconf 81' lang='lat' dir='ltr'>sd</span> <span class='ocrx_word' id='word_1_364' title='bbox 241 3851 659 3922; x_wconf 62' lang='lat' dir='ltr'>manducandum-dm?</span> <span class='ocrx_word' id='word_1_365' title='bbox 677 3868 692 3904; x_wconf 87' lang='lat' dir='ltr'>a</span> <span class='ocrx_word' id='word_1_366' title='bbox 711 3850 905 3922; x_wconf 78' lang='lat' dir='ltr'>singulis-</span> <span class='ocrx_word' id='word_1_367' title='bbox 922 3851 1006 3921; x_wconf 81' lang='grc' dir='ltr'>7)Βῦ</span> <span class='ocrx_word' id='word_1_368' title='bbox 1022 3849 1157 3903; x_wconf 82' lang='lat' dir='ltr'>deferri.</span> 
     </span>
    </p>
   </div>
   <div class='ocr_carea' id='block_1_10' title="bbox 0 0 1326 4330">
    <p class='ocr_par' dir='ltr' id='par_1_10' title="bbox 0 0 1326 4330">
     <span class='ocr_line' id='line_1_42' title="bbox 0 0 1326 4330; baseline 0 0"><span class='ocrx_word' id='word_1_369' title='bbox 0 0 1326 4330; x_wconf 95' lang='lat' dir='ltr'> </span> 
     </span>
    </p>
   </div>
  </div>
 </body>
</html>
