2622 4322
172 225 235 286 204
469 175 698 287 nrsrmmro
732 221 897 303 quanm
958 227 961 232 ·

172 354 277 423 noster,
292 362 358 407 cum
371 351 459 407 staret
472 348 510 408 ad
525 347 715 424 psalmodiam
729 350 932 408 matutinarum
945 350 975 407 in
986 347 1200 426 Hemmenrode,

174 441 204 494 et
225 435 401 510 dormitaret,
427 434 498 494 vidit
519 443 586 494 ante
609 453 648 511 se,
669 439 699 494 in
721 436 827 494 somnis
848 442 954 511 tamen,
974 439 1068 495 virum
1088 437 1201 512 longum

173 526 204 580 et
224 521 379 582 deformem
399 527 537 596 stantem,
566 525 615 598 qui
642 525 672 581 in
699 539 787 581 manu
815 521 924 581 nodum
943 525 1125 583 stramineum
1137 519 1153 602 ¹)
1174 531 1201 584 et

172 607 313 684 lutosum,
334 609 411 668 unde
433 612 500 685 equi
520 615 676 686 terguntur,
700 610 825 668 tenebat.
869 609 925 685 Qui
947 628 1013 669 eum
1033 609 1202 670 monachum

171 703 306 772 proterve
319 698 437 755 intuitus
450 697 557 772 suisset,
579 703 608 756 et
626 696 750 770 dixisset,
772 695 840 771 quid
861 696 908 756 hic
930 702 1096 757 tota-nocte
1117 703 1174 756 stas
1182 694 1201 777 ²)

175 787 204 858 et
226 782 378 858 dormitas,
403 801 527 860 magnae
556 783 596 841 fili
624 781 771 842 mulieris?
799 785 862 858 ipso
892 783 993 845 limoso
1022 786 1155 844 stramine
1175 786 1203 844 in

174 866 305 950 iaciem³)
328 884 394 930 eum
407 870 517 930 cecidit.
559 869 629 930 Mox
643 871 690 930 ille
708 871 820 929 territus
843 871 997 947 evigilavit,
1018 878 1047 931 et
1067 876 1100 931 ut
1119 873 1204 931 ictum

172 955 296 1016 ferientis
327 956 470 1032 evaderet,
492 963 580 1034 caput
608 957 779 1016 retrahendo
808 956 847 1017 ad
867 961 1007 1034 parietem
1036 945 1119 1018 dure‘
1139 960 1204 1018 satis

172 1039 294 1123 aluid).
315 1043 391 1105 Vide
413 1051 522 1120 quanta
548 1045 742 1104 subsarmatio.

500 1233 732 1294 CAPITULUM
752 1233 886 1296 XXXV.

222 1357 271 1417 Dc
291 1356 445 1430 monache,
468 1359 548 1416 circa
570 1359 710 1501 quegabm
732 1357 820 1415 choro
843 1357 1051 1417 dormitantem
1070 1361 1156 1434 porci

595 1446 626 1502 u'
680 1450 781 1502 untur.

237 1581 336 1658 Nuper
356 1580 467 1658 audivi,
489 1581 568 1657 quod
589 1582 671 1642 silere
691 1599 749 1642 non
773 1582 873 1642 debeo.
916 1582 952 1641 In
981 1580 1085 1642 eodem
1105 1599 1205 1644 mona·

172 1671 258 1728 sterio
280 1669 438 1729 monachus
461 1667 578 1744 quidam
600 1676 651 1744 est,
673 1671 723 1744 qui
743 1673 772 1728 in
795 1670 883 1729 choro
905 1678 991 1746 saepe
1014 1669 1157 1746 dormitat,
1179 1675 1206 1729 et

112 1756 117 1776 ‘
173 1772 236 1815 raro
258 1756 365 1834 vigilat,
387 1756 508 1815 multum
530 1762 643 1831 tacens,
669 1763 698 1815 et
717 1773 820 1833 pamm
840 1755 973 1833 psallens.
1018 1756 1102 1817 Circa
1122 1760 1206 1818 istum

110 1877 116 1896 .
172 1859 259 1919 saepe
280 1847 359 1919 porci
380 1842 519 1917 videntur,
541 1849 570 1902 et
584 1859 736 1920 porcorum
757 1847 906 1920 grunnitus
927 1843 1095 1904 audiuntur?
1132 1845 1205 1904 Puto

175 1932 242 2005 quia
274 1930 408 2008 colligant
429 1930 546 2007 siliquas
576 1930 612 1992 de
641 1948 690 1990 ore
719 1933 779 1989 eius
808 1931 952 1990 cadentes.
1000 1929 1204 1992 NOVIOIUS:

174 2016 249 2092 Quid
284 2024 350 2077 sunt
384 2017 519 2093 siliquae,
547 2016 595 2076 vel
629 2016 698 2092 quid
730 2014 937 2098 significant⁵ll
969 2015 1204 2078 MONAGHUS:
1287 2075 1288 2078 ,

172 2102 298 2179 Siliquae
319 2110 386 2163 smrt
412 2104 529 2164 folliculi
555 2103 745 2181 leguminum,
778 2104 993 2182 significantque
1014 2106 1108 2165 verba
1128 2103 1205 2181 psal·

172 2191 285 2251 modiae
321 2209 340 2251 a
370 2193 474 2252 virtute
507 2208 615 2266 vacua,
647 2207 722 2266 quae
757 2191 926 2251 somnolenti
959 2193 1019 2252 sine
1050 2194 1206 2252 intentione

172 2278 331 2354 prolenmt,
353 2281 382 2338 et
403 2277 504 2338 eadem
525 2277 680 2354 semiplene
701 2277 813 2353 prolata
833 2279 940 2353 porcis,
960 2278 990 2336 id
1012 2285 1065 2353 est,
1087 2279 1205 2338 daemo-

172 2366 264 2439 nibus,
286 2364 445 2441 colligenda
465 2367 623 2442 proliciunt.
665 2364 706 2424 Hi
725 2382 795 2424 vero
817 2367 867 2440 qui
887 2365 1015 2443 vigilant,
1037 2372 1066 2426 et
1087 2365 1206 2426 libenter

69 2519 73 2526 ‚
174 2450 333 2528 devoteque
355 2447 529 2526 cantant,'et
549 2451 675 2528 psallunt
694 2453 810 2527 intente,
831 2451 986 2511 medullam
994 2446 1015 2534 ⁶)
1037 2451 1205 2526 comedunt,

68 2615 70 2620 ,
173 2540 241 2614 quia
267 2541 404 2617 gratiam,
438 2541 562 2614 quaein
594 2539 689 2598 verbis
719 2539 790 2598 latet
819 2539 1007 2614 propheticis,
1038 2541 1206 2616 percipiunt

173 2624 259 2685 Tales
278 2628 308 2684 in
328 2626 440 2701 futuro,
463 2643 528 2685 cum
548 2623 744 2685 laudatoribus
771 2617 901 2686 coelestis
921 2626 1094 2703 Jemsalem,
1122 2625 1205 2702 adipe

130 2745 134 2752 ·
171 2711 304 2772 irumenti
334 2712 476 2772 Dominus
508 2713 622 2772 satiabit
630 2709 658 2792 ⁷),
678 2711 708 2770 id
731 2719 789 2787 est,
817 2715 927 2773 visione
955 2730 1025 2773 suae
1054 2709 1205 2794 deitatisil.

171 2797 374 2859 NOVICIUS:
397 2800 474 2859 Satis
487 2816 522 2859 ex
536 2799 580 2858 hie
597 2817 672 2875 quae
684 2797 760 2858 dieta
772 2806 839 2858 sunt
854 2799 964 2876 collige,
987 2801 1064 2875 quod
1079 2800 1205 2860 taedium

73 2923 80 2940 .
173 2888 296 2946 exercitii
317 2886 469 2963 spiritualis
490 2889 526 2946 sit
547 2885 711 2948 adiabolo.
755 2885 990 2946 MONACHUS:
1013 2886 1053 2947 Ut
1075 2888 1146 2947 dicis
1165 2889 1205 2945 ita

164 2980 231 3054 lest,
260 2975 327 3049 quia
355 2975 472 3050 quidam
500 2979 581 3047 sunt,
611 2975 660 3048 qui
688 2975 783 3032 statim
812 2979 844 3031 ut
865 2970 1045 3054 coeperint&
1067 2974 1205 3051 psallere,

172 3077 253 3120 orare
275 3061 322 3120 vel
342 3060 435 3138 legere
458 3104 465 3135 ,
487 3077 555 3120 mox
577 3059 728 3119 dormitare
750 3062 896 3135 incipiunt.
938 3060 1049 3136 Vigiles
1071 3064 1100 3120 in
1122 3061 1215 3135 lecto,

171 3146 341 3209 somnolenti
367 3149 396 3206 in
423 3147 518 3208 choro.
571 3146 653 3206 Idem
682 3146 745 3206 dico
774 3146 810 3205 de
832 3146 974 3206 audiendo
996 3150 1120 3208 verbum
1141 3148 1205 3208 Dei.

171 3234 245 3294 Cum
272 3234 361 3294 verba
389 3232 547 3294 saecularia
573 3232 707 3308 audiunt,
736 3233 810 3293 bene
831 3233 965 3311 vigilaut3
996 3252 1062 3294 cum
1082 3237 1204 3310 verbum
1231 3309 1234 3318 ὁ

168 3321 225 3382 Dei
246 3324 287 3382 eis
307 3323 482 3398 proponitur,
503 3337 571 3380 mox
593 3319 775 3380 donmtant..

186 3527 216 3596 1)
234 3522 283 3578 hoc
300 3535 349 3591 est,
366 3524 509 3594 peniculum
526 3525 700 3587 stramineum,
719 3523 865 3576 Germanice
888 3525 1101 3578 Strohwisclr.
1120 3553 1152 3566 -·
1171 3523 1204 3594 2)

160 3601 166 3622 i
237 3597 279 3652 cn
298 3605 366 3648 stas
385 3603 452 3647 tcta
470 3603 572 3646 nocte.
593 3623 623 3633 —
643 3594 675 3660 3)
692 3591 776 3646 Acer
794 3594 890 3645 facie.
908 3596 984 3662 -l)
1002 3595 1021 3646 Ρ
1039 3595 1151 3648 illisit.
1170 3624 1199 3635 -

237 3667 268 3733 5)
287 3665 327 3717 BP
350 3665 494 3732 signant3
519 3666 556 3715 sic
573 3671 599 3714 et
620 3662 696 3730 paulo
719 3672 784 3730 post.
804 3694 834 3704 -
860 3664 891 3731 6)
908 3663 928 3718 G
946 3674 1094 3729 cantant,
1118 3663 1202 3733 psal·

235 3749 355 3788 morum
379 3736 506 3786 intente
529 3731 705 3786 medullam.
733 3763 764 3772 -
783 3734 815 3802 7)
838 3733 902 3786 Psal.
923 3734 981 3800 147,
1007 3735 1048 3788 14.
1073 3765 1106 3776 -
1132 3732 1203 3805 8)0

234 3804 434 3857 divinitatis.
454 3831 484 3843 -
504 3803 536 3872 9)
553 3802 574 3857 B
593 3810 778 3871 coeperunt.
