2642 4330
464 299 519 360 Du
541 299 831 362 SIMPLIOITATE.
1101 302 1163 362 367

124 429 174 484 cst
204 433 294 480 causa
314 437 401 496 quare
423 426 517 498 capita
538 423 685 484 Ecclesiae
718 425 774 482 sint
795 422 916 482 infirma.
958 422 1072 483 Deinde
1093 441 1165 484 con-

122 527 231 570 versus
247 507 426 584 adeladem,
447 512 501 570 ait:
523 509 647 569 Domine
663 509 804 569 Emclriee
814 507 839 590 ¹),
862 512 929 585 quia
947 510 1047 569 electio
1069 518 1167 570 vestra

121 596 243 656 videtur
263 594 330 653 mihi
352 613 413 655 esse
435 597 563 672 simplex,
586 597 761 655 rationabilis
783 603 813 655 ct
834 599 979 671 canonica,
1003 615 1060 656 non
1082 599 1166 657 vobis

121 683 230 756 deero,
263 683 424 757 ubicunque
463 701 509 744 me
518 680 538 763 ²)
571 683 756 760 indigueritis.
803 683 974 742 Lambertus
1006 684 1166 744 monachus

120 775 233 843 noster,
256 772 304 845 qui
324 769 393 828 mihi
414 768 487 830 haec
509 771 611 846 remlit,
634 769 736 829 eodem
757 775 886 846 tempore
908 771 976 829 dicit
996 788 1028 830 sc
1049 769 1165 852 tuisse¹)

120 858 252 916 Parisiis.
295 856 394 931 Qualis
427 874 495 916 vero
528 875 564 916 ao
597 864 721 933 quamue
749 858 833 916 tuerit
860 857 945 915 huius
973 857 1063 934 Regis
1090 861 1166 918 eirca

120 943 269 1020 simplices
290 944 418 1018 affectus,
440 947 585 1020 sequentis
608 947 701 1020 operis
724 943 881 1003 declarabit
902 944 1029 1003 effectus.

476 1099 709 1160 CAPITULUM
732 1100 818 1160 XIV.

119 1222 199 1281 Item
221 1221 258 1280 de
279 1221 379 1279 codam
400 1221 489 1297 Repe,
515 1225 568 1298 qai
589 1223 747 1296 simplicem
768 1223 946 1282 monachum
966 1225 999 1279 in
1020 1219 1165 1279 Abbutcm

253 1311 349 1367 sanct-i
368 1309 506 1386 Dponisii
524 1312 683 1384 promovit,
700 1310 845 1384 praelatis
868 1307 1029 1367 ambitiosis

495 1396 662 1470 prudenter
684 1399 798 1454 cvnctis.

186 1513 265 1573 Ante
279 1515 335 1575 hoc
349 1516 508 1591 triennium,
530 1515 665 1576 defuncto
678 1516 796 1576 Abbate
815 1518 907 1576 sancti
920 1516 1054 1593 Dycnisii
1070 1518 1163 1592 gentis

116 1602 300 1660 Francomm
321 1601 468 1678 Apostoli,
497 1621 563 1663 cum
592 1603 730 1662 ditissima
760 1603 810 1662 illa
831 1604 949 1663 abbatia
972 1609 1102 1678 vacaret,
1135 1611 1164 1662 et

117 1688 158 1747 ad
189 1706 255 1748 eam
284 1689 379 1765 plures
411 1693 582 1766 aspirarent,
608 1692 689 1749 venit
715 1689 754 1749 ad
774 1689 886 1766 Regem
914 1690 1111 1765 saepedictum
1138 1691 1163 1748 is

119 1777 170 1850 qui
192 1778 222 1834 in
244 1779 463 1852 congregatione
484 1777 637 1837 videbatur
658 1794 721 1836 esse
742 1778 848 1852 potior,
873 1777 1058 1851 Praepositae
1079 1775 1163 1836 vide·

117 1861 197 1936 licet,
217 1880 270 1938 pro
292 1864 411 1923 abbatia
431 1864 609 1940 supplicans,
637 1869 667 1922 et
687 1864 797 1923 dicens:
826 1862 966 1938 Domine,
988 1880 1056 1923 ecce
1077 1865 1162 1939 quin·

117 1955 223 2025 gentos
245 1950 333 2008 offero
356 1951 439 2010 vobis
460 1951 561 2025 libras,
585 1957 618 2008 ut
639 1953 778 2026 propitius
806 1949 875 2008 mihi
898 1952 958 2008 sitis
978 1952 1008 2007 in
1029 1950 1086 2010 hac
1107 1949 1162 2010 ab·

118 2036 210 2095 batia.
254 2035 307 2095 Cui
332 2037 396 2095 Rex
423 2037 494 2098 nihil
521 2040 704 2112 promittens,
733 2036 785 2095 scd
813 2039 1011 2113 symoniacum
1038 2038 1162 2096 muueris

119 2125 286 2198 receptione
309 2124 391 2198 quasi
410 2126 440 2182 in
461 2141 527 2184 arcs
549 2126 610 2199 spei
630 2141 755 2200 ponens,
777 2123 937 2198 respondit:
966 2123 1043 2184 Date
1071 2141 1162 2199 pecu-

118 2211 199 2268 niam
221 2213 376 2269 eameraric
405 2227 469 2270 mco
499 2202 645 2292 seerete⁴).
688 2209 853 2270 Recedente
878 2212 964 2287 igitur
984 2210 1162 2286 Praeposito,

118 2301 150 2355 et
173 2299 255 2372 quasi
277 2297 313 2356 de
339 2298 417 2374 regio
438 2298 537 2358 favore
560 2298 731 2372 certificate,
761 2297 937 2372 cellerarius,
970 2297 1006 2356 de
1027 2297 1077 2356 his
1093 2297 1163 2355 nihil

117 2385 228 2458 sciens,
257 2383 380 2443 eundem
404 2385 515 2461 Regem
544 2383 627 2460 adiit,
656 2392 685 2443 et
712 2385 881 2460 Praeposito
916 2384 1018 2442 similia
1046 2391 1161 2460 petens,

117 2470 243 2536 similem
283 2473 423 2546 pecuniae
445 2474 635 2546 quantitatem
656 2472 774 2546 obtulit,
802 2489 821 2530 a
850 2488 907 2546 quo
929 2471 1020 2530 simile
1041 2479 1161 2548 respon-

116 2575 184 2616 sum
216 2560 337 2633 accepit.
372 2557 548 2617 'Novissime
578 2561 657 2617 venit
689 2559 887 2618 thesauromm
918 2550 1035 2616 infidus
1050 2566 1160 2632 custos,
1270 2597 1274 2608 .

117 2651 150 2703 ct
170 2645 231 2718 ipse
252 2662 304 2720 pro
323 2644 441 2704 abbatia
454 2645 528 2721 Regi
542 2649 711 2722 quingentas
731 2645 820 2704 libras
841 2646 970 2706 offerens.
1014 2645 1067 2704 Cui
1089 2648 1162 2705 sicut

116 2732 314 2805 superioribus
346 2748 515 2807 responsum
537 2738 588 2790 est.
630 2731 669 2790 Et
689 2733 756 2791 licet
776 2732 856 2807 Rex,
889 2735 962 2791 sicut
983 2731 1069 2791 homo
1091 2751 1161 2808 pru-

117 2816 204 2894 deus,
226 2817 429 2894 dissimularet,
458 2818 612 2894 plurimum
633 2825 729 2878 tamen
752 2821 778 2878 ci
800 2817 968 2894 displicebat
989 2822 1074 2877 trium
1094 2820 1161 2878 illo-

115 2921 183 2962 rum
209 2903 415 2964 monachorum
444 2906 576 2981 ambitio,
605 2911 634 2964 et
661 2909 842 2982 proprietatis
870 2909 986 2981 vitium,
1014 2908 1071 2965 imo
1101 2914 1161 2966 tam

117 2992 295 3050 exsecrabile
317 2992 431 3066 turtum,
453 2993 545 3051 sciens
560 2992 686 3052 oblatam
707 2996 860 3069 pecuniam
881 2996 1052 3054 monasterio
1073 2994 1161 3054 tuisse

116 3077 305 3139 subtractam.
355 3077 491 3138 Praetixit
523 3085 620 3138 tamen
661 3083 815 3139 conventui
844 3082 935 3155 diem,
966 3083 996 3138 in
1029 3099 1096 3156 qua·
1119 3084 1160 3140 eis

117 3163 265 3224 Abbatem
280 3168 472 3240 constitueret,
494 3179 527 3226 eo
540 3166 618 3242 quod
632 3167 750 3226 abbatia
763 3169 792 3224 in
805 3185 908 3226 manus
924 3169 983 3226 eius
993 3163 1012 3246 ⁵)
1025 3167 1161 3227 devoluta

116 3252 226 3310 fuisset.
278 3252 403 3312 Sedcuts
436 3252 517 3330 Rege
545 3255 575 3311 in
598 3252 745 3329 Capitulo,
772 3253 868 3312 verbis
895 3253 933 3313 ad
962 3254 1018 3313 hoc
1049 3253 1160 3314 idoneis

116 3342 290 3416 praemissis,
313 3356 378 3398 cum
392 3339 542 3416 diligenter
561 3343 797 3415 circumspiceret,
819 3345 848 3398 et
868 3357 1015 3415 personas.
1028 3342 1160 3400 conside-

115 3432 200 3500 raret,
225 3433 282 3484 tres
303 3425 442 3502 praedicti
463 3427 605 3502 monachi,
626 3428 812 3502 Praepositus
833 3426 975 3502 videlicet,
998 3428 1159 3487 cellerarius

116 3519 147 3573 ct
167 3515 302 3587 sacrista,
330 3514 360 3570 iu
381 3531 494 3573 summa
517 3517 728 3590 exspectatione
762 3519 842 3574 erant
862 3517 962 3590 positi,
983 3514 1088 3590 singuli
1108 3533 1160 3592 per

115 3605 262 3660 momenta
291 3599 403 3676 singula
432 3601 581 3660 abbatiam
609 3603 838 3678 sibi'sperantes
867 3619 930 3660 esse
951 3600 1159 3679 porrigendam.

135 3735 165 3803 1)
183 3735 203 3788 B
221 3733 391 3786 Amclriee.
404 3764 437 3774 -
451 3735 483 3802 2)
496 3734 560 3786 ADP
578 3737 646 3787 mci.
660 3765 692 3774 —-
705 3735 737 3802 3)
750 3735 815 3804 lorte
833 3733 1100 3803 studuisse-l)
1117 3735 1158 3788 Bc

184 3812 318 3944 attigriestc
342 3806 523 3926 camerario
540 3819 617 3857 meo.
637 3835 668 3846 -
688 3806 720 3874 5)
739 3804 760 3859 C
777 3803 910 3856 abbatia
929 3804 984 3856 illa
1002 3807 1033 3856 in
1051 3820 1157 3857 manus
