<?xml version="1.0" encoding="UTF-8"?>
<!DOCTYPE html PUBLIC "-//W3C//DTD XHTML 1.0 Transitional//EN"
    "http://www.w3.org/TR/xhtml1/DTD/xhtml1-transitional.dtd">
<html xmlns="http://www.w3.org/1999/xhtml" xml:lang="en" lang="en">
 <head>
  <title>
</title>
<meta http-equiv="Content-Type" content="text/html;charset=utf-8" />
  <meta name='ocr-system' content='tesseract 3.04.00' />
  <meta name='ocr-capabilities' content='ocr_page ocr_carea ocr_par ocr_line ocrx_word'/>
</head>
<body>
  <div class='ocr_page' id='page_1' title='image "./caesariiheister05stragoog/caesariiheister05stragoog_0577.png"; bbox 0 0 2654 4308; ppageno 0'>
   <div class='ocr_carea' id='block_1_1' title="bbox 174 237 902 308">
    <p class='ocr_par' dir='ltr' id='par_1_1' title="bbox 174 237 902 308">
     <span class='ocr_line' id='line_1_1' title="bbox 174 237 902 308; baseline 0.014 -11"><span class='ocrx_word' id='word_1_1' title='bbox 174 237 236 298; x_wconf 81' lang='lat'>150</span> <span class='ocrx_word' id='word_1_2' title='bbox 443 300 446 308; x_wconf 81' lang='grc'>,</span> <span class='ocrx_word' id='word_1_3' title='bbox 476 237 715 308; x_wconf 72' lang='grc' dir='ltr'><strong>’ὓῙδΤῙΝΟΤΙΟ</strong></span> <span class='ocrx_word' id='word_1_4' title='bbox 738 239 902 307; x_wconf 72' lang='lat' dir='ltr'>octava</span> 
     </span>
    </p>
   </div>
   <div class='ocr_carea' id='block_1_2' title="bbox 483 392 903 475">
    <p class='ocr_par' dir='ltr' id='par_1_2' title="bbox 483 392 903 475">
     <span class='ocr_line' id='line_1_2' title="bbox 483 392 903 475; baseline 0.007 -19"><span class='ocrx_word' id='word_1_5' title='bbox 483 392 716 459; x_wconf 79' lang='lat' dir='ltr'><strong>CAPITULUM</strong></span> <span class='ocrx_word' id='word_1_6' title='bbox 739 398 903 475; x_wconf 75' lang='lat' dir='ltr'>LXXXIL</span> 
     </span>
    </p>
   </div>
   <div class='ocr_carea' id='block_1_3' title="bbox 152 517 1318 1413">
    <p class='ocr_par' dir='ltr' id='par_1_3' title="bbox 152 517 1318 1413">
     <span class='ocr_line' id='line_1_3' title="bbox 296 517 1094 584; baseline 0.005 -4"><span class='ocrx_word' id='word_1_7' title='bbox 296 519 345 580; x_wconf 85' lang='lat' dir='ltr'>De</span> <span class='ocrx_word' id='word_1_8' title='bbox 364 517 523 580; x_wconf 77' lang='lat' dir='ltr'>Abbatima</span> <span class='ocrx_word' id='word_1_9' title='bbox 543 522 576 579; x_wconf 82' lang='lat' dir='ltr'>in</span> <span class='ocrx_word' id='word_1_10' title='bbox 597 519 741 580; x_wconf 84' lang='lat' dir='ltr'>Hovonne</span> <span class='ocrx_word' id='word_1_11' title='bbox 762 523 847 580; x_wconf 79' lang='lat' dir='ltr'>outae</span> <span class='ocrx_word' id='word_1_12' title='bbox 868 522 968 584; x_wconf 69' lang='lat' dir='ltr'>omdoe</span> <span class='ocrx_word' id='word_1_13' title='bbox 989 529 1094 584; x_wconf 79' lang='lat' dir='ltr'>saneto</span> 
     </span>
     <span class='ocr_line' id='line_1_4' title="bbox 535 605 847 668; baseline 0.006 -2"><span class='ocrx_word' id='word_1_14' title='bbox 535 605 693 666; x_wconf 82' lang='lat' dir='ltr'>Linthildie</span> <span class='ocrx_word' id='word_1_15' title='bbox 721 611 847 668; x_wconf 80' lang='lat' dir='ltr'>curavit</span> 
     </span>
     <span class='ocr_line' id='line_1_5' title="bbox 210 723 1318 811; baseline 0.005 -25"><span class='ocrx_word' id='word_1_16' title='bbox 210 739 221 752; x_wconf 83' lang='lat'>&#39;</span> <span class='ocrx_word' id='word_1_17' title='bbox 237 724 384 790; x_wconf 83' lang='lat' dir='ltr'>Recordor</span> <span class='ocrx_word' id='word_1_18' title='bbox 394 742 471 786; x_wconf 89' lang='lat' dir='ltr'>nune</span> <span class='ocrx_word' id='word_1_19' title='bbox 482 723 615 792; x_wconf 84' lang='lat' dir='ltr'>dominae</span> <span class='ocrx_word' id='word_1_20' title='bbox 633 725 783 788; x_wconf 84' lang='lat' dir='ltr'>Gartnrdls</span> <span class='ocrx_word' id='word_1_21' title='bbox 795 726 970 789; x_wconf 80' lang='lat' dir='ltr'>Abbatissae</span> <span class='ocrx_word' id='word_1_22' title='bbox 983 728 1019 790; x_wconf 86' lang='lat' dir='ltr'>de</span> <span class='ocrx_word' id='word_1_23' title='bbox 1032 729 1176 790; x_wconf 78' lang='lat' dir='ltr'>Heremo</span> <span class='ocrx_word' id='word_1_24' title='bbox 1186 727 1215 811; x_wconf 77' lang='grc' dir='ltr'>ι),</span> <span class='ocrx_word' id='word_1_25' title='bbox 1317 729 1318 784; x_wconf 87' lang='lat' dir='ltr'>l</span> 
     </span>
     <span class='ocr_line' id='line_1_6' title="bbox 175 813 1214 893; baseline 0.004 -21"><span class='ocrx_word' id='word_1_26' title='bbox 175 830 248 890; x_wconf 85' lang='lat' dir='ltr'>quae</span> <span class='ocrx_word' id='word_1_27' title='bbox 280 815 349 872; x_wconf 85' lang='lat' dir='ltr'>satis</span> <span class='ocrx_word' id='word_1_28' title='bbox 370 813 535 872; x_wconf 86' lang='lat' dir='ltr'>mirabiliter</span> <span class='ocrx_word' id='word_1_29' title='bbox 555 830 607 889; x_wconf 88' lang='lat' dir='ltr'>per</span> <span class='ocrx_word' id='word_1_30' title='bbox 626 815 765 874; x_wconf 75' lang='lat' dir='ltr'>visionem</span> <span class='ocrx_word' id='word_1_31' title='bbox 787 815 935 876; x_wconf 74' lang='lat' dir='ltr'>cuiusdam</span> <span class='ocrx_word' id='word_1_32' title='bbox 957 828 1057 876; x_wconf 81' lang='lat' dir='ltr'>saurae</span> <span class='ocrx_word' id='word_1_33' title='bbox 1078 819 1214 893; x_wconf 56' lang='lat' dir='ltr'>virgiuia</span> 
     </span>
     <span class='ocr_line' id='line_1_7' title="bbox 173 899 1214 988; baseline 0.003 -29"><span class='ocrx_word' id='word_1_34' title='bbox 173 903 247 960; x_wconf 87' lang='lat' dir='ltr'>siout</span> <span class='ocrx_word' id='word_1_35' title='bbox 274 903 337 977; x_wconf 87' lang='lat' dir='ltr'>ipsa</span> <span class='ocrx_word' id='word_1_36' title='bbox 364 899 433 958; x_wconf 89' lang='lat' dir='ltr'>milri</span> <span class='ocrx_word' id='word_1_37' title='bbox 454 899 563 988; x_wconf 85' lang='lat' dir='ltr'>retulit,</span> <span class='ocrx_word' id='word_1_38' title='bbox 590 906 692 960; x_wconf 89' lang='lat' dir='ltr'>sanata</span> <span class='ocrx_word' id='word_1_39' title='bbox 713 907 765 960; x_wconf 87' lang='lat' dir='ltr'>est.</span> <span class='ocrx_word' id='word_1_40' title='bbox 807 901 889 962; x_wconf 88' lang='lat' dir='ltr'>Haeo</span> <span class='ocrx_word' id='word_1_41' title='bbox 912 920 977 962; x_wconf 88' lang='lat' dir='ltr'>oum</span> <span class='ocrx_word' id='word_1_42' title='bbox 998 921 1071 980; x_wconf 90' lang='lat' dir='ltr'>pene</span> <span class='ocrx_word' id='word_1_43' title='bbox 1092 921 1145 980; x_wconf 86' lang='lat' dir='ltr'>per</span> <span class='ocrx_word' id='word_1_44' title='bbox 1167 904 1214 962; x_wconf 86' lang='lat' dir='ltr'>di-</span> 
     </span>
     <span class='ocr_line' id='line_1_8' title="bbox 173 943 1196 1066; baseline 0.001 -18"><span class='ocrx_word' id='word_1_45' title='bbox 173 986 292 1048; x_wconf 83' lang='lat' dir='ltr'>midium</span> <span class='ocrx_word' id='word_1_46' title='bbox 320 1003 427 1046; x_wconf 88' lang='lat' dir='ltr'>annum</span> <span class='ocrx_word' id='word_1_47' title='bbox 454 943 617 1046; x_wconf 75' lang='lat' dir='ltr'>vehementi</span> <span class='ocrx_word' id='word_1_48' title='bbox 638 985 735 1048; x_wconf 82' lang='lat' dir='ltr'>dolore</span> <span class='ocrx_word' id='word_1_49' title='bbox 758 987 909 1059; x_wconf 75' lang='lat' dir='ltr'>oculorum</span> <span class='ocrx_word' id='word_1_50' title='bbox 927 993 1196 1066; x_wconf 82' lang='lat' dir='ltr'>cruciaretur,san</span> 
     </span>
     <span class='ocr_line' id='line_1_9' title="bbox 152 1061 1215 1152; baseline 0.003 -17"><span class='ocrx_word' id='word_1_51' title='bbox 152 1078 155 1086; x_wconf 88' lang='lat'>&#39;</span> <span class='ocrx_word' id='word_1_52' title='bbox 174 1081 251 1135; x_wconf 89' lang='lat' dir='ltr'>etam</span> <span class='ocrx_word' id='word_1_53' title='bbox 265 1072 438 1134; x_wconf 86' lang='lat' dir='ltr'>Linthildem</span> <span class='ocrx_word' id='word_1_54' title='bbox 447 1061 618 1152; x_wconf 85' lang='lat' dir='ltr'>²)virginem</span> <span class='ocrx_word' id='word_1_55' title='bbox 637 1075 717 1133; x_wconf 88' lang='lat' dir='ltr'>ouius</span> <span class='ocrx_word' id='word_1_56' title='bbox 739 1077 877 1136; x_wconf 89' lang='lat' dir='ltr'>memoria</span> <span class='ocrx_word' id='word_1_57' title='bbox 898 1077 927 1134; x_wconf 92' lang='lat' dir='ltr'>in</span> <span class='ocrx_word' id='word_1_58' title='bbox 949 1076 1049 1136; x_wconf 89' lang='lat' dir='ltr'>eodem</span> <span class='ocrx_word' id='word_1_59' title='bbox 1072 1078 1215 1138; x_wconf 84' lang='lat' dir='ltr'>coenobio</span> 
     </span>
     <span class='ocr_line' id='line_1_10' title="bbox 175 1159 1215 1238; baseline 0.001 -17"><span class='ocrx_word' id='word_1_60' title='bbox 175 1160 375 1234; x_wconf 71' lang='lat' dir='ltr'>talehusen,</span> <span class='ocrx_word' id='word_1_61' title='bbox 403 1159 687 1233; x_wconf 88' lang='lat' dir='ltr'>studuitinvooare,</span> <span class='ocrx_word' id='word_1_62' title='bbox 715 1163 822 1220; x_wconf 87' lang='lat' dir='ltr'>meritis</span> <span class='ocrx_word' id='word_1_63' title='bbox 851 1165 911 1222; x_wconf 89' lang='lat' dir='ltr'>eius</span> <span class='ocrx_word' id='word_1_64' title='bbox 933 1173 1050 1238; x_wconf 86' lang='lat' dir='ltr'>sperans</span> <span class='ocrx_word' id='word_1_65' title='bbox 1072 1163 1215 1224; x_wconf 86' lang='lat' dir='ltr'>adiuvari</span> 
     </span>
     <span class='ocr_line' id='line_1_11' title="bbox 175 1244 1216 1328; baseline 0.004 -21"><span class='ocrx_word' id='word_1_66' title='bbox 175 1246 309 1325; x_wconf 84' lang='lat' dir='ltr'>Quodam</span> <span class='ocrx_word' id='word_1_67' title='bbox 330 1263 414 1306; x_wconf 88' lang='lat' dir='ltr'>mane</span> <span class='ocrx_word' id='word_1_68' title='bbox 431 1244 549 1305; x_wconf 87' lang='lat' dir='ltr'>inlecto</span> <span class='ocrx_word' id='word_1_69' title='bbox 570 1263 623 1305; x_wconf 91' lang='lat' dir='ltr'>suo</span> <span class='ocrx_word' id='word_1_70' title='bbox 644 1262 718 1323; x_wconf 89' lang='lat' dir='ltr'>pene</span> <span class='ocrx_word' id='word_1_71' title='bbox 736 1260 824 1308; x_wconf 86' lang='lat' dir='ltr'>oaeoa</span> <span class='ocrx_word' id='word_1_72' title='bbox 836 1249 933 1308; x_wconf 83' lang='lat' dir='ltr'>iacens</span> <span class='ocrx_word' id='word_1_73' title='bbox 955 1255 984 1310; x_wconf 88' lang='lat' dir='ltr'>at</span> <span class='ocrx_word' id='word_1_74' title='bbox 1003 1251 1163 1328; x_wconf 82' lang='lat' dir='ltr'>vigilans,</span> <span class='ocrx_word' id='word_1_75' title='bbox 1154 1269 1216 1311; x_wconf 86' lang='lat' dir='ltr'>ram</span> 
     </span>
     <span class='ocr_line' id='line_1_12' title="bbox 173 1333 1216 1413; baseline 0.004 -19"><span class='ocrx_word' id='word_1_76' title='bbox 173 1335 280 1395; x_wconf 84' lang='lat' dir='ltr'>dietam</span> <span class='ocrx_word' id='word_1_77' title='bbox 308 1334 447 1410; x_wconf 88' lang='lat' dir='ltr'>virginem</span> <span class='ocrx_word' id='word_1_78' title='bbox 474 1333 503 1391; x_wconf 91' lang='lat' dir='ltr'>in</span> <span class='ocrx_word' id='word_1_79' title='bbox 530 1340 612 1392; x_wconf 86' lang='lat' dir='ltr'>veste</span> <span class='ocrx_word' id='word_1_80' title='bbox 641 1333 763 1394; x_wconf 87' lang='lat' dir='ltr'>eandida</span> <span class='ocrx_word' id='word_1_81' title='bbox 787 1352 883 1394; x_wconf 87' lang='lat' dir='ltr'>eoram</span> <span class='ocrx_word' id='word_1_82' title='bbox 905 1353 936 1395; x_wconf 92' lang='lat' dir='ltr'>se</span> <span class='ocrx_word' id='word_1_83' title='bbox 957 1343 1033 1397; x_wconf 85' lang='lat' dir='ltr'>stare</span> <span class='ocrx_word' id='word_1_84' title='bbox 1055 1339 1216 1413; x_wconf 80' lang='lat' dir='ltr'><strong>conspexit.</strong></span> 
     </span>
    </p>
   </div>
   <div class='ocr_carea' id='block_1_4' title="bbox 173 1421 1214 1582">
    <p class='ocr_par' dir='ltr' id='par_1_4' title="bbox 173 1421 1214 1582">
     <span class='ocr_line' id='line_1_13' title="bbox 173 1421 1214 1499; baseline 0.004 -18"><span class='ocrx_word' id='word_1_85' title='bbox 173 1421 262 1482; x_wconf 82' lang='lat' dir='ltr'>Cuius</span> <span class='ocrx_word' id='word_1_86' title='bbox 294 1421 392 1482; x_wconf 87' lang='lat' dir='ltr'>oeulos</span> <span class='ocrx_word' id='word_1_87' title='bbox 415 1437 480 1480; x_wconf 86' lang='lat' dir='ltr'>eum</span> <span class='ocrx_word' id='word_1_88' title='bbox 501 1425 561 1478; x_wconf 87' lang='lat' dir='ltr'>tam</span> <span class='ocrx_word' id='word_1_89' title='bbox 581 1426 663 1480; x_wconf 85' lang='lat' dir='ltr'>veste</span> <span class='ocrx_word' id='word_1_90' title='bbox 684 1437 772 1497; x_wconf 89' lang='lat' dir='ltr'>quam</span> <span class='ocrx_word' id='word_1_91' title='bbox 792 1439 880 1482; x_wconf 85' lang='lat' dir='ltr'>marru</span> <span class='ocrx_word' id='word_1_92' title='bbox 902 1425 1044 1499; x_wconf 64' lang='lat' dir='ltr'>tonaret,</span> <span class='ocrx_word' id='word_1_93' title='bbox 1074 1426 1214 1486; x_wconf 71' lang='lat' dir='ltr'>oonfiuuo</span> 
     </span>
     <span class='ocr_line' id='line_1_14' title="bbox 174 1505 1092 1582; baseline 0 -12"><span class='ocrx_word' id='word_1_94' title='bbox 174 1507 357 1582; x_wconf 65' lang='lat' dir='ltr'>alerstide,</span> <span class='ocrx_word' id='word_1_95' title='bbox 379 1515 408 1572; x_wconf 88' lang='lat' dir='ltr'>et</span> <span class='ocrx_word' id='word_1_96' title='bbox 428 1508 521 1566; x_wconf 89' lang='lat' dir='ltr'>omnis</span> <span class='ocrx_word' id='word_1_97' title='bbox 543 1505 624 1567; x_wconf 85' lang='lat' dir='ltr'>dolor</span> <span class='ocrx_word' id='word_1_98' title='bbox 645 1506 696 1574; x_wconf 88' lang='lat' dir='ltr'>illa</span> <span class='ocrx_word' id='word_1_99' title='bbox 714 1507 885 1568; x_wconf 76' lang='lat' dir='ltr'>recendente</span> <span class='ocrx_word' id='word_1_100' title='bbox 907 1511 1034 1574; x_wconf 80' lang='lat' dir='ltr'>recessit.</span> <span class='ocrx_word' id='word_1_101' title='bbox 1091 1545 1092 1550; x_wconf 21' lang='grc' dir='ltr'>ι</span> 
     </span>
    </p>
   </div>
   <div class='ocr_carea' id='block_1_5' title="bbox 482 1661 910 1726">
    <p class='ocr_par' dir='ltr' id='par_1_5' title="bbox 482 1661 910 1726">
     <span class='ocr_line' id='line_1_15' title="bbox 482 1661 910 1726; baseline 0.009 -4"><span class='ocrx_word' id='word_1_102' title='bbox 482 1661 716 1724; x_wconf 78' lang='lat' dir='ltr'><strong>CAPITULUM</strong></span> <span class='ocrx_word' id='word_1_103' title='bbox 732 1663 910 1726; x_wconf 87' lang='lat' dir='ltr'><strong>LXXXIII.</strong></span> 
     </span>
    </p>
   </div>
   <div class='ocr_carea' id='block_1_6' title="bbox 353 1783 1035 1860">
    <p class='ocr_par' dir='ltr' id='par_1_6' title="bbox 353 1783 1035 1860">
     <span class='ocr_line' id='line_1_16' title="bbox 353 1783 1035 1860; baseline 0.007 -18"><span class='ocrx_word' id='word_1_104' title='bbox 353 1783 402 1843; x_wconf 83' lang='lat' dir='ltr'>De</span> <span class='ocrx_word' id='word_1_105' title='bbox 422 1787 551 1860; x_wconf 76' lang='lat' dir='ltr'>imagine</span> <span class='ocrx_word' id='word_1_106' title='bbox 571 1792 693 1844; x_wconf 79' lang='lat' dir='ltr'>sanetae</span> <span class='ocrx_word' id='word_1_107' title='bbox 713 1785 900 1846; x_wconf 70' lang='lat' dir='ltr'>Kuthertnae</span> <span class='ocrx_word' id='word_1_108' title='bbox 921 1786 1035 1847; x_wconf 70' lang='lat' dir='ltr'>ibidem.</span> 
     </span>
    </p>
   </div>
   <div class='ocr_carea' id='block_1_7' title="bbox 174 1895 1216 2074">
    <p class='ocr_par' dir='ltr' id='par_1_7' title="bbox 174 1895 1216 2074">
     <span class='ocr_line' id='line_1_17' title="bbox 237 1895 1215 1986; baseline 0.002 -19"><span class='ocrx_word' id='word_1_109' title='bbox 237 1905 273 1967; x_wconf 88' lang='lat' dir='ltr'>Iu</span> <span class='ocrx_word' id='word_1_110' title='bbox 301 1904 430 1965; x_wconf 84' lang='lat' dir='ltr'>eiusdem</span> <span class='ocrx_word' id='word_1_111' title='bbox 450 1922 548 1965; x_wconf 80' lang='lat' dir='ltr'>sacrae</span> <span class='ocrx_word' id='word_1_112' title='bbox 570 1907 686 1983; x_wconf 85' lang='lat' dir='ltr'>virginis</span> <span class='ocrx_word' id='word_1_113' title='bbox 708 1906 805 1982; x_wconf 88' lang='lat' dir='ltr'>altari,</span> <span class='ocrx_word' id='word_1_114' title='bbox 834 1895 944 1969; x_wconf 74' lang='lat' dir='ltr'>‘scilieet</span> <span class='ocrx_word' id='word_1_115' title='bbox 964 1907 1131 1984; x_wconf 84' lang='lat' dir='ltr'>Linthlldis,</span> <span class='ocrx_word' id='word_1_116' title='bbox 1160 1926 1215 1986; x_wconf 88' lang='lat' dir='ltr'>pro</span> 
     </span>
     <span class='ocr_line' id='line_1_18' title="bbox 174 1993 1216 2074; baseline 0.002 -20"><span class='ocrx_word' id='word_1_117' title='bbox 174 1999 276 2054; x_wconf 85' lang='lat' dir='ltr'>ornatu</span> <span class='ocrx_word' id='word_1_118' title='bbox 297 1995 392 2069; x_wconf 84' lang='lat' dir='ltr'>imago</span> <span class='ocrx_word' id='word_1_119' title='bbox 413 1993 555 2069; x_wconf 79' lang='lat' dir='ltr'>gloriosae</span> <span class='ocrx_word' id='word_1_120' title='bbox 576 1995 708 2070; x_wconf 78' lang='lat' dir='ltr'>martyris</span> <span class='ocrx_word' id='word_1_121' title='bbox 731 2001 760 2054; x_wconf 89' lang='lat' dir='ltr'>et</span> <span class='ocrx_word' id='word_1_122' title='bbox 782 1997 898 2072; x_wconf 86' lang='lat' dir='ltr'>virginis</span> <span class='ocrx_word' id='word_1_123' title='bbox 918 1995 1095 2056; x_wconf 87' lang='lat' dir='ltr'>Katharinae</span> <span class='ocrx_word' id='word_1_124' title='bbox 1117 1996 1216 2074; x_wconf 87' lang='lat' dir='ltr'>lignea</span> 
     </span>
    </p>
   </div>
   <div class='ocr_carea' id='block_1_8' title="bbox 174 2079 1318 2243">
    <p class='ocr_par' dir='ltr' id='par_1_8' title="bbox 174 2079 1318 2243">
     <span class='ocr_line' id='line_1_19' title="bbox 174 2079 1318 2160; baseline 0.002 -19"><span class='ocrx_word' id='word_1_125' title='bbox 174 2087 204 2141; x_wconf 89' lang='lat' dir='ltr'>et</span> <span class='ocrx_word' id='word_1_126' title='bbox 239 2079 353 2155; x_wconf 80' lang='lat' dir='ltr'>sculpta</span> <span class='ocrx_word' id='word_1_127' title='bbox 388 2079 520 2139; x_wconf 80' lang='lat' dir='ltr'>deesntm</span> <span class='ocrx_word' id='word_1_128' title='bbox 540 2086 616 2139; x_wconf 87' lang='lat' dir='ltr'>stare</span> <span class='ocrx_word' id='word_1_129' title='bbox 645 2082 801 2140; x_wconf 83' lang='lat' dir='ltr'>consuevit.</span> <span class='ocrx_word' id='word_1_130' title='bbox 842 2083 899 2142; x_wconf 90' lang='lat' dir='ltr'>Die</span> <span class='ocrx_word' id='word_1_131' title='bbox 927 2082 1054 2160; x_wconf 84' lang='lat' dir='ltr'>quadam</span> <span class='ocrx_word' id='word_1_132' title='bbox 1081 2090 1217 2143; x_wconf 86' lang='lat' dir='ltr'>matrona</span> <span class='ocrx_word' id='word_1_133' title='bbox 1317 2131 1318 2158; x_wconf 35' lang='grc' dir='ltr'>ι</span> 
     </span>
     <span class='ocr_line' id='line_1_20' title="bbox 174 2165 1318 2243; baseline 0.003 -17"><span class='ocrx_word' id='word_1_134' title='bbox 174 2166 316 2243; x_wconf 80' lang='lat' dir='ltr'><strong>quaedam</strong></span> <span class='ocrx_word' id='word_1_135' title='bbox 335 2165 457 2226; x_wconf 88' lang='lat' dir='ltr'>honesta</span> <span class='ocrx_word' id='word_1_136' title='bbox 476 2165 587 2226; x_wconf 89' lang='lat' dir='ltr'>Aleidis</span> <span class='ocrx_word' id='word_1_137' title='bbox 606 2169 729 2242; x_wconf 88' lang='lat' dir='ltr'>nomine,</span> <span class='ocrx_word' id='word_1_138' title='bbox 749 2184 820 2226; x_wconf 88' lang='lat' dir='ltr'>uxor</span> <span class='ocrx_word' id='word_1_139' title='bbox 840 2167 938 2229; x_wconf 88' lang='lat' dir='ltr'>erioi</span> <span class='ocrx_word' id='word_1_140' title='bbox 952 2170 1047 2230; x_wconf 90' lang='lat' dir='ltr'>militis</span> <span class='ocrx_word' id='word_1_141' title='bbox 1061 2169 1097 2229; x_wconf 87' lang='lat' dir='ltr'>de</span> <span class='ocrx_word' id='word_1_142' title='bbox 1111 2168 1217 2230; x_wconf 83' lang='lat' dir='ltr'>Girze·</span> <span class='ocrx_word' id='word_1_143' title='bbox 1317 2187 1318 2202; x_wconf 61' lang='lat'>¹</span> 
     </span>
    </p>
   </div>
   <div class='ocr_carea' id='block_1_9' title="bbox 168 2251 1217 3270">
    <p class='ocr_par' dir='ltr' id='par_1_9' title="bbox 168 2251 1217 3270">
     <span class='ocr_line' id='line_1_21' title="bbox 174 2251 1217 2334; baseline 0.005 -21"><span class='ocrx_word' id='word_1_144' title='bbox 174 2251 250 2334; x_wconf 81' lang='lat' dir='ltr'>ne⁸),</span> <span class='ocrx_word' id='word_1_145' title='bbox 268 2270 364 2313; x_wconf 86' lang='lat' dir='ltr'>eoram</span> <span class='ocrx_word' id='word_1_146' title='bbox 383 2253 434 2316; x_wconf 89' lang='lat' dir='ltr'>illa</span> <span class='ocrx_word' id='word_1_147' title='bbox 456 2271 521 2312; x_wconf 86' lang='lat' dir='ltr'>oum</span> <span class='ocrx_word' id='word_1_148' title='bbox 533 2252 772 2330; x_wconf 82' lang='lat' dir='ltr'>pedissequasua</span> <span class='ocrx_word' id='word_1_149' title='bbox 792 2254 830 2316; x_wconf 85' lang='lat' dir='ltr'>ad</span> <span class='ocrx_word' id='word_1_150' title='bbox 852 2258 1009 2318; x_wconf 87' lang='lat' dir='ltr'>orationem</span> <span class='ocrx_word' id='word_1_151' title='bbox 1030 2259 1117 2316; x_wconf 87' lang='lat' dir='ltr'>stetit.</span> <span class='ocrx_word' id='word_1_152' title='bbox 1142 2255 1217 2318; x_wconf 85' lang='lat' dir='ltr'><strong>Erat</strong></span> 
     </span>
     <span class='ocr_line' id='line_1_22' title="bbox 175 2340 1216 2420; baseline 0.003 -19"><span class='ocrx_word' id='word_1_153' title='bbox 175 2347 271 2401; x_wconf 90' lang='lat' dir='ltr'>autem</span> <span class='ocrx_word' id='word_1_154' title='bbox 291 2343 355 2416; x_wconf 85' lang='lat' dir='ltr'>ipsa</span> <span class='ocrx_word' id='word_1_155' title='bbox 375 2342 469 2418; x_wconf 81' lang='lat' dir='ltr'>imago</span> <span class='ocrx_word' id='word_1_156' title='bbox 492 2357 543 2416; x_wconf 86' lang='lat' dir='ltr'>per</span> <span class='ocrx_word' id='word_1_157' title='bbox 556 2340 758 2418; x_wconf 86' lang='lat' dir='ltr'>negligentiam</span> <span class='ocrx_word' id='word_1_158' title='bbox 770 2349 885 2420; x_wconf 87' lang='lat' dir='ltr'>utputo</span> <span class='ocrx_word' id='word_1_159' title='bbox 900 2345 941 2402; x_wconf 87' lang='lat' dir='ltr'>sie</span> <span class='ocrx_word' id='word_1_160' title='bbox 961 2346 1063 2418; x_wconf 84' lang='lat' dir='ltr'>posita,</span> <span class='ocrx_word' id='word_1_161' title='bbox 1085 2349 1117 2401; x_wconf 90' lang='lat' dir='ltr'>ut</span> <span class='ocrx_word' id='word_1_162' title='bbox 1137 2359 1216 2418; x_wconf 85' lang='lat' dir='ltr'>pene</span> 
     </span>
     <span class='ocr_line' id='line_1_23' title="bbox 175 2425 1215 2508; baseline 0.003 -22"><span class='ocrx_word' id='word_1_163' title='bbox 175 2427 286 2487; x_wconf 92' lang='lat' dir='ltr'>vultum</span> <span class='ocrx_word' id='word_1_164' title='bbox 310 2425 434 2487; x_wconf 87' lang='lat' dir='ltr'>totaliter</span> <span class='ocrx_word' id='word_1_165' title='bbox 455 2426 574 2508; x_wconf 84' lang='lat' dir='ltr'>haberet</span> <span class='ocrx_word' id='word_1_166' title='bbox 595 2427 633 2506; x_wconf 87' lang='lat' dir='ltr'>ad</span> <span class='ocrx_word' id='word_1_167' title='bbox 654 2431 800 2503; x_wconf 83' lang='lat' dir='ltr'>parietem.</span> <span class='ocrx_word' id='word_1_168' title='bbox 844 2427 925 2504; x_wconf 86' lang='lat' dir='ltr'>Quae</span> <span class='ocrx_word' id='word_1_169' title='bbox 948 2429 1015 2488; x_wconf 86' lang='lat' dir='ltr'>dum</span> <span class='ocrx_word' id='word_1_170' title='bbox 1038 2447 1069 2489; x_wconf 88' lang='lat' dir='ltr'>sa</span> <span class='ocrx_word' id='word_1_171' title='bbox 1090 2429 1215 2489; x_wconf 90' lang='lat' dir='ltr'>multum</span> 
     </span>
     <span class='ocr_line' id='line_1_24' title="bbox 174 2512 1216 2591; baseline 0.004 -17"><span class='ocrx_word' id='word_1_172' title='bbox 174 2530 287 2574; x_wconf 87' lang='lat' dir='ltr'>morose</span> <span class='ocrx_word' id='word_1_173' title='bbox 315 2516 344 2573; x_wconf 89' lang='lat' dir='ltr'>ln</span> <span class='ocrx_word' id='word_1_174' title='bbox 373 2512 463 2572; x_wconf 86' lang='lat' dir='ltr'>oeulis</span> <span class='ocrx_word' id='word_1_175' title='bbox 482 2515 541 2572; x_wconf 87' lang='lat' dir='ltr'>iam</span> <span class='ocrx_word' id='word_1_176' title='bbox 562 2513 701 2573; x_wconf 78' lang='lat' dir='ltr'>dictarum</span> <span class='ocrx_word' id='word_1_177' title='bbox 722 2514 890 2575; x_wconf 86' lang='lat' dir='ltr'>laminarum</span> <span class='ocrx_word' id='word_1_178' title='bbox 911 2522 1049 2591; x_wconf 86' lang='lat' dir='ltr'>verteret,</span> <span class='ocrx_word' id='word_1_179' title='bbox 1078 2516 1216 2578; x_wconf 85' lang='lat' dir='ltr'>olamavit</span> 
     </span>
     <span class='ocr_line' id='line_1_25' title="bbox 172 2599 1215 2680; baseline 0.002 -20"><span class='ocrx_word' id='word_1_180' title='bbox 172 2601 296 2660; x_wconf 84' lang='lat' dir='ltr'>lamule:</span> <span class='ocrx_word' id='word_1_181' title='bbox 325 2599 430 2660; x_wconf 85' lang='lat' dir='ltr'>Videte</span> <span class='ocrx_word' id='word_1_182' title='bbox 453 2600 581 2674; x_wconf 85' lang='lat' dir='ltr'>domina,</span> <span class='ocrx_word' id='word_1_183' title='bbox 607 2600 718 2676; x_wconf 83' lang='lat' dir='ltr'>videte,</span> <span class='ocrx_word' id='word_1_184' title='bbox 747 2601 868 2678; x_wconf 88' lang='lat' dir='ltr'>qualiter</span> <span class='ocrx_word' id='word_1_185' title='bbox 888 2604 984 2678; x_wconf 86' lang='lat' dir='ltr'>imago</span> <span class='ocrx_word' id='word_1_186' title='bbox 1005 2602 1077 2662; x_wconf 87' lang='lat' dir='ltr'>haee</span> <span class='ocrx_word' id='word_1_187' title='bbox 1097 2610 1215 2680; x_wconf 84' lang='lat' dir='ltr'>regyret</span> 
     </span>
     <span class='ocr_line' id='line_1_26' title="bbox 173 2685 1214 2768; baseline 0.003 -21"><span class='ocrx_word' id='word_1_188' title='bbox 173 2705 213 2747; x_wconf 90' lang='lat' dir='ltr'>se.</span> <span class='ocrx_word' id='word_1_189' title='bbox 255 2687 415 2766; x_wconf 84' lang='lat' dir='ltr'>Respondit</span> <span class='ocrx_word' id='word_1_190' title='bbox 441 2685 507 2745; x_wconf 88' lang='lat' dir='ltr'>illa:</span> <span class='ocrx_word' id='word_1_191' title='bbox 535 2686 573 2744; x_wconf 90' lang='lat' dir='ltr'>Et</span> <span class='ocrx_word' id='word_1_192' title='bbox 602 2703 656 2763; x_wconf 89' lang='lat' dir='ltr'>ego</span> <span class='ocrx_word' id='word_1_193' title='bbox 684 2687 778 2748; x_wconf 84' lang='lat' dir='ltr'>video</span> <span class='ocrx_word' id='word_1_194' title='bbox 820 2685 964 2754; x_wconf 80' lang='lat' dir='ltr'>Viderunt</span> <span class='ocrx_word' id='word_1_195' title='bbox 989 2688 1045 2748; x_wconf 88' lang='lat' dir='ltr'>hoo</span> <span class='ocrx_word' id='word_1_196' title='bbox 1066 2691 1161 2768; x_wconf 86' lang='lat' dir='ltr'>ipsum</span> <span class='ocrx_word' id='word_1_197' title='bbox 1183 2697 1214 2750; x_wconf 89' lang='lat' dir='ltr'>et</span> 
     </span>
     <span class='ocr_line' id='line_1_27' title="bbox 168 2773 1213 2854; baseline 0 -19"><span class='ocrx_word' id='word_1_198' title='bbox 168 2775 247 2835; x_wconf 79' lang='lat' dir='ltr'>‘uliae</span> <span class='ocrx_word' id='word_1_199' title='bbox 268 2775 400 2834; x_wconf 89' lang='lat' dir='ltr'>mulieres</span> <span class='ocrx_word' id='word_1_200' title='bbox 422 2773 478 2832; x_wconf 86' lang='lat' dir='ltr'>illio</span> <span class='ocrx_word' id='word_1_201' title='bbox 499 2779 616 2832; x_wconf 88' lang='lat' dir='ltr'>stantes.</span> <span class='ocrx_word' id='word_1_202' title='bbox 658 2775 716 2834; x_wconf 87' lang='lat' dir='ltr'>Vix</span> <span class='ocrx_word' id='word_1_203' title='bbox 737 2791 829 2833; x_wconf 88' lang='lat' dir='ltr'>annus</span> <span class='ocrx_word' id='word_1_204' title='bbox 851 2775 981 2854; x_wconf 83' lang='lat' dir='ltr'>expletus</span> <span class='ocrx_word' id='word_1_205' title='bbox 1004 2783 1062 2850; x_wconf 89' lang='lat' dir='ltr'>est,</span> <span class='ocrx_word' id='word_1_206' title='bbox 1095 2792 1130 2835; x_wconf 87' lang='lat' dir='ltr'>ex</span> <span class='ocrx_word' id='word_1_207' title='bbox 1152 2791 1213 2852; x_wconf 88' lang='lat' dir='ltr'>quo</span> 
     </span>
     <span class='ocr_line' id='line_1_28' title="bbox 174 2857 1213 2938; baseline 0.001 -16"><span class='ocrx_word' id='word_1_208' title='bbox 174 2863 290 2938; x_wconf 80' lang='lat' dir='ltr'>contigit</span> <span class='ocrx_word' id='word_1_209' title='bbox 311 2861 384 2921; x_wconf 83' lang='lat' dir='ltr'>haee</span> <span class='ocrx_word' id='word_1_210' title='bbox 401 2861 477 2918; x_wconf 51' lang='lat' dir='ltr'>*visio</span> <span class='ocrx_word' id='word_1_211' title='bbox 500 2860 678 2921; x_wconf 85' lang='lat' dir='ltr'>miraculosa.</span> <span class='ocrx_word' id='word_1_212' title='bbox 721 2857 924 2922; x_wconf 83' lang='lat' dir='ltr'>NOVICIUS:</span> <span class='ocrx_word' id='word_1_213' title='bbox 958 2862 1034 2938; x_wconf 84' lang='lat' dir='ltr'>Quia</span> <span class='ocrx_word' id='word_1_214' title='bbox 1054 2861 1138 2922; x_wconf 86' lang='lat' dir='ltr'>huius</span> <span class='ocrx_word' id='word_1_215' title='bbox 1161 2877 1213 2923; x_wconf 88' lang='lat' dir='ltr'>sa-</span> 
     </span>
     <span class='ocr_line' id='line_1_29' title="bbox 174 2945 1213 3025; baseline -0.005 -14"><span class='ocrx_word' id='word_1_216' title='bbox 174 2951 349 3011; x_wconf 82' lang='lat' dir='ltr'>cratissimae</span> <span class='ocrx_word' id='word_1_217' title='bbox 363 2948 479 3022; x_wconf 84' lang='lat' dir='ltr'>virginis</span> <span class='ocrx_word' id='word_1_218' title='bbox 492 2945 669 3014; x_wconf 87' lang='lat' dir='ltr'>Katharinae</span> <span class='ocrx_word' id='word_1_219' title='bbox 682 2963 749 3008; x_wconf 86' lang='lat' dir='ltr'>ossa</span> <span class='ocrx_word' id='word_1_220' title='bbox 770 2948 865 3008; x_wconf 90' lang='lat' dir='ltr'>oleum</span> <span class='ocrx_word' id='word_1_221' title='bbox 882 2948 989 3008; x_wconf 87' lang='lat' dir='ltr'>stillare</span> <span class='ocrx_word' id='word_1_222' title='bbox 1009 2965 1068 3008; x_wconf 90' lang='lat' dir='ltr'>non</span> <span class='ocrx_word' id='word_1_223' title='bbox 1089 2955 1213 3025; x_wconf 81' lang='lat' dir='ltr'>cessant,</span> 
     </span>
     <span class='ocr_line' id='line_1_30' title="bbox 172 3033 1213 3114; baseline -0.002 -17"><span class='ocrx_word' id='word_1_224' title='bbox 172 3043 281 3104; x_wconf 84' lang='lat' dir='ltr'>eertum</span> <span class='ocrx_word' id='word_1_225' title='bbox 303 3041 347 3094; x_wconf 91' lang='lat' dir='ltr'>est</span> <span class='ocrx_word' id='word_1_226' title='bbox 366 3034 445 3092; x_wconf 90' lang='lat' dir='ltr'>illam</span> <span class='ocrx_word' id='word_1_227' title='bbox 459 3033 579 3093; x_wconf 89' lang='lat' dir='ltr'>multum</span> <span class='ocrx_word' id='word_1_228' title='bbox 599 3051 664 3094; x_wconf 88' lang='lat' dir='ltr'>esse</span> <span class='ocrx_word' id='word_1_229' title='bbox 685 3051 804 3095; x_wconf 80' lang='lat' dir='ltr'>suavem</span> <span class='ocrx_word' id='word_1_230' title='bbox 826 3053 861 3094; x_wconf 89' lang='lat' dir='ltr'>ae</span> <span class='ocrx_word' id='word_1_231' title='bbox 882 3036 1102 3114; x_wconf 79' lang='lat' dir='ltr'>misericordem</span> <span class='ocrx_word' id='word_1_232' title='bbox 1131 3034 1213 3095; x_wconf 88' lang='lat' dir='ltr'>MO-</span> 
     </span>
     <span class='ocr_line' id='line_1_31' title="bbox 171 3119 1213 3202; baseline 0.002 -20"><span class='ocrx_word' id='word_1_233' title='bbox 171 3121 347 3183; x_wconf 80' lang='lat' dir='ltr'>NACHUS:</span> <span class='ocrx_word' id='word_1_234' title='bbox 369 3121 515 3180; x_wconf 88' lang='lat' dir='ltr'>Virtutum</span> <span class='ocrx_word' id='word_1_235' title='bbox 536 3119 691 3181; x_wconf 86' lang='lat' dir='ltr'>earundem</span> <span class='ocrx_word' id='word_1_236' title='bbox 712 3121 858 3202; x_wconf 82' lang='lat' dir='ltr'>indicium,</span> <span class='ocrx_word' id='word_1_237' title='bbox 880 3135 1017 3183; x_wconf 84' lang='lat' dir='ltr'>emanans</span> <span class='ocrx_word' id='word_1_238' title='bbox 1039 3140 1075 3184; x_wconf 85' lang='lat' dir='ltr'>ex</span> <span class='ocrx_word' id='word_1_239' title='bbox 1096 3123 1213 3184; x_wconf 85' lang='lat' dir='ltr'>ossibus</span> 
     </span>
     <span class='ocr_line' id='line_1_32' title="bbox 172 3207 424 3270; baseline -0.016 -1"><span class='ocrx_word' id='word_1_240' title='bbox 172 3212 233 3270; x_wconf 93' lang='lat' dir='ltr'>eius</span> <span class='ocrx_word' id='word_1_241' title='bbox 256 3215 300 3269; x_wconf 89' lang='lat' dir='ltr'>est</span> <span class='ocrx_word' id='word_1_242' title='bbox 321 3207 424 3267; x_wconf 89' lang='lat' dir='ltr'>oleum.</span> 
     </span>
    </p>
   </div>
   <div class='ocr_carea' id='block_1_10' title="bbox 190 3321 1213 3394">
    <p class='ocr_par' dir='ltr' id='par_1_10' title="bbox 190 3321 1213 3394">
     <span class='ocr_line' id='line_1_33' title="bbox 190 3321 1213 3394; baseline -0.001 -15"><span class='ocrx_word' id='word_1_243' title='bbox 190 3326 222 3394; x_wconf 83' lang='lat' dir='ltr'>l)</span> <span class='ocrx_word' id='word_1_244' title='bbox 240 3321 301 3376; x_wconf 79' lang='lat' dir='ltr'>cui’</span> <span class='ocrx_word' id='word_1_245' title='bbox 318 3321 458 3375; x_wconf 88' lang='lat' dir='ltr'>llovene.</span> <span class='ocrx_word' id='word_1_246' title='bbox 493 3323 672 3376; x_wconf 82' lang='lat' dir='ltr'>llonasterium</span> <span class='ocrx_word' id='word_1_247' title='bbox 690 3322 748 3390; x_wconf 82' lang='lat' dir='ltr'>hoc,</span> <span class='ocrx_word' id='word_1_248' title='bbox 765 3325 886 3377; x_wconf 87' lang='lat' dir='ltr'>llovenne</span> <span class='ocrx_word' id='word_1_249' title='bbox 905 3327 958 3378; x_wconf 85' lang='lat' dir='ltr'>sive</span> <span class='ocrx_word' id='word_1_250' title='bbox 977 3325 1089 3390; x_wconf 87' lang='lat' dir='ltr'>llovene</span> <span class='ocrx_word' id='word_1_251' title='bbox 1106 3335 1213 3378; x_wconf 82' lang='lat' dir='ltr'>nonest</span> 
     </span>
    </p>
   </div>
   <div class='ocr_carea' id='block_1_11' title="bbox 239 3391 1318 3462">
    <p class='ocr_par' dir='ltr' id='par_1_11' title="bbox 239 3391 1318 3462">
     <span class='ocr_line' id='line_1_34' title="bbox 239 3391 1318 3462; baseline 0.003 -17"><span class='ocrx_word' id='word_1_252' title='bbox 239 3392 300 3446; x_wconf 85' lang='lat' dir='ltr'>illud</span> <span class='ocrx_word' id='word_1_253' title='bbox 318 3391 430 3444; x_wconf 86' lang='lat' dir='ltr'>eiusdem</span> <span class='ocrx_word' id='word_1_254' title='bbox 458 3395 565 3446; x_wconf 84' lang='lat' dir='ltr'>nominis</span> <span class='ocrx_word' id='word_1_255' title='bbox 582 3391 730 3446; x_wconf 82' lang='lat' dir='ltr'>coenobium</span> <span class='ocrx_word' id='word_1_256' title='bbox 749 3409 827 3462; x_wconf 83' lang='lat' dir='ltr'>prope</span> <span class='ocrx_word' id='word_1_257' title='bbox 833 3393 988 3461; x_wconf 77' lang='lat' dir='ltr'>&#39;3&#39;lulpeturn</span> <span class='ocrx_word' id='word_1_258' title='bbox 1006 3395 1051 3447; x_wconf 86' lang='lat' dir='ltr'>aed</span> <span class='ocrx_word' id='word_1_259' title='bbox 1074 3411 1106 3447; x_wconf 81' lang='lat' dir='ltr'>ex</span> <span class='ocrx_word' id='word_1_260' title='bbox 1129 3395 1212 3448; x_wconf 82' lang='lat' dir='ltr'>altera</span> <span class='ocrx_word' id='word_1_261' title='bbox 1317 3397 1318 3440; x_wconf 79' lang='lat' dir='ltr'>l</span> 
     </span>
    </p>
   </div>
   <div class='ocr_carea' id='block_1_12' title="bbox 238 3463 1212 3582">
    <p class='ocr_par' dir='ltr' id='par_1_12' title="bbox 238 3463 1212 3582">
     <span class='ocr_line' id='line_1_35' title="bbox 238 3463 1212 3582; baseline 0.003 -67"><span class='ocrx_word' id='word_1_262' title='bbox 238 3463 320 3516; x_wconf 86' lang='lat' dir='ltr'>llheni</span> <span class='ocrx_word' id='word_1_263' title='bbox 330 3471 423 3582; x_wconf 56' lang='lat' dir='ltr'>sane</span> <span class='ocrx_word' id='word_1_264' title='bbox 450 3472 476 3515; x_wconf 85' lang='lat' dir='ltr'>et</span> <span class='ocrx_word' id='word_1_265' title='bbox 499 3472 526 3515; x_wconf 89' lang='lat' dir='ltr'>ut</span> <span class='ocrx_word' id='word_1_266' title='bbox 550 3463 633 3531; x_wconf 86' lang='lat' dir='ltr'>colligi</span> <span class='ocrx_word' id='word_1_267' title='bbox 656 3470 741 3531; x_wconf 86' lang='lat' dir='ltr'>potest</span> <span class='ocrx_word' id='word_1_268' title='bbox 764 3480 796 3516; x_wconf 87' lang='lat' dir='ltr'>ex</span> <span class='ocrx_word' id='word_1_269' title='bbox 818 3463 873 3516; x_wconf 88' lang='lat' dir='ltr'>aliis</span> <span class='ocrx_word' id='word_1_270' title='bbox 896 3463 972 3530; x_wconf 88' lang='lat' dir='ltr'>locis,</span> <span class='ocrx_word' id='word_1_271' title='bbox 996 3481 1046 3518; x_wconf 88' lang='lat' dir='ltr'>non</span> <span class='ocrx_word' id='word_1_272' title='bbox 1063 3463 1128 3517; x_wconf 84' lang='lat' dir='ltr'>adeo</span> <span class='ocrx_word' id='word_1_273' title='bbox 1146 3481 1212 3532; x_wconf 82' lang='lat' dir='ltr'>pro-</span> 
     </span>
    </p>
   </div>
   <div class='ocr_carea' id='block_1_13' title="bbox 238 3531 1213 3866">
    <p class='ocr_par' dir='ltr' id='par_1_13' title="bbox 238 3531 1213 3866">
     <span class='ocr_line' id='line_1_36' title="bbox 239 3531 1213 3602; baseline 0.003 -17"><span class='ocrx_word' id='word_1_274' title='bbox 239 3533 312 3585; x_wconf 83' lang='lat' dir='ltr'>cula</span> <span class='ocrx_word' id='word_1_275' title='bbox 347 3547 404 3584; x_wconf 88' lang='lat' dir='ltr'>omo</span> <span class='ocrx_word' id='word_1_276' title='bbox 422 3531 585 3584; x_wconf 84' lang='lat' dir='ltr'>lleistarbach</span> <span class='ocrx_word' id='word_1_277' title='bbox 603 3533 649 3584; x_wconf 87' lang='lat' dir='ltr'>luit</span> <span class='ocrx_word' id='word_1_278' title='bbox 667 3534 750 3586; x_wconf 87' lang='lat' dir='ltr'>situm.</span> <span class='ocrx_word' id='word_1_279' title='bbox 785 3533 837 3586; x_wconf 87' lang='lat' dir='ltr'>lloe</span> <span class='ocrx_word' id='word_1_280' title='bbox 855 3535 997 3602; x_wconf 81' lang='lat' dir='ltr'>paternitati</span> <span class='ocrx_word' id='word_1_281' title='bbox 1024 3534 1129 3588; x_wconf 72' lang='lat' dir='ltr'>abbatis</span> <span class='ocrx_word' id='word_1_282' title='bbox 1147 3535 1213 3588; x_wconf 81' lang='lat' dir='ltr'>flei-</span> 
     </span>
     <span class='ocr_line' id='line_1_37' title="bbox 239 3601 1213 3672; baseline 0.001 -16"><span class='ocrx_word' id='word_1_283' title='bbox 239 3601 406 3656; x_wconf 85' lang='lat' dir='ltr'>sterlraoansis</span> <span class='ocrx_word' id='word_1_284' title='bbox 425 3611 479 3654; x_wconf 85' lang='lat' dir='ltr'>erat</span> <span class='ocrx_word' id='word_1_285' title='bbox 496 3602 648 3666; x_wconf 67' lang='lat' dir='ltr'>subiectum</span> <span class='ocrx_word' id='word_1_286' title='bbox 675 3601 735 3654; x_wconf 84' lang='lat' dir='ltr'>illud</span> <span class='ocrx_word' id='word_1_287' title='bbox 752 3618 814 3655; x_wconf 84' lang='lat' dir='ltr'>vero</span> <span class='ocrx_word' id='word_1_288' title='bbox 832 3619 912 3671; x_wconf 82' lang='lat' dir='ltr'>prope</span> <span class='ocrx_word' id='word_1_289' title='bbox 930 3603 1075 3672; x_wconf 81' lang='lat' dir='ltr'>Tulpetum,</span> <span class='ocrx_word' id='word_1_290' title='bbox 1092 3608 1213 3672; x_wconf 81' lang='lat' dir='ltr'>pertine-</span> 
     </span>
     <span class='ocr_line' id='line_1_38' title="bbox 238 3671 1213 3744; baseline 0.001 -18"><span class='ocrx_word' id='word_1_291' title='bbox 238 3673 283 3726; x_wconf 84' lang='lat' dir='ltr'>bat</span> <span class='ocrx_word' id='word_1_292' title='bbox 300 3671 332 3723; x_wconf 87' lang='lat' dir='ltr'>ad</span> <span class='ocrx_word' id='word_1_293' title='bbox 350 3672 466 3725; x_wconf 78' lang='lat' dir='ltr'>Veterem</span> <span class='ocrx_word' id='word_1_294' title='bbox 482 3673 599 3725; x_wconf 86' lang='lat' dir='ltr'>ltlontenr.</span> <span class='ocrx_word' id='word_1_295' title='bbox 617 3671 653 3724; x_wconf 85' lang='lat' dir='ltr'>Er</span> <span class='ocrx_word' id='word_1_296' title='bbox 671 3688 686 3724; x_wconf 90' lang='lat' dir='ltr'>o</span> <span class='ocrx_word' id='word_1_297' title='bbox 704 3672 864 3725; x_wconf 65' lang='lat' dir='ltr'>semianimum</span> <span class='ocrx_word' id='word_1_298' title='bbox 881 3681 922 3724; x_wconf 86' lang='lat' dir='ltr'>est</span> <span class='ocrx_word' id='word_1_299' title='bbox 938 3673 1005 3743; x_wconf 84' lang='lat' dir='ltr'>quod</span> <span class='ocrx_word' id='word_1_300' title='bbox 1024 3675 1113 3742; x_wconf 77' lang='lat' dir='ltr'>scriptu</span> <span class='ocrx_word' id='word_1_301' title='bbox 1130 3691 1213 3744; x_wconf 77' lang='lat' dir='ltr'>supra</span> 
     </span>
     <span class='ocr_line' id='line_1_39' title="bbox 238 3689 1212 3866; baseline 0.005 -72"><span class='ocrx_word' id='word_1_302' title='bbox 238 3741 319 3807; x_wconf 86' lang='lat' dir='ltr'>udV</span> <span class='ocrx_word' id='word_1_303' title='bbox 336 3743 383 3795; x_wconf 76' lang='lat'>45:</span> <span class='ocrx_word' id='word_1_304' title='bbox 402 3741 512 3795; x_wconf 83' lang='lat' dir='ltr'>lloven</span> <span class='ocrx_word' id='word_1_305' title='bbox 526 3757 634 3866; x_wconf 58' lang='lat' dir='ltr'>grona</span> <span class='ocrx_word' id='word_1_306' title='bbox 653 3689 883 3811; x_wconf 62' lang='grc' dir='ltr'>ἕΓιιΙιιιιιιιιιι.-</span> <span class='ocrx_word' id='word_1_307' title='bbox 852 3743 935 3812; x_wconf 82' lang='grc'>-2)</span> <span class='ocrx_word' id='word_1_308' title='bbox 953 3743 976 3798; x_wconf 76' lang='grc' dir='ltr'><strong>Α</strong></span> <span class='ocrx_word' id='word_1_309' title='bbox 992 3743 1212 3810; x_wconf 78' lang='lat' dir='ltr'>Linthlltlam3</span> 
     </span>
    </p>
   </div>
   <div class='ocr_carea' id='block_1_14' title="bbox 236 3811 913 3881">
    <p class='ocr_par' dir='ltr' id='par_1_14' title="bbox 236 3811 913 3881">
     <span class='ocr_line' id='line_1_40' title="bbox 236 3811 913 3881; baseline 0.003 -17"><span class='ocrx_word' id='word_1_310' title='bbox 236 3812 458 3868; x_wconf 51' lang='lat' dir='ltr'>sleetiulruoe</span> <span class='ocrx_word' id='word_1_311' title='bbox 425 3812 508 3881; x_wconf 82' lang='lat'>—3)</span> <span class='ocrx_word' id='word_1_312' title='bbox 546 3811 913 3879; x_wconf 78' lang='lat' dir='ltr'>nuuaene‚1’ttraaue</span> 
     </span>
    </p>
   </div>
   <div class='ocr_carea' id='block_1_15' title="bbox 0 0 1332 4308">
    <p class='ocr_par' dir='ltr' id='par_1_15' title="bbox 0 0 1332 4308">
     <span class='ocr_line' id='line_1_41' title="bbox 0 0 1332 4308; baseline 0 0"><span class='ocrx_word' id='word_1_313' title='bbox 0 0 1332 4308; x_wconf 95' lang='lat' dir='ltr'> </span> 
     </span>
    </p>
   </div>
  </div>
 </body>
</html>
