2664 4308
167 316 209 378 46
475 312 703 377 DISTINOTIO
724 311 899 376 SEPTIMA

166 451 282 496 monem
302 437 332 494 in
354 433 500 514 Capitrdo,
521 438 624 496 timens
646 435 724 512 quod
744 436 923 512 praedicarim
944 439 997 496 est
1038 433 1111 494 Erat
1131 434 1208 494 enim

167 524 353 601 grangiarius.
393 522 497 582 Abbes
522 526 703 583 sanclitatem
729 523 804 582 illius
832 523 949 584 turbare
969 519 1088 596 timens,
1108 521 1210 580 minuit
1325 493 1326 532 ³

167 612 229 670 eius
249 610 388 684 petitioni.
431 609 561 686 Oumqne
582 613 708 670 venisset
728 613 808 668 iuxta
828 612 985 686 grangiam,
1006 608 1126 685 angelus
1140 607 1209 666 De-

166 698 237 756 mini
253 695 374 755 mirabili
386 696 513 771 quedam
534 697 620 756 modo
640 697 721 756 illum
742 699 845 773 rapuit,
867 695 954 756 etad
976 697 1102 772 spatium
1122 695 1210 754 unius

168 782 270 857 datae,
290 785 370 842 iuxta
390 801 510 858 parvam
531 783 678 860 quandam
694 783 853 858 eeclesiam,
873 785 998 842 vicinam
1020 785 1090 842 satis
1112 785 1210 841 castro

166 869 260 930 fratris
280 872 325 928 sui
346 870 483 945 carnalis,
514 873 568 930 viri
589 870 706 946 nobilis,
733 869 896 946 deponens,
919 869 1065 945 disparuit
1105 868 1211 942 Equus

166 972 236 1016 vera
262 959 311 1016 cui
337 957 495 1032 insederat,
526 963 557 1018 et
584 974 684 1016 servus
711 959 792 1016 iuxta
820 959 968 1033 grangiam
997 955 1105 1014 dimissi
1131 959 1210 1012 sunt.

166 1042 240 1104 Erat
257 1050 354 1102 antem
375 1043 495 1118 fluvius,
522 1046 573 1120 qui
601 1046 662 1102 sine
691 1061 766 1102 nave
782 1039 798 1122 ¹)
820 1042 1000 1103 transvadari
1008 1059 1078 1101 non
1099 1042 1210 1116 potuit,

166 1133 239 1189 'mter
267 1136 392 1190 castrum
422 1136 451 1190 et
479 1131 626 1206 capellam.
670 1130 728 1206 Qui
756 1147 822 1189 cum
843 1130 955 1200 sederet
975 1129 1119 1188 admirans
1140 1127 1211 1186 nbi-

166 1233 235 1276 nam
263 1223 353 1291 esset,
381 1217 429 1276 vel
457 1217 578 1293 qualiter
607 1217 644 1275 ad
673 1217 753 1276 illum
773 1217 870 1276 locum
891 1217 1069 1290 devenisset,
1095 1217 1211 1274 ioven’m

167 1303 284 1380 quidam
305 1303 470 1378 splendidus
492 1303 528 1364 de
550 1304 670 1364 ecelesia
692 1306 792 1378 exivit,
825 1311 854 1364 et
875 1305 943 1380 quia
964 1303 1089 1362 Domina
1109 1308 1213 1361 nostra

165 1391 221 1466 ipsi
242 1392 321 1450 acius
342 1390 451 1466 ingredi
459 1388 479 1470 ²)
503 1390 652 1450 ecclesiam
673 1391 837 1465 mandaret,
860 1407 932 1450 voce
956 1389 1032 1449 clara
1052 1390 1212 1448 nunciavit.

166 1477 316 1553 Ingressus
337 1477 501 1552 ecelesiam,
522 1477 595 1550 vidit
614 1483 744 1537 sanctem
765 1478 821 1538 Dei
844 1477 1017 1538 Genitricem
1038 1478 1068 1534 in
1088 1491 1212 1550 corpore
1305 1523 1311 1538 .

166 1563 324 1640 glorificato
353 1563 479 1623 insede
506 1566 568 1622 miri
597 1564 707 1623 decoris
735 1555 916 1624 residentem.
959 1563 1106 1623 Sedebant
1132 1565 1213 1621 circa

166 1650 245 1710 illam
266 1650 371 1710 diversi
390 1651 505 1712 ordines
519 1656 691 1726 sanctorum,
712 1651 895 1712 Patriarehae
915 1649 1057 1725 videlicet,
1075 1647 1212 1724 Prophe-

166 1744 222 1812 tae,
243 1735 384 1812 Apostoli,
405 1737 556 1814 Martyres,
578 1737 771 1814 Confessores,
792 1739 934 1814 Virgines,
954 1736 1076 1811 Viduas,
1099 1734 1213 1794 Coniu-

166 1827 235 1902 gati.
277 1824 347 1883 Erat
368 1831 464 1885 autem
492 1825 565 1884 hora
585 1841 671 1884 nona.
712 1824 808 1901 Quem
829 1825 918 1902 Virgo
941 1824 1108 1883 beatissima
1127 1821 1213 1882 salu-
1325 1817 1326 1830 ¹

166 1917 232 1970 tane
253 1911 433 1987 faudbarius,
461 1913 514 1972 ait:
535 1912 728 1986 Bertramme,
750 1912 883 1972 meliores
902 1911 1081 1970 sermonibus
1101 1908 1213 1968 Hiero-
1325 1967 1326 1980 ,

166 1999 236 2060 nimi
256 1998 303 2057 hic
325 1998 425 2058 audies
453 2015 606 2058 sermones.
645 1999 733 2058 Dicta
760 2015 839 2082 nona
859 2016 877 2058 a
899 1997 1170 2058 circumsedentibus
1179 1992 1214 2076 ³),

166 2101 220 2162 per
240 2085 390 2145 intervalla
412 2085 505 2146 dictae
520 2092 587 2150 sunt
604 2092 633 2145 et
646 2085 734 2146 horae
755 2085 890 2161 reliquae,
911 2087 1049 2160 vesperae
1068 2082 1215 2158 videlieet,

168 2171 392 2248 completorium,
406 2174 570 2248 mabrtinae,
583 2173 692 2247 laudes,
712 2175 811 2248 prima,
831 2175 923 2247 tertia,
940 2167 1060 2251 sexta4).
1080 2170 1214 2245 Eratque

166 2259 342 2336 psalmorum
363 2262 424 2318 sive
445 2260 617 2336 reliquorum
642 2266 777 2320 canbrum
799 2259 923 2319 melodia
943 2265 1004 2318 tam
1025 2258 1214 2332 suavissima,

169 2352 199 2406 et
219 2363 324 2405 vocum
345 2351 426 2405 tanta
447 2347 613 2422 concordia,
637 2353 671 2405 ut
692 2363 785 2406 sermo
807 2345 901 2405 nullus
923 2347 1080 2422 exprimere
1101 2350 1214 2420 posset.

167 2432 280 2492 Deinde
293 2432 405 2492 vultum
417 2433 650 2493 iocundissimum
673 2436 700 2493 ei
712 2433 858 2509 exbibens,
879 2450 952 2492 voce
972 2431 1054 2491 hilari
1076 2447 1111 2490 ac
1133 2429 1214 2490 dulei

167 2521 225 2594 sic,
239 2522 291 2579 ait:
320 2520 399 2580 Bene
427 2523 486 2580 scio
518 2521 712 2595 Bertramme,
743 2537 832 2596 quare
860 2537 936 2579 nune
959 2535 1090 2596 egressus
1111 2519 1150 2576 sis
1172 2517 1214 2577 de

168 2605 291 2666 elaustro
320 2612 379 2666 tuo.
421 2607 544 2666 Noveris
571 2624 623 2682 pro
652 2613 745 2681 certo,
773 2624 819 2666 me
840 2609 869 2666 in
890 2605 1215 2681 utraquesubstantia,
1325 2613 1326 2640 ³

166 2692 197 2752 id
219 2699 262 2752 est
284 2710 403 2770 corpore
425 2700 455 2754 et
476 2696 585 2768 mima,
614 2693 809 2769 glorificatam,
832 2700 860 2752 et
881 2693 927 2752 die
949 2691 1167 2768 quadragesimo
1192 2709 1214 2751 a

129 2799 136 2814 .
166 2782 285 2840 mortuis
299 2783 497 2840 resuscitatam
509 2777 539 2860 ⁵).
567 2780 770 2841 NOVIGIUS:
792 2780 846 2840 His
860 2781 955 2840 verbis
971 2777 1213 2839 coneordatvisio

166 2867 299 2927 dominae
314 2867 464 2927 Elisabeth
475 2867 511 2926 de
527 2867 678 2944 Scenavia,
697 2870 728 2930 in
751 2885 808 2944 qua
821 2867 926 2944 legitur
947 2866 1001 2926 sub
1012 2865 1119 2925 eisdem
1139 2882 1214 2924 ver·
1325 2887 1326 2914 1

167 2954 228 3028 bis,
249 2953 404 3014 Dominam
432 2951 591 3034 nostram⁶)
626 2957 652 3013 ei
680 2957 917 3014 resurrectionem
945 2970 1028 3012 suam
1056 2951 1213 3011 revelasse.
1325 2989 1326 3016 ι

166 3039 401 3101 MONACHUS:
424 3041 518 3101 Tanto
536 3041 657 3116 amplius
679 3041 751 3100 fides
766 3041 931 3100 adhibenda
952 3045 996 3099 est
1016 3038 1083 3098 hnic
1097 3039 1214 3098 visioni.

167 3126 239 3186 Mox
265 3134 299 3186 nt
319 3128 405 3187 beata
426 3128 516 3204 Virgo
543 3129 635 3187 verba
655 3128 802 3204 praedicta
822 3128 953 3204 pretulit,
982 3132 1140 3186 conventus
1159 3125 1213 3186 ille
1325 3133 1326 3198 l

166 3209 299 3273 coelestis
319 3214 471 3289 disparuit,
494 3221 523 3274 at
543 3215 700 3274 menachus
720 3217 750 3273 in
770 3215 834 3276 loco
858 3232 891 3274 se
911 3231 981 3274 suae
1002 3213 1135 3272 sessionis
1156 3221 1218 3272 se:

167 3299 227 3359 lnm
248 3302 357 3359 invenit
366 3297 395 3380 ⁷).
437 3300 516 3360 Nutu
539 3301 634 3361 divino
656 3319 808 3378 germanus
828 3303 899 3376 eius,
919 3301 957 3360 de
980 3316 1036 3375 quo
1059 3317 1146 3376 supra
1161 3299 1213 3358 di·
1325 3363 1326 3378 χ

166 3393 246 3450 ctum
259 3393 310 3462 est,
331 3385 495 3464 adveniens,
517 3405 583 3448 cum
598 3389 691 3448 solum
708 3389 789 3448 illurn
799 3387 906 3448 ibidem
919 3389 1077 3463 reperisset,
1099 3387 1213 3462 etquid

185 3609 217 3679 ι)
234 3597 276 3662 dn
293 3611 377 3664 navt.
397 3639 428 3650 .-
447 3611 479 3679 2)
497 3610 518 3663 n
542 3611 642 3662 cerrus
669 3613 803 3664 intrare.
823 3641 853 3652 -
874 3612 905 3680 a)
924 3611 943 3664 c
961 3612 1213 3664 circumstante-

236 3678 302 3730 bus.
322 3709 352 3719 -
372 3679 404 3747 4)
422 3680 464 3732 BG
486 3689 519 3732 et
541 3688 638 3732 sexta.
657 3709 690 3722 -·-
709 3682 740 3750 5)
759 3681 843 3735 acui
867 3683 1067 3734 suscitatam.
1086 3709 1117 3722 -
1138 3683 1172 3748 6)
1192 3682 1213 3734 l'

234 3757 262 3799 et
278 3748 340 3816 prA
359 3749 489 3803 Domina
506 3758 631 3804 nostra.
649 3780 678 3790 -
696 3753 728 3820 7)
746 3751 766 3804 0
784 3768 817 3804 se
835 3767 910 3804 suae
928 3752 1089 3804 sessionis
1116 3752 1214 3804 inve-

236 3819 281 3870 nit
299 3818 412 3885 eolunr,
429 3821 450 3873 D
469 3837 592 3874 sesana
611 3821 771 3874 sessionis
787 3824 919 3885 invenit,
937 3821 977 3874 BP
994 3835 1069 3872 suae
1085 3823 1213 3875 sessio-

236 3888 286 3941 nis
303 3904 337 3940 se
355 3889 455 3942 solurn
473 3892 610 3944 invenit.
