2594 4302
382 270 437 334 DE
460 268 645 336 CORPORE
667 269 837 336 CHRISTI.
1082 273 1143 332 1⁷9

438 464 673 528 CAPITULUM
690 464 808 526 XVHI.

166 589 216 652 De
236 577 393 666 Heyloevdo
414 588 566 650 sacerdote
589 587 625 648 de
651 586 853 662 Wuue'uedovp
875 589 928 663 qut
946 585 1081 663 famose

359 676 485 735 humaui
506 677 621 734 eruent
642 675 717 734 uidit
737 677 770 734 ise
792 675 889 734 euliee.

76 837 80 850 ‚
165 795 330 873 Hevlurdue
359 797 495 858 sacerdos
524 795 560 856 de
581 795 796 874 Wuuinsdom,
825 813 891 857 enm
921 796 966 856 die
979 792 997 876 ¹)
1020 795 1146 873 quedam

99 886 132 946 in
158 884 282 946 eeclesia
307 887 366 944 um
402 883 496 944 dietm
525 883 611 944 villae
640 886 759 944 mnsam
786 883 909 959 demet,
938 890 968 944 et
989 883 1025 944 de
1046 900 1146 946 suere-

98 978 197 1034 tneuto
221 987 258 1032 ex
272 973 447 1032 immissione
468 970 576 1032 diaboli
588 971 749 1048 periculose
763 969 915 1045 dubitaret,
937 969 1053 1047 quando
1072 987 1146 1032 ven·

98 1064 162 1122 um
195 1063 239 1120 eet
259 1058 298 1120 ud
320 1061 480 1119 orationem
501 1058 685 1118 Dominioam
705 1059 756 1118 ubi
777 1057 851 1118 eelix
873 1057 1070 1133 discoopertus
1092 1056 1146 1118 de·

98 1147 167 1223 poni
189 1144 278 1220 solet,
305 1145 425 1206 humani
453 1147 561 1212 cruoris
583 1147 709 1220 speeiem
729 1147 760 1204 in
780 1145 829 1204 illo
851 1144 938 1221 vidit,
970 1151 1000 1206 et
1022 1145 1164 1220 expavit..

97 1233 145 1294 Ao
166 1234 192 1292 si
214 1234 241 1292 ei
263 1232 370 1292 dieeret
390 1232 546 1292 Dominus:
574 1231 607 1292 Si
627 1249 685 1292 non
708 1231 800 1292 eredis
821 1237 1016 1306 sacramento,
1037 1232 1146 1290 veritu-

99 1328 160 1382 tem
182 1318 277 1380 diseas
299 1322 502 1395 experimento.
544 1319 670 1378 Etcum
698 1317 771 1378 fides
792 1320 842 1378 via
863 1321 900 1378 sit
920 1318 959 1378 ed
980 1313 1146 1398 speeiem²)‚
1209 1359 1214 1385 .

98 1408 210 1483 speeies
231 1406 305 1466 haee
327 1409 486 1483 sanguinea
514 1410 543 1464 te
564 1405 684 1466 redueat
705 1405 743 1466 ud
764 1405 861 1466 fidem.
902 1405 1027 1466 Duravit
1048 1411 1145 1466 numm

97 1495 189 1555 torma
200 1493 250 1554 ille
263 1509 354 1568 usque
370 1493 409 1554 ad
423 1494 623 1568 sumptionem.
654 1492 788 1552 Interfuit
807 1493 901 1552 eidem
922 1495 1028 1553 misses
1040 1490 1146 1554 Hilde—

98 1579 215 1642 boldus
226 1579 331 1640 Comes
353 1579 389 1640 de
411 1579 546 1640 Luubere
556 1575 592 1659 ³),
613 1582 658 1639 vir
678 1578 736 1640 fide
759 1586 787 1640 et
809 1596 896 1655 opere
917 1597 1019 1656 parum
1042 1579 1146 1640 estho-

99 1665 182 1726 licus.
224 1665 390 1743 Heylardus
411 1683 480 1726 vero
503 1665 558 1726 sibi
578 1668 697 1740 timens,
717 1669 854 1742 magistro
876 1665 1004 1726 Johnnni
1023 1665 1145 1726 Decano
1266 1700 1269 1704 ·

100 1753 231 1830 Aquensi
245 1755 386 1813 visionem
399 1753 503 1828 retulit,
525 1770 543 1811 a
565 1770 622 1829 quo
646 1770 700 1829 ego
721 1752 801 1812 illam
824 1751 917 1813 didici.
950 1751 1036 1830 Quod
1048 1759 1145 1812 autem

97 1839 263 1901 huiusmodi
284 1842 409 1900 visiones
432 1839 610 1916 quandoque
627 1840 698 1899 fiant
718 1857 777 1900 non
806 1839 900 1898 solum
923 1857 959 1900 ex
987 1839 1072 1916 eulpa
1094 1857 1145 1900 su-

101 1926 240 2003 eerdotis,
271 1929 329 1986 imo
360 1929 447 1988 etiam
469 1943 506 1987 ex
531 1925 653 2004 perfidie
681 1928 938 2002 circumstantium,
966 1927 1146 2002 subsequens

63 2011 68 2020 '
100 2016 205 2092 probet
226 2014 399 2091 exemplum.

457 2219 691 2282 CAPITULUM
711 2219 801 2281 XIX

129 2329 179 2404 De
199 2345 260 2406 eive
280 2341 530 2406 Hilde’usbemenei
550 2345 604 2422 qui
623 2347 656 2404 io
678 2361 791 2404 eaooue
811 2343 887 2405 vidit
906 2344 1025 2403 colman
1049 2361 1116 2404 oum

198 2497 204 2510 ,
270 2431 420 2494 dubitaret
440 2435 587 2510 smeyuioe
607 2431 733 2492 Domini
757 2429 975 2492 mubooueem.

160 2505 166 2542 t

165 2551 275 2616 Retulit
295 2554 364 2614 mibi
385 2558 443 2616 iem
465 2554 558 2615 dietus
579 2555 716 2631 magides
736 2553 886 2616 lohannes
907 2553 996 2616 aliem
1017 2552 1053 2614 de
1074 2571 1145 2619 san·

99 2641 188 2718 gerite
219 2641 337 2700 Domini
368 2645 509 2702 visionem
540 2643 610 2703 setis
641 2641 805 2704 terribilem
846 2641 931 2702 'Cum
961 2644 991 2700 in
1023 2642 1145 2703 eeclesia

98 2733 218 2790 metue
234 2727 440 2806 Walburgisin
461 2727 654 2788 Hildinsheim
674 2728 752 2790 unde
772 2732 835 2805 ipse
857 2726 994 2790 oriundus
1016 2735 1073 2804 est,
1095 2747 1145 2790 se·

100 2813 203 2874 eerdm
224 2817 341 2874 missum
364 2815 521 2876 eelebreret
540 2810 826 2896 nomineris-thero),
848 2817 918 2878 civis
940 2815 1056 2891 quidem
1078 2821 1146 2893 post

100 2906 214 2976 tergum
227 2903 287 2960 eius
309 2907 397 2976 stans,
420 2917 487 2962 eum
499 2919 534 2961 ee
549 2919 624 2976 quoe
635 2904 676 2964 ibi
685 2895 882 2964 uocabantur
900 2906 994 2964 mmm
1007 2902 1144 2978 erederet,

100 2985 242 3060 liquorem
262 2989 304 3046 its
324 2989 355 3046 in
376 2987 464 3048 relies
486 2987 630 3049 exundare
651 2989 736 3065 vidit,
768 2997 801 3050 ut
821 2991 860 3052 ud
880 2993 970 3050 instar
991 2988 1066 3049 ollae
1085 2989 1145 3050 ter-

100 3074 195 3133 ventis
224 3074 430 3149 supereffluens
458 3080 549 3133 totam
577 3073 675 3135 ulteris
703 3077 883 3153 superficiem
904 3079 1034 3154 operiret.
1077 3073 1145 3153 Qua

100 3161 211 3220 visione
240 3162 310 3219 satis
339 3166 383 3220 est
410 3163 541 3237 territus,
569 3168 599 3221 et
619 3179 703 3237 spero
726 3163 803 3239 qnod
824 3181 877 3241 per
896 3165 976 3225 illam
997 3163 1035 3222 ad
1056 3161 1144 3224 fidem

99 3249 273 3308 sacrementi
305 3247 343 3306 sit
372 3247 516 3307 reduetus.
562 3247 702 3308 Habebat
733 3255 836 3310 uutem'
860 3251 955 3328 liquor
983 3251 1144 3311 exuberans

98 3335 221 3394 formum
253 3335 400 3411 sanguinis
428 3333 555 3394 humani.
597 3334 644 3396 Ae
672 3338 697 3396 el
718 3338 745 3396 ei
765 3354 838 3398 voce
860 3338 965 3399 Christi
985 3337 1144 3398 diceretur:

98 3421 164 3499 Ego
186 3424 216 3481 in
236 3415 288 3482 nra
310 3423 402 3482 erneis
415 3427 533 3498 propter
554 3428 583 3483 te
603 3426 680 3483 sieut
700 3441 783 3501 aquea
799 3425 909 3502 effusus
930 3423 1038 3500 eund),
1061 3432 1090 3486 et
1110 3431 1143 3484 tu

99 3509 137 3572 de
158 3509 373 3572 medicinatus
395 3507 532 3570 dubitas?

112 3773 150 3856 ἰ)
167 3783 212 3840 un
227 3785 263 3840 es
279 3735 341 3840 ree.
361 3813 393 3828 -
408 3783 442 3852 2)
463 3783 523 3838 cor.
542 3783 573 3848 u,
588 3785 614 3850 ⁵,
629 3785 654 3838 v.
676 3807 708 3828 -
723 3785 757 3857 e)
770 3784 813 3842 nc
830 3785 982 3850 usmetis
1000 3810 1033 3828 -
1052 3789 1084 3856 s)
1102 3787 1143 3842 or

168 3853 335 3913 elbertus.
353 3885 386 3897 -
405 3855 437 3925 5)
454 3853 521 3912 eut
540 3855 584 3923 21,
604 3856 646 3908 ts.
