2594 4302
157 205 217 306 rer
500 246 883 310 arsuruenronour

153 365 311 443 Johannis,
339 367 376 428 de
405 385 462 444 quo
483 369 579 430 Lucas
607 373 649 430 sic
681 373 735 431 ait:
765 371 807 430 Et
826 371 944 448 fuctum
965 378 1008 431 cst
1028 377 1064 431 ut
1084 371 1198 447 impleti

153 461 224 514 suot
245 455 305 514 dies
327 455 416 532 officii
437 461 513 529 aas,
546 457 620 516 obiit
647 461 679 516 irc
707 458 938 518 danamarcam
950 455 980 531 ¹).
1022 457 1103 518 Vicis
1125 474 1197 518 suae

152 547 282 617 tempore
303 539 456 602 Pontifices
471 543 568 620 templi
590 550 701 604 tantum
715 544 814 604 officiis
836 547 1000 621 mancipati,
1020 561 1079 605 non
1100 544 1196 604 solum

153 645 172 686 a
194 628 344 704 complexu
365 646 496 705 uxorum,
517 631 567 690 sed
591 633 678 690 etiam
699 647 718 690 a
739 630 889 691 domorum
910 634 1040 708 ingressu
1065 632 1196 692 abstine-

152 715 232 774 bant.
274 715 386 776 Nostris
408 723 505 776 autem
525 717 721 777 sacerdotibus
744 735 762 778 a
783 718 888 792 quibus
908 735 967 778 non
990 719 1110 778 carnalis
1126 735 1196 779 suc·

153 803 260 876 cessio,
282 801 334 861 scd
354 803 507 878 spiritualis
529 804 664 878 perfectio
687 807 840 880 quaeritur,
862 807 911 880 qui
932 805 1058 881 quotidie
1079 811 1195 882 praesto

153 886 260 949 debent
288 905 352 948 esse
380 888 477 965 altari,
505 898 646 967 perpetua
674 893 790 950 caedes
819 891 959 950 indicitur.
1009 892 1096 969 Quod
1124 909 1194 953 vero

152 974 292 1036 litteratus
315 993 377 1036 esse
399 975 512 1051 debeat,
533 981 613 1036 testis
634 983 678 1037 est
698 976 859 1038 Malachiae
881 981 931 1054 qui
952 978 1033 1038 dicit:
1062 981 1195 1056 Arcpclus

101 1065 104 1074 ’
152 1065 342 1122 scientiarum
364 1068 414 1136 cst,
440 1071 467 1124 st
489 1065 581 1140 lcpem
603 1083 639 1124 ee
661 1081 712 1123 ore
734 1067 795 1124 eius
817 1069 968 1140 requirent
976 1063 1008 1144 ²)
1051 1064 1129 1126 Hinc
1151 1073 1195 1126 est

152 1147 230 1224 quod
250 1147 329 1226 Hely
356 1149 476 1211 sedebat
502 1158 569 1210 ante
596 1150 672 1210 iores
700 1149 922 1232 tabernaculi‘³),
951 1158 983 1210 ut
1008 1153 1195 1229 responderet

152 1237 229 1294 omni
250 1239 406 1312 quaerenti.
448 1236 527 1296 Audi
556 1237 625 1314 quid
645 1237 789 1297 illitterato
812 1239 955 1298 sacerdoti
975 1255 1026 1314 per
1049 1238 1126 1300 Once
1149 1239 1195 1300 dl·

152 1329 245 1382 catur:
269 1323 349 1401 Quia
372 1331 405 1383 tu
425 1327 576 1385 edentium
597 1325 738 1402 repulisti,
760 1327 902 1402 repellam
924 1333 951 1386 tc
971 1345 1009 1385 ac
1030 1327 1195 1387 sacedotio
1283 1383 1284 1402 ,

150 1409 290 1486 subparis
303 1408 414 1488 mittit).
442 1409 645 1471 NOVICIUS:
670 1410 818 1486 Numquid
833 1429 932 1472 omnes
946 1412 1110 1474 sacerdotes
1123 1413 1194 1472 illit-

150 1499 234 1556 terati
247 1496 402 1572 repellendi
415 1503 482 1555 sunt
503 1497 682 1557 aDomino‘l
715 1496 951 1559 MONAGHUS:
973 1499 1049 1560 Non.
1081 1500 1194 1577 Quibus

151 1582 234 1643 deest
254 1601 323 1642 usus
336 1586 471 1644 scientiae
486 1586 640 1660 exterioris,
660 1583 787 1644 habeant
808 1591 840 1645 ut
856 1585 1034 1662 praedictum
1049 1594 1093 1646 est
1113 1589 1194 1647 larn-
1283 1631 1284 1644 .

100 1712 106 1726 .
151 1669 203 1728 bos
230 1673 429 1746 promittetur,
458 1679 486 1730 ct
514 1673 651 1731 lucanae
674 1673 810 1732 ardentes
830 1677 863 1732 ia
883 1671 1068 1752 oscoibcrsss,
1098 1673 1194 1734 idest

151 1772 239 1832 opera
267 1756 353 1816 bona.
396 1749 482 1834 Quod
511 1759 536 1816 si
564 1759 619 1818 sibi
648 1761 815 1819 commissos
836 1759 994 1820 illuminare
1016 1778 1074 1820 non
1096 1761 1195 1822 valent

150 1843 240 1903 verbo
261 1844 489 1920 praedicationis,
511 1843 550 1904 ad
571 1845 699 1904 divinum
721 1863 848 1907 amorem
868 1846 932 1906 illos
949 1847 1107 1908 accendere
1128 1855 1194 1908 stu·

151 1929 238 1990 deant
270 1930 400 2007 exemplo
429 1931 524 1992 bonae
553 1935 786 1992 conversationis.
828 1933 970 1994 Introiens
998 1928 1133 1998 sa'ccrdos
1155 1935 1194 1997 ad

150 2016 240 2078 altare
261 2015 326 2092 Dei,
347 2017 445 2078 lavare
467 2017 554 2079 debet
574 2019 686 2094 lactem,
708 2036 740 2079 os
763 2025 792 2079 et
812 2034 924 2095 manus,
944 2019 974 2079 id
997 2027 1041 2081 est
1063 2021 1194 2084 macrdas

150 2105 345 2181 cogitationis,
365 2105 517 2165 locutionis
546 2111 575 2165 et
596 2121 730 2182 operum,
761 2108 789 2164 in
811 2106 892 2168 labro
914 2123 1004 2168 aeneo
1026 2108 1106 2185 quod
1126 2109 1195 2170 iecit

148 2190 267 2270 Moyses
296 2209 332 2252 ex
358 2192 481 2268 speculis
503 2192 654 2252 mulierum
663 2189 694 2273 ⁶).
736 2192 825 2270 Aqua
846 2200 891 2253 est
912 2197 1060 2271 contritio,
1088 2214 1194 2256 manu·

146 2274 279 2358 terium⁷)
303 2279 451 2340 confessio.
492 2278 579 2355 Quod
598 2279 649 2339 illa
669 2276 776 2356 abluit,
805 2282 861 2340 ista
884 2281 1031 2358 abstergit.
1069 2282 1195 2359 Speculo

146 2364 299 2425 mulierum
312 2372 379 2426 sunt
390 2365 520 2443 exempla
535 2372 699 2428 sanctarum
709 2369 878 2443 animarum,
891 2367 963 2428 fides
976 2369 1195 2432 seilicetAbra-

147 2451 213 2527 hee,
234 2450 396 2513 obedientia
410 2453 515 2529 Ysaac,
531 2453 633 2514 lenitas
647 2453 751 2527 Jacob,
768 2455 959 2516 mansuetudo
972 2454 1078 2532 Moysi,
1096 2457 1195 2518 humi-

21 2597 25 2602 .
145 2536 211 2598 litas
222 2538 329 2614 David,
345 2539 425 2600 zelus
439 2539 551 2616 Heliae,
567 2542 659 2616 pietas
673 2539 783 2617 Josiae,
800 2543 916 2602 castitas
931 2541 1071 2604 Danielis.
1098 2543 1134 2604 In
1148 2545 1195 2606 his

148 2627 173 2686 si
194 2625 329 2687 sacerdos
351 2643 383 2686 se
405 2627 640 2703 consideraverit,
674 2628 756 2689 lacile
778 2637 933 2705 cognoscet
953 2647 1037 2689 suam
1058 2631 1194 2708 imperie-
1283 2647 1284 2694 i

148 2714 280 2774 ctionem.
322 2712 527 2775 NOVIGIUsr
565 2713 665 2790 Qualis
687 2732 751 2774 esse
785 2713 889 2782 debeat
919 2715 1090 2794 conficiens,
1122 2720 1194 2779 satis

148 2796 312 2876 ostendisti3
333 2817 410 2861 nunc
425 2818 480 2861 -me
494 2801 630 2878 expedias
652 2801 800 2878 inquibus
823 2803 959 2863 consistat
976 2807 1107 2878 potentia
1121 2822 1193 2866 eon·

147 2885 279 3034 fieielllffib
312 2886 549 2950 MONACHUS:
580 2888 663 2965 Quae
685 2888 721 2949 de
743 2889 788 2949 his
810 2889 867 2967 legi
887 2888 936 2952 vcl
957 2882 1073 2968 audiui,
1091 2895 1199 2970 paneis·

150 2991 204 3050 exp
226 2991 261 3034 ca
282 2990 309 3034 o.

476 3171 709 3236 CAPITULUM
733 3170 868 3235 XXVII.

261 3296 347 3374 Quae
368 3298 528 3374 mouetur
549 3299 581 3356 irc
602 3297 761 3369 sacerdote,
788 3301 823 3355 ut
845 3293 952 3370 Cbrtcti
973 3310 1081 3370 corpus

536 3387 632 3460 possit
653 3383 801 3460 conficere.

209 3503 278 3562 Tria
307 3505 458 3582 erdguntur
486 3504 516 3562 in
545 3504 694 3565 sacerdote
729 3510 763 3563 nt
797 3505 889 3580 possit
917 3501 1076 3577 conticere,
1105 3500 1197 3575 ordo,

64 3631 68 3640 ·
144 3591 242 3666 verba,
263 3592 389 3652 intentio.
434 3591 576 3668 Quartum
599 3598 642 3652 cst
663 3592 824 3652 substantia
853 3592 935 3667 panis
959 3589 1076 3650 etvini.
1118 3586 1195 3649 No-

164 3705 195 3774 1)
213 3707 272 3760 Luc.
293 3705 317 3771 1,
334 3708 376 3760 23.
396 3736 427 3746 -
447 3707 479 3776 2)
498 3697 602 3772 blalaclr.
621 3710 646 3774 2,
664 3710 689 3760 7.
709 3737 740 3748 -
765 3707 797 3774 3)
815 3705 878 3776 lleg.
897 3705 916 3772 l,
933 3705 959 3771 1,
977 3707 1002 3759 9.
1022 3733 1052 3746 -
1072 3703 1104 3774 l]
1122 3705 1196 3759 Osee

214 3776 241 3839 l,
259 3778 284 3828 6.
302 3805 335 3814 -
354 3776 387 3845 5)
404 3776 462 3829 an.
482 3776 530 3842 12,
548 3777 591 3830 ³5.
609 3807 643 3819 -
661 3779 694 3847 a)
710 3776 790 3831 uxos.
808 3777 858 3842 38,
876 3777 904 3830 8.
921 3804 955 3846 ··.
972 3775 1006 3846 7)
1022 3773 1109 3830 Bous
1126 3789 1193 3828 ma-

214 3845 409 3914 nutergiurn.
