2622 4322
413 270 417 275 ’
439 308 495 370 on
516 256 779 372 unuanorn.
1059 309 1117 371 rar

96 431 157 490 eninr
175 431 291 492 tentatio
323 431 390 491 eius
412 439 603 508 processerat,
631 438 665 492 nt
684 431 781 492 locum
802 435 927 507 mutare,
955 431 981 490 si
1007 437 1120 508 posset,

96 515 192 576 bnitu
208 520 421 596 proposuisset.
462 519 594 594 Vmenla,
615 519 714 595 inquit,
735 535 873 578 manuum
893 520 954 578 eius
967 519 1120 594 insinuant,

97 603 198 663 tenibil
222 605 304 665 uliud
326 605 437 664 debere
457 605 566 680 faeere,
590 608 645 664 nisi
666 605 744 681 quod
762 607 825 681 ipse
846 606 992 681 praecipit
1036 603 1121 682 Quod

95 695 175 749 autern
186 693 274 768 spinis
286 692 417 769 pedibus
432 709 463 752 se
481 691 519 751 ad
532 709 645 752 oruoam
657 691 777 769 ligatum
796 691 926 767 ostendit,
940 691 1082 769 signifieat
1093 687 1120 772 ¹),

96 777 158 851 qnod
196 779 247 838 tibi
275 795 338 838 uon
371 778 456 838 boeat
484 781 545 838 sine
574 782 635 838 eius
671 775 841 858 eorrsensu²)
870 778 967 838 loeum
994 785 1120 854 mutare,

96 863 136 922 sed
157 865 316 925 seeundum
346 865 423 924 illins
453 866 600 925 arbitrium
628 871 704 925 stare
731 865 779 926 vel
807 865 963 925 ambulare.
1005 864 1050 924 Ex
1076 865 1121 924 his

96 947 189 1011 duabus
209 953 375 1012 visionibus
397 954 512 1012 territus
533 951 617 1012 sirnrd
639 958 668 1012 et
689 952 816 1028 edoctus,
838 952 875 1012 da
897 959 991 1012 cetero
1013 950 1121 1012 studuit

93 1031 171 1098 'vena
196 1041 261 1100 sive
281 1039 362 1099 saeta
383 1041 428 1098 sni
449 1037 573 1098 Abbatis
601 1055 694 1115 aequo
723 1042 818 1100 animo
840 1045 956 1116 propter
978 1037 1121 1099 Christum

96 1126 225 1186 natinere.
271 1123 480 1186 NOVIOIUS:
503 1124 544 1184 Ut
563 1126 664 1203 video,
690 1143 750 1188 non
771 1131 816 1186 est
828 1127 911 1186 nobis
932 1129 1035 1201 tntum,
1056 1142 1120 1186 euru

95 1211 213 1286 praebtis
235 1215 344 1273 nostris
367 1211 547 1273 contendere.
614 1285 617 1294 ,

429 1418 663 1484 CAPITULUM
691 1419 780 1480 ΧΙΧ.

128 1541 172 1602 De
192 1543 357 1614 aestuario
380 1560 468 1618 quem
489 1543 645 1619 onustans
664 1561 720 1618 per
740 1545 837 1602 usum
859 1561 880 1601 a
900 1560 931 1602 oe
951 1545 1084 1616 emunit,

214 1709 217 1716 Ι
290 1633 367 1706 quia
388 1629 494 1689 durius
514 1630 707 1705 responderat
728 1631 832 1690 Priora·
852 1646 916 1690 ruo.

149 1781 387 1845 MONAOHUS:
408 1783 494 1845 Anno
516 1788 669 1862 praeterito
703 1785 864 1846 cellerarius
887 1784 1004 1862 qnidam
1032 1785 1123 1846 maior

98 1884 152 1929 tum
171 1871 269 1932 Priore
298 1888 355 1932 suo
384 1871 421 1932 de
449 1873 534 1932 rebus
564 1873 750 1933 exterioribus
781 1873 878 1932 verbis
907 1870 1066 1946 contendit,
1095 1877 1124 1932 et

98 1955 234 2018 videbatur
255 1959 298 2034 ei,
328 1961 398 2034 quia
428 1959 513 2020 valde
541 1960 746 2020 rationabiliter
773 1964 944 2019 moveretur.
996 1957 1032 2017 In
1059 1959 1136 2034 ipaa'

97 2049 169 2102 noete
189 2044 324 2105 Salvator
348 2048 374 2104 ei
393 2048 423 2104 in
446 2062 529 2106 eruce
550 2049 682 2124 apparuit
713 2049 809 2106 iacens
835 2047 864 2104 in
885 2052 974 2121 terra,
1003 2049 1121 2120 eratque

98 2129 214 2190 velamen
242 2138 332 2192 tenue
361 2149 397 2192 ae
417 2135 599 2209 perspicuum
627 2149 713 2210 snper
735 2151 838 2209 eorpus
858 2132 933 2192 illius
955 2148 1121 2208 expansum.

100 2213 174 2276 (luins
200 2235 271 2288 eum.
296 2218 387 2279 vellet
413 2218 533 2279 vulnera
557 2227 682 2282 retracto
702 2237 798 2297 pauno
822 2219 993 2295 deosculari,
1025 2220 1121 2294 imago

99 2318 173 2362 nanu
200 2322 306 2365 aversa
335 2305 549 2382 indignabundo
577 2307 658 2365 illurn
685 2308 810 2382 amovit,
841 2311 979 2382 tanquam
1001 2303 1121 2365 diceret:

100 2385 155 2448 Non
172 2407 202 2450 es
225 2392 332 2468 dignus
354 2398 463 2452 attactu
485 2396 609 2470 eorporis
631 2396 701 2470 mei,
731 2396 780 2470 qni
808 2409 872 2452 sero
901 2410 947 2452 me
973 2394 1003 2450 in
1023 2392 1122 2451 Priore

100 2479 142 2535 tuo
158 2482 330 2554 provocasti.
372 2479 425 2538 ille
447 2496 514 2539 mox
536 2479 690 2557 evigilans,
723 2487 752 2540 et
774 2497 890 2540 oausam
911 2478 1042 2555 repulsae
1064 2494 1122 2537 non

102 2561 235 2640 ignorans,
258 2565 344 2627 dietis
366 2569 524 2643 matutinis,
545 2584 592 2626 me
613 2573 772 2642 praesente,
794 2565 832 2626 ud
852 2565 941 2643 pedes
962 2565 1068 2624 Prioris
1091 2581 1122 2624 se
1233 2607 1242 2618 .

102 2654 254 2727 nunaut,
287 2655 404 2711 veniam
430 2670 481 2729 pro
504 2669 624 2714 excessu
645 2670 699 2712 suo
719 2653 876 2729 postulans.
918 2650 1122 2713 NOVIossJs:

103 2731 129 2792 st
145 2735 242 2813 dignus
265 2743 311 2798 est
331 2738 444 2815 iudicio,
466 2741 515 2816 qui
534 2741 665 2800 nascitur
684 2739 763 2800 fratri
784 2756 837 2800 sno
849 2735 879 2820 ⁸),
900 2740 958 2798 iam
978 2755 1036 2798 non
1058 2755 1123 2796 am-

103 2817 171 2898 bigo,
198 2827 268 2899 quin
296 2827 412 2885 maioris
440 2843 551 2903 poenae
580 2829 738 2887 sententiae
765 2827 928 2901 subiaceat,
957 2827 1006 2900 qui
1034 2826 1144 2883 iratus

105 2904 172 2968 nant
190 2913 265 2986 patri
287 2928 356 2987 sno,
376 2911 408 2971 id
429 2919 486 2988 est,
507 2912 645 2989 praelato.
688 2910 922 2974 MONACHUS:
943 2911 989 2971 Ita
1011 2918 1069 2985 est,
1091 2916 1124 2969 nt

107 2989 169 3070 dira,
189 3000 255 3076 qnia
276 3001 415 3058 maiorem
436 3003 625 3060 reverentiam
639 2999 777 3060 debemus
797 2999 934 3078 patribus,
957 3016 1044 3073 quam
1064 2996 1124 3057 sra-

107 3079 189 3159 utus,
208 3086 269 3144 sive
291 3085 420 3145 annales
442 3089 506 3162 sint,
527 3089 589 3146 sive
611 3086 779 3162 spiritrrales.
821 3083 1024 3147 NOVICIUS:
1048 3083 1125 3160 Quid

108 3167 176 3226 sier
195 3174 385 3232 commotione
406 3175 493 3232 animi
512 3175 635 3232 verbum
662 3175 721 3233 irae
732 3169 754 3254 ⁴)
775 3171 915 3234 iaculetur
942 3174 972 3230 in
993 3177 1124 3247 sanctos,

108 3251 146 3310 vel
163 3256 236 3329 quod
254 3261 350 3318 mains
362 3255 382 3338 ⁵)
406 3265 458 3334 est,
478 3262 507 3317 in
535 3261 631 3336 ipsum
655 3259 774 3319 Deum?
795 3258 1031 3320 MONACHUS:
1053 3258 1125 3318 Tale

109 3340 211 3401 verbnm
237 3345 340 3404 dioitru
366 3345 559 3422 blasphemia,
593 3363 668 3422 qnae
691 3363 726 3408 ex
747 3348 789 3407 ira
809 3349 948 3430 nascitur,
979 3351 1009 3407 et
1037 3360 1125 3421 saepe

111 3424 213 3488 nultum
239 3433 340 3492 uenter
367 3449 385 3492 a
405 3432 470 3494 Deo
491 3433 661 3494 vindicabu.

128 3798 153 3868 ¹)
166 3801 201 3856 BP
216 3807 428 3880 signat—²)
445 3811 466 3864 B
484 3813 745 3882 concessu—3)
761 3812 849 3866 llatth.
867 3813 893 3876 5,
910 3809 1038 3878 22-4)
1055 3809 1125 3860 irae

162 3885 204 3928 unt
220 3877 246 3930 G.
265 3909 294 3919 -
315 3880 348 3948 5)
365 3879 386 3931 li
403 3884 514 3951 magis3
531 3881 608 3951 paulo
626 3891 685 3951 post
701 3883 745 3936 At>
762 3882 935 3935 Dominum.
