2654 4308
169 273 230 333 134
479 269 707 335 oleumcum
731 268 895 334 OCTAVA

166 409 219 454 nes
245 390 447 470 Evangeliste‚
472 395 533 454 sive
554 393 657 454 beatus
685 393 825 454 Jsoobus.
868 391 922 452 Oui
943 396 1029 452 nocte
1048 393 1078 452 in
1100 393 1206 454 somnis

167 494 317 557 apparens,
339 477 408 540 dure
421 483 489 540 setis
502 478 519 563 ¹)
542 483 684 556 corripuit,
706 496 883 556 conquerens
904 495 936 538 se
957 480 995 538 eb
1008 496 1055 540 ea
1076 486 1206 540 oontem-

168 573 259 644 ptum,
280 573 309 626 et
327 572 393 644 post
405 569 506 628 cistetn
521 567 635 645 indigne
656 570 825 643 proiectum.
866 565 928 628 Nec
949 568 991 627 sic
1012 568 1130 642 quievit,
1152 566 1207 626 do·

43 723 45 732 ¹
169 669 223 713 neo
252 653 347 712 verbis
374 651 490 714 edditee
518 660 585 714 sunt
612 655 724 730 plagae.
774 653 889 729 Integre
923 655 999 712 enim
1027 668 1103 712 enno
1132 652 1207 713 lecto
1310 667 1311 678 ¹

169 739 327 816 paralytica
349 739 492 800 decubuit
542 739 738 801 NOVIClUS:
769 739 852 799 Licet
878 741 919 798 sio
940 757 992 815 per
1013 747 1105 799 sortes
1122 739 1208 816 Apo·

169 825 258 886 siclos
280 825 405 903 eligere?
432 825 667 888 MONACHUS:
696 827 779 888 Sorte
807 826 934 886 Methias
955 825 1114 903 Apostolus
1135 826 1210 903 legi·

168 919 216 973 tur
227 902 335 974 electus
343 909 374 993 ²).
416 913 481 990 Non
495 920 592 974 tamen
604 914 669 974 ideo
682 921 726 973 est
739 913 846 973 electus
859 919 891 972 ut
903 913 967 972 eliis
979 919 1210 989 anteponeretur,

169 1000 221 1061 sed
242 1008 276 1060 ut
295 1017 347 1076 per
369 1017 435 1060 eum
447 1000 638 1061 duodenarius
661 997 828 1080 numerus³l
849 1017 901 1076 per
921 998 1030 1059 Judom
1053 999 1210 1060 diminutus

170 1082 389 1166 supplereturq.
432 1087 508 1148 Puto
541 1093 638 1148 temen
670 1087 708 1147 eb
741 1086 850 1146 eedem-
876 1087 1014 1147 electione
1045 1085 1210 1147 huiusmodi

171 1180 265 1235 sortes
288 1173 479 1235 descendisse
522 1172 630 1233 Audivi
660 1173 795 1234 Coloniae
817 1173 961 1249 quendam
981 1174 1139 1233 litteratum
1160 1191 1211 1234 sc·

170 1260 323 1336 cerdotem‚
344 1260 441 1336 palam
458 1263 487 1318 in
502 1260 623 1320 ecclesie
635 1262 802 1336 reprobrere
815 1261 887 1319 tales
901 1260 1063 1320 electiones.
1092 1259 1211 1335 Omnes,

171 1349 271 1424 inquit,
292 1346 425 1422 Apostoli
453 1363 545 1421 aeque
567 1353 634 1406 sunt
654 1349 761 1421 musti,
790 1347 944 1406 etidcirco
968 1363 1066 1406 omnes
1088 1365 1107 1407 e
1128 1347 1212 1407 nobis

172 1451 264 1510 aeque
292 1433 460 1494 honorandi.
503 1433 589 1509 Quod
616 1436 640 1493 si
662 1434 746 1493 alicui
767 1433 881 1492 illorum
902 1433 1033 1510 specialis
1054 1434 1147 1494 honor
1169 1441 1213 1494 est

171 1519 366 1596 exhibendus,
399 1522 485 1581 beato
516 1520 604 1580 Petro
635 1537 688 1597 per
723 1537 808 1596 quem
838 1523 919 1597 regio
946 1527 1044 1581 nostre
1073 1537 1213 1582 converse

172 1613 217 1668 est
236 1607 275 1667 ad
296 1607 391 1682 fidem,
412 1605 521 1687 illum⁶)
542 1607 637 1666 iudico
659 1623 722 1667 esse
744 1606 976 1683 impendendum.
1017 1607 1117 1683 Ipsum
1141 1625 1210 1683 spe·

172 1693 274 1754 oinlem
308 1691 482 1770 Apostolum
513 1695 597 1754 nobis
634 1693 763 1753 Christus
792 1693 953 1753 destinavit
1002 1694 1111 1754 Beatus
1140 1711 1210 1755 vero

79 1813 83 1832 ·
170 1779 339 1840 Heribertus
362 1787 391 1840 et
411 1797 559 1841 successor
580 1783 641 1840 eius
661 1781 832 1857 Peregrinus
852 1779 1036 1842 Colonienses
1056 1779 1211 1858 Archicpi-

171 1869 252 1944 scopi
279 1869 310 1926 in
336 1869 452 1928 civitate
475 1866 596 1928 colonia
623 1868 755 1928 omnibns
782 1866 930 1943 Apostolis
950 1885 1039 1950 onem
1061 1867 1212 1928 eeclesiam

118 2019 122 2032 ,
172 1953 392 2016 conventualem
419 1953 621 2030 condiderunt,
646 1956 676 2012 in
699 1946 783 2034 qus‘)
812 1954 945 2031 omnibus
977 1954 1062 2014 simul
1083 1955 1211 2030 eequnlis

172 2040 265 2102 honor
292 2041 426 2117 idemque
454 2043 600 2102 servitium
635 2041 824 2101 exhiberetur.
874 2041 1021 2117 Quantum
1048 2048 1212 2102 mereantur

172 2128 202 2187 in
224 2127 345 2190 ecclesia
366 2127 468 2188 eedem
490 2127 603 2188 Christo
629 2130 750 2203 eiusque
773 2126 919 2204 Apostolis
932 2127 1025 2206 digne
1046 2130 1212 2204 servientes,

173 2231 210 2276 er
226 2213 340 2276 modico
362 2214 440 2292 quod
460 2217 589 2292 sequitur
598 2211 619 2296 1)
637 2208 747 2292 poteris
767 2214 953 2291 perpendere
1050 2261 1054 2268 .

514 2403 748 2468 cAPrrULuM
771 2405 868 2466 LXII.
955 2471 957 2480 ¹

113 2557 115 2560 ·
222 2527 271 2588 Dc
292 2525 459 2588 woroime
480 2529 613 2588 ecclesiae
632 2533 805 2616 sanctorum
826 2528 1052 2604 Apostolorum,
1074 2529 1158 2610 cuius

177 2679 181 2685 ,
305 2614 410 2674 domus
431 2618 508 2674 inter
527 2615 666 2693 flammae
687 2615 863 2674 miraculose
883 2621 1003 2676 semoto
1025 2621 1075 2676 est

238 2733 504 2794 Cum'incendium
531 2733 603 2794 illud
630 2734 787 2795 maximum
816 2735 894 2812 quod
917 2741 979 2795 eret
998 2736 1053 2795 sub
1074 2733 1211 2812 Adelpho

172 2820 408 2898 Archiepiscopo,
421 2837 556 2898 magnam
569 2827 680 2897 partem
695 2824 815 2882 civitatis
827 2822 1004 2884 colomensis
1016 2825 1211 2898 consumpsis-

173 2914 234 2984 set,
255 2908 357 2968 mulier
385 2907 528 2984 quaedem
550 2925 624 2983 quse
648 2908 787 2970 ecelesiae
815 2916 978 2971 sanctorum
1006 2908 1211 2986 Apostolorum

172 3012 224 3071 pro
237 3013 292 3055 sue
302 2995 433 3055 mercede
452 2995 572 3054 brarsre
594 2993 817 3075 consueveram),
840 2996 956 3056 domum
975 2995 1100 3073 ligneam
1120 3013 1211 3073 prope

172 3084 296 3157 positam
329 3081 465 3142 habebat
516 3079 569 3140 Cui
598 3098 664 3141 cunr
694 3081 856 3142 incendium
885 3100 921 3143 ex
950 3085 1050 3143 vicinis
1071 3081 1212 3144 'domibus

167 3171 408 3245 propinquasset,
435 3167 495 3226 filie
522 3170 583 3227 eius
611 3185 683 3230 vass
705 3175 734 3228 et
761 3169 965 3245 supellectilem
987 3170 1086 3230 eilerre
1105 3172 1212 3247 coepit.

174 3255 260 3332 Quod
282 3256 332 3315 nbi
352 3261 444 3314 meter
466 3257 618 3331 comperit,
639 3258 742 3315 restitit
763 3255 875 3316 dicens:
897 3255 962 3316 Noli
982 3255 1057 3332 filie,
1070 3256 1138 3333 noli,
1158 3256 1211 3318 sed

173 3345 270 3402 ornnie
296 3339 370 3401 reier
396 3343 426 3400 in
455 3341 581 3401 domum.
623 3342 728 3419 Sioque
757 3342 856 3402 clause
885 3341 985 3417 domo,
1016 3349 1107 3403 meter
1129 3361 1210 3420 spem

173 3428 284 3489 hebens
310 3430 340 3486 in
368 3430 475 3488 sanetis
497 3426 661 3504 Apostolis,
680 3428 841 3489 ecclesiam
867 3445 967 3488 eorum
997 3429 1082 3505 ediit,
1110 3432 1212 3507 sieque

174 3517 281 3578 oravit:
309 3514 585 3594 Sanctirlpostoli,
612 3517 637 3576 si
666 3533 794 3593 unquam
820 3515 904 3576 vobis
927 3514 1012 3594 digne
1032 3515 1212 3594 fideliterque

193 3701 223 3771 ι)
241 3700 262 3755 c
281 3701 361 3754 satra
380 3717 454 3754 eam.
474 3731 505 3742 -
524 3701 557 3772 2)
574 3702 631 3756 ne.
651 3703 675 3767 1,
693 3703 735 3758 se.
755 3733 784 3744 -
806 3704 839 3773 e)
855 3717 1004 3760 numerus
1022 3701 1071 3755 arr
1089 3667 1119 3755 n.
1134 3703 1211 3773 ..q

242 3770 265 3824 B
287 3771 532 3839 adimpleretur.
551 3801 583 3812 -
603 3774 634 3842 5)
658 3773 722 3827 Bul
745 3773 805 3827 illi.
825 3803 854 3814 -
875 3773 907 3842 6]
925 3771 1011 3828 scor
1033 3772 1158 3844 quibus.
1178 3802 1210 3814 -

181 3875 185 3886 «
243 3839 461 3909 ὉΒιυοᾱίοο
484 3843 634 3896 servitio.
653 3873 685 3884 -
710 3843 742 3913 8]
761 3843 783 3898 B
801 3844 989 3898 consuevit.
1042 3895 1046 3906 ,
