2594 4302
115 343 118 352 .
180 293 244 359 214
504 295 754 368 ¹ursnnocmo
776 297 888 362 nous

179 419 324 481 modicum
345 437 378 480 se
399 418 609 482 emendaverat
652 421 709 482 Die
731 421 857 499 quadam
886 435 953 482 cam
973 421 1028 481 iret
1048 418 1087 482 ad
1107 437 1215 480 sacram
1273 419 1274 424 ’

180 510 409 568 communionem
422 511 604 570 cemoeterio
623 509 766 585 iratribus,
787 512 817 569 in
832 508 904 568 hora
924 508 974 568 illa
996 525 1053 582 qua
1075 510 1101 567 ei
1122 524 1216 567 sacer-

179 593 346 670 dosoorpus
358 594 476 655 Domini
495 595 668 672 porrigebat,
689 595 762 655 alius
784 595 902 672 quidam
923 612 1080 656 conversus
1102 593 1215 672 religio-

178 698 229 741 sus
257 681 329 740 vidit
349 682 377 740 in
406 698 439 743 os
461 683 521 741 eius
543 684 616 741 mitti
644 699 703 741 non
725 689 951 758 sacramentam,
980 681 1032 741 sed
1065 681 1219 740 carbonem

178 757 369 845 nigerrimum.
418 765 570 828 Rationem
599 768 793 844 supradictam
821 769 947 845 capitulo
984 769 1219 844 quinquagesimo

179 861 297 931 quarto,
325 853 373 915 hic
393 857 509 932 assigna
532 854 568 915 de
595 856 745 916 sacerdote
775 855 810 916 de
832 855 1026 916 Hadenmarc.
1070 853 1222 931 Quosdam

178 939 321 1000 Dominus
342 958 446 1018 corpus
474 957 559 1003 suum
588 959 700 1003 sumere
729 960 788 1004 non
816 945 898 1018 sinit,
927 949 960 1003 ut
981 941 1097 1019 culpam
1122 957 1223 1002 eorum

177 1028 348 1088 manifestet.

518 1165 752 1228 CAPITULUM
772 1166 883 1228 LXIV.
901 1243 903 1250 y

250 1269 298 1348 De
319 1286 460 1330 converso
483 1273 687 1346 proprietario
709 1274 761 1347 qai
781 1288 890 1348 eoopoe
913 1269 1021 1331 Cariati
1040 1288 1162 1331 eamme

605 1374 668 1416 oon
687 1361 795 1433 potuit.

243 1477 302 1539 Vix
316 1477 372 1537 duo
387 1479 454 1538 anni
467 1484 535 1538 sunt
548 1476 645 1554 elapsi,
668 1475 746 1554 quod
757 1495 911 1539 conversus
931 1475 1048 1554 quidam
1066 1476 1106 1538 de
1126 1478 1228 1540 ordine

178 1571 276 1626 nosue
298 1565 456 1625 infirmatus
479 1571 523 1624 est
543 1566 686 1641 graviter,
707 1567 737 1624 in
759 1565 890 1625 Pictavia
912 1564 997 1625 domo
1020 1581 1098 1641 quae
1122 1565 1229 1626 dicitur
1273 1581 1274 1594 ¹

177 1651 395 1729 Fumoringens.
444 1650 532 1711 Cuius
562 1651 769 1712 confessionem
810 1669 876 1712 cum
907 1651 1010 1712 Abbas
1050 1651 1229 1727 audivisset,

179 1755 302 1815 eumque
316 1742 385 1798 satis
400 1739 549 1816 diligenter
561 1737 599 1798 ad
612 1736 842 1798 emundationem
855 1741 1045 1799 eonscientiae
1057 1742 1229 1814 monuisset,
1242 1789 1247 1800 .

178 1825 297 1886 allatum
321 1833 364 1885 est
382 1827 407 1884 ei
429 1842 533 1901 corpus
547 1826 673 1891 Domini.
716 1825 802 1902 Quod
824 1825 939 1901 quidem
961 1831 1060 1903 aperto
1083 1842 1136 1886 ore
1161 1845 1229 1886 sus·
1273 1839 1274 1890 l

179 1915 264 1990 cepit,
284 1912 335 1972 sed
357 1929 390 1972 os
404 1912 441 1973 ad
462 1912 672 1972 masticandum
687 1909 704 1993 ¹)
727 1911 861 1973 claudere
881 1931 941 1973 non
963 1915 1064 1988 potuit.
1108 1912 1227 1973 Miran-
1273 1895 1274 1980 l

178 2001 255 2060 tibus
283 2001 422 2060 universis
445 2002 494 2076 qui
515 1999 649 2074 aderant,
678 1999 811 2060 sacerdos
834 2007 1044 2060 sacramentum
1067 1997 1226 2060 extrahens

97 2076 100 2088 ’
178 2085 261 2148 citeri
283 2086 361 2146 dedit
381 2086 501 2161 infirmo,
524 2086 601 2162 quod
622 2087 669 2146 ille
693 2087 797 2146 devote
819 2091 888 2147 satis
911 2090 972 2146 sine
994 2087 1072 2146 omni
1094 2089 1227 2164 suscepit

177 2173 390 2251 impedimento.
432 2173 498 2234 Non
519 2173 610 2233 multo
632 2181 698 2249 post
720 2190 874 2233 conversus
895 2173 972 2233 idem
1004 2180 1136 2232 mortuus
1162 2181 1225 2249 eet3

179 2267 209 2322 et
229 2278 317 2321 eausa
338 2260 533 2320 salutemeius
554 2261 712 2336 impediens
735 2260 880 2320 declarata
902 2269 954 2320 est.
996 2260 1072 2319 Nam
1095 2262 1226 2336 quinque

178 2346 270 2422 solidi,
287 2365 345 2406 non
359 2349 495 2424 argentei,
516 2346 567 2406 sed
581 2349 665 2422 aerei,
688 2365 753 2406 cum
770 2353 846 2407 esset
866 2346 1035 2422 abluendus,
1057 2348 1135 2406 circa
1159 2365 1227 2407 eum

177 2435 287 2494 inventi
309 2441 384 2497 sunt.
428 2434 494 2494 Non
516 2437 591 2493 onim
607 2437 632 2494 ei
645 2435 725 2494 licuit
738 2434 846 2493 habere
867 2436 1027 2510 pecuniam.
1069 2432 1110 2492 Et
1132 2433 1226 2510 glori·
1273 2471 1274 2476 κ

178 2521 338 2581 ficaverunt
351 2521 446 2580 Deum
468 2521 598 2580 videntes
620 2521 702 2582 haec.
745 2521 794 2588 Ad
815 2521 984 2580 mandatum
1004 2537 1074 2580 vero
1096 2518 1227 2580 Abbatls

178 2609 208 2667 in
230 2626 332 2684 campo
344 2605 366 2689 ²)
388 2607 517 2684 sepultus
539 2614 598 2684 est,
627 2615 656 2668 et
676 2626 763 2683 super
784 2625 852 2667 eum
872 2608 958 2668 iidem
979 2606 1063 2667 solidi
1084 2610 1227 2683 proiecti,

179 2695 339 2756 dicentibus
368 2697 500 2755 omnibus
529 2697 578 2771 qui
607 2695 744 2755 aderant:
766 2695 909 2776 Pecunia*
925 2699 976 2753 tua
1004 2699 1100 2753 tecum
1129 2696 1172 2754 sit
1198 2696 1227 2752 in

178 2781 366 2860 perditionem
378 2779 408 2863 ³).
451 2781 534 2842 Haec
556 2799 621 2841 oum
642 2782 719 2841 idem
740 2781 843 2842 Abbas
865 2783 1013 2841 recitasset
1032 2782 1062 2840 in
1090 2784 1228 2857 proximo
1273 2801 1274 2864 l

180 2869 313 2946 Capitulo
334 2869 476 2946 generali,
498 2869 663 2929 subiunxit:
685 2869 723 2928 Et
737 2875 769 2927 ut
785 2870 881 2928 sciatis
902 2868 1011 2928 nullam
1032 2868 1121 2928 luisse
1143 2868 1228 2926 infir·
1273 2865 1274 2942 f

178 2959 308 3017 mitatem
329 2959 359 3015 in
382 2974 484 3031 causa,
502 2973 606 3032 ,quare
628 2973 731 3032 corpus
752 2955 870 3016 Domini
892 2972 1005 3015 sumere
1027 2972 1086 3014 non
1108 2961 1229 3030 posset,
1273 2953 1274 3014 l

132 3109 134 3114 ,
179 3043 281 3104 eadem
302 3043 348 3103 die
377 3042 513 3120 gallinam
546 3046 686 3120 integram
725 3043 858 3102 comedit.
908 3041 1040 3102 Aestimo
1076 3042 1131 3101 tibi
1170 3045 1229 3102 iam
1273 3061 1274 3122 ]

179 3131 358 3191 satisfactum
379 3129 457 3206 quod
479 3131 532 3189 sub
555 3133 651 3206 specie
673 3131 756 3207 panis
778 3133 815 3189 sit
842 3147 943 3190 verum
972 3145 1075 3204 corpus
1100 3127 1230 3202 Christi,
1273 3131 1274 3176 l

179 3224 209 3278 et
231 3219 285 3278 sub
308 3220 402 3294 specie
424 3220 482 3276 vini
504 3223 570 3294 post
592 3215 836 3277 consecrationem
857 3234 942 3276 verus
964 3218 1080 3293 sanguis
1104 3215 1231 3288 Christi,
1273 3233 1274 3248 ¹

179 3311 209 3365 et
230 3305 308 3382 quod
320 3304 405 3380 digne
427 3304 608 3364 conficientes
630 3311 717 3381 atque
739 3310 884 3364 sumentes
906 3309 1066 3362 mereantur
1086 3305 1232 3378 gratiam,
1273 3303 1274 3312 ‘

178 3392 296 3468 indigne
333 3409 402 3451 vero
436 3389 602 3471 poenams).
645 3390 853 3451 NOVICIUS:
882 3391 977 3449 Etiam
1013 3392 1035 3448 si
1072 3388 1109 3448 de
1122 3385 1145 3470 ⁵)
1184 3389 1232 3447 his
1273 3435 1274 3438 η

180 3478 371 3553 dubitassem,
408 3478 513 3537 amodo
548 3477 678 3538 dubitare
711 3495 769 3537 non
812 3495 937 3554 possem.
984 3474 1232 3536 MONACHUS:

198 3596 230 3664 l)
248 3593 291 3647 Cl)
309 3593 659 3662 manducandum-2)
678 3594 767 3666 llornil.
786 3594 827 3646 tv.
846 3611 871 3662 p.
889 3594 954 3644 247:
973 3591 1158 3663 „Proprietarii
1176 3594 1233 3644 sin-

249 3663 314 3733 gulis
333 3666 404 3716 annis
416 3667 676 3728 excommunicantur3
694 3674 720 3716 et
738 3667 759 3716 si
777 3667 803 3716 iu
821 3680 908 3716 eorum
927 3671 1008 3715 morte
1020 3661 1150 3714 modicum
1169 3661 1232 3730 quid

249 3735 380 3786 inventurn
398 3734 487 3796 luerit,
511 3734 578 3803 quod
596 3737 775 3802 proprietatem
794 3735 891 3802 sapiat,
913 3741 985 3784 extra
1002 3734 1156 3784 cimiterium
1174 3733 1233 3784 sine

249 3804 365 3856 omnibus
383 3803 512 3855 benefieiis
525 3803 683 3856 Christianae
699 3804 829 3873 religionis
847 3819 917 3854 ruore
934 3801 1077 3854 animalium
1095 3801 1232 3854 brutorum

250 3872 431 3941 sepeliuntur.“
448 3903 479 3913 -
499 3874 531 3941 3)
549 3874 605 3926 Act.
624 3875 650 3939 8,
666 3875 709 3926 20.
724 3903 752 3914 -
767 3875 799 3942 4)
817 3873 881 3926 ΑΒΡ
899 3871 1034 3940 culpam.
1047 3901 1078 3912 -
1095 3871 1129 3940 5)
1148 3870 1170 3924 C
1189 3873 1232 3922 in.
