2654 4308
163 255 233 332 ,ltu
487 248 714 312 DISTINGTIO
737 248 902 313 octavu

168 371 321 454 Baptista?
341 369 391 434 Ad
405 371 483 448 quod
501 371 552 434 illa
572 374 634 434 sine
655 375 733 434 omni
753 371 958 434 deliberatione
979 371 1141 451 respondit:
1163 371 1212 436 De

169 467 270 522 sancto
303 458 453 536 Johanne,
479 459 515 520 de
542 466 642 521 saneto
671 459 814 522 Johanna
863 459 994 538 Cumque
1022 460 1060 521 ad
1081 467 1213 524 extrema

169 547 361 625 pervenisset,
390 563 549 623 compassa.
567 549 657 608 sorori
686 548 740 607 sibi
768 549 915 622 servienti,
937 551 993 608 ait:
1022 547 1106 609 Vade
1128 565 1212 610 soror

170 651 257 710 snper
277 633 428 710 solarium,
449 639 479 694 et
499 635 615 709 quiesce
636 634 789 694 modicum.
833 633 919 710 Quod
941 652 1008 696 cum
1028 635 1159 712 fecisset,
1182 641 1212 696 et

170 720 228 782 levi
237 716 255 800 ι)
291 736 395 797 sopore
431 722 589 797 quiesceret
597 717 634 801 ²),
665 720 831 781 huiusmodi
857 737 960 782 vocem
988 739 1041 798 per
1076 738 1212 782 somnum

169 807 293 868 audivit:
316 806 393 884 Quid
413 807 461 868 hio
481 805 580 866 iaces?
623 807 747 868 smetus
767 806 918 868 lohannes
938 808 1072 884 Baptista
1092 810 1211 870 inferius

169 900 214 955 est
245 911 311 954 cunr
350 911 448 955 sorore
481 893 673 970 Hildegnnde.
722 893 789 954 Hoc
824 894 866 954 illi
895 911 1003 955 nomen
1038 901 1107 955 erat
1159 895 1211 956 Ad

169 997 257 1058 quam
277 998 380 1042 vocem
400 980 622 1042 sanctimonialis
643 982 850 1058 expergefacta,
870 981 1009 1060 neglectis
1028 983 1159 1043 vestibus
1179 984 1212 1044 in

169 1070 287 1130 camisia
319 1066 481 1141 descendit,
513 1072 542 1126 et
572 1068 631 1126 iarn
662 1067 741 1126 illam
769 1070 930 1143 exspirasse
958 1071 1075 1129 invenit.
1125 1068 1224 1130 Circa'

169 1173 256 1231 quam
277 1161 338 1214 tam
351 1155 538 1214 suavissimus
559 1153 631 1232 odor
651 1160 720 1228 erat,
741 1161 774 1213 nt
793 1171 851 1214 non
865 1154 1008 1216 dubitaret
1027 1155 1084 1215 illie
1106 1155 1212 1218 adesse

168 1243 358 1318 praesentiam
370 1240 624 1316 sanctiJohannis,
645 1243 694 1317 qui
707 1242 833 1300 ammam
854 1258 925 1302 suae
947 1241 1096 1302 dilectricis
1114 1242 1211 1304 choris

168 1330 290 1406 sociaret
309 1327 454 1404 angelicis
496 1327 630 1387 Narravit
650 1327 720 1386 mihi
741 1334 771 1387 et
791 1328 878 1388 aliam
898 1329 1052 1405 visionem,
1077 1330 1132 1390 ista
1153 1329 1213 1390 ad-

169 1411 226 1476 huc
253 1393 462 1488 iucundiorem,
491 1431 578 1489 quam
606 1415 661 1474 sibi
688 1431 706 1475 a
733 1415 871 1492 magistra
891 1412 1023 1476 domus'
1015 1433 1045 1474 m
1066 1432 1124 1492 qua
1145 1419 1213 1478 visa

168 1509 213 1562 est
234 1501 349 1564 dicebat
369 1518 433 1561 esse
453 1502 610 1562 recitatam

526 1689 760 1754 CAPITULUM
784 1691 835 1752 LI.

190 1807 238 1873 D'c
259 1812 377 1873 duadru
397 1811 575 1872 monialibus
590 1811 831 1872 contendentium
846 1829 907 1888 pro
929 1820 1031 1874 coacto
1044 1813 1188 1874 Jotoana

448 1900 588 1976 Baptista
615 1906 706 1976 atque
726 1899 927 1976 Eooupelsato.

232 2020 317 2082 Duae
339 2020 569 2082 sanctimoniales
590 2021 680 2095 diere,
701 2027 730 2080 et
751 2019 846 2081 adhuc
868 2026 935 2081 sunt
956 2027 989 2080 ut
1008 2027 1078 2098 puto
1099 2022 1128 2081 in
1144 2021 1212 2082 Ln-
1311 2055 1312 2064 1

168 2106 257 2189 terei)
285 2111 456 2168 monasterio
478 2107 628 2168 Dioecesis
648 2105 847 2182 Trevereneis,
876 2124 912 2167 ax
934 2108 1037 2184 quibus
1059 2125 1118 2169 una
1137 2125 1211 2185 spe·

168 2194 277 2256 cialiter
304 2195 440 2272 diligebat
468 2200 600 2254 sanetum
625 2192 790 2254 Johannem
815 2193 991 2271 Bapn'stam,
1019 2193 1110 2266 altera
1138 2213 1211 2258 vero

167 2288 298 2342 sanctum
323 2281 488 2343 Johannem
514 2279 738 2358 Evangelistam.
781 2281 863 2358 Quae
892 2284 1024 2357 quotiens
1052 2285 1212 2344 convenie-

167 2369 246 2443 bant,
255 2371 328 2428 inter
339 2386 371 2430 se
385 2368 421 2428 de
436 2367 548 2432 illorum
565 2370 710 2427 maioritat
711 2384 727 2426 e
697 2367 959 2444 teontendebant,
972 2371 1013 2427 ita
1025 2373 1059 2428 ut
1071 2370 1212 2446 magistra

167 2455 340 2533 quandoque
361 2456 410 2515 vix
430 2461 529 2531 posset
550 2471 599 2514 eas
622 2471 811 2530 compescere.
853 2454 908 2514 Illa
928 2456 1025 2537 omnia
1046 2454 1142 2515 dilecti
1164 2459 1212 2516 sni

109 2613 113 2622 Δ
167 2537 399 2621 praevilegia⁴)
391 2560 421 2601 ιιι
441 2531 568 2602 medium
589 2542 775 2617 proponebat,
797 2543 843 2600 cui
864 2543 920 2600 ista
940 2543 985 2600 sui
1006 2540 1101 2602 dilecti
1120 2559 1212 2618 prae-

167 2630 304 2706 negativis
332 2628 426 2688 valide
448 2630 518 2688 eatis
539 2624 717 2707 0111111111)
758 2628 852 2688 Nocte
873 2627 999 2703 quadam
1021 2635 1088 2688 ante
1109 2637 1211 2689 matu-

167 2717 242 2774 tinas
274 2722 390 2777 sanctus
420 2713 570 2794 lohannes
602 2715 736 2791 Baptista
768 2731 838 2775 snae
862 2714 1046 2774 dilectrici
1038 2734 1067 2775 m
1099 2720 1211 2778 somnis

167 2819 317 2878 apparens,
338 2805 379 2863 sie
399 2803 451 2862 ait:
472 2802 575 2878 Soror,
596 2803 710 2862 noveris
731 2808 863 2861 sanctum
883 2799 1048 2863 Johannem
1068 2801 1211 2881 Evange-

167 2888 262 2948 listam
281 2907 328 2948 me
347 2892 493 2950 maiorem.
515 2887 671 2964 Nunquam
692 2888 785 2954 ,homo
815 2890 920 2949 castior
939 2888 992 2949 fuit
1018 2887 1083 2965 illo,
1110 2897 1211 2952 mente

167 2975 252 3036 simul
265 2983 294 3035 et
308 2993 427 3053 corpore
440 2977 530 3051 virgo.
572 2973 673 3051 Ipsum
688 2975 816 3034 Christum
831 2973 870 3034 ad
883 2973 1087 3051 Apostolatum
1105 2974 1210 3056 elegit3

166 3065 261 3138 ipsum
273 3065 373 3122 ceteris
384 3062 531 3138 Apostolis
542 3061 607 3138 plus
620 3061 730 3138 dilexit;
742 3063 796 3140 ipsi
809 3061 929 3138 gloriam
939 3079 1008 3122 suae
1020 3061 1210 3141 transfigura-

166 3143 251 3210 tionis
263 3149 395 3210 ostendit
432 3150 500 3226 Ipse
513 3149 695 3208 beatissimus
707 3151 736 3206 in
750 3154 866 3224 pectore
879 3147 953 3209 Jesu
966 3151 996 3208 in
1010 3148 1108 3210 Coena
1122 3168 1209 3212 reon·

167 3235 242 3312 buit3
256 3239 317 3313 ipse
328 3237 457 3296 morienti
467 3238 567 3312 astitit3
577 3236 633 3311 ipsi
643 3236 744 3312 virgini
756 3234 885 3296 Christus
895 3237 975 3313 virgo
984 3242 1106 3296 matrem
1116 3239 1210 3315 virgi-

166 3339 234 3383 nem
254 3324 473 3384 commendavit
515 3320 582 3398 Ipse
605 3325 706 3382 ceteris
727 3321 918 3398 Evangelistis
939 3322 1025 3384 uitium
1045 3323 1158 3402 volans,
1179 3331 1210 3386 et

167 3409 267 3470 oculos
294 3412 396 3469 mentis
424 3411 453 3468 in
474 3415 567 3468 rotam
589 3408 743 3469 divinitatis
763 3408 876 3485 plenius
898 3408 1040 3486 defigens,
1067 3409 1208 3490 Evange-

166 3496 237 3556 lium
264 3514 348 3556 suum
377 3497 418 3556 sic
448 3513 565 3556 exorsus
594 3502 650 3556 ests
671 3495 711 3555 Ιιι
733 3499 881 3572 princepio
910 3504 976 3556 crat
1003 3495 1149 3570 Verbum,
1178 3505 1209 3560 ot

168 3590 271 3644 cetera.
314 3582 433 3661 Scripsit
446 3590 475 3642 et
491 3581 708 3660 Apocalypsin,
721 3599 779 3658 qua
799 3582 869 3642 nihil
881 3583 911 3642 in
925 3581 1096 3643 coelestibus
1107 3583 1207 3662 liguris

187 3749 348 3819 sputans.
368 3780 396 3791 -
424 3752 456 3821 2)
480 3752 500 3806 B
518 3753 754 3820 requiesceret.
774 3781 805 3793 -
830 3751 863 3821 3]
879 3751 922 3805 ΑΡ
944 3749 1128 3818 Luttere,G
1150 3751 1206 3806 Lo-

218 3827 335 3894 ¹utere.
355 3849 386 3861 -
405 3821 437 3893 t)
454 3821 541 3876 ACDP
558 3821 743 3892 privilegia
763 3851 794 3863 -
813 3822 845 3892 5)
863 3823 884 3876 l)
901 3820 1061 3878 obviavit.
