2594 4302
172 273 236 332 mo
436 283 471 318 ι
516 269 744 336 nrsrrncno
767 271 878 336 nous
971 251 975 258 ’

171 390 370 454 Everhardum
391 391 600 455 Scholasticum
629 393 782 471 ccclesias,
811 396 860 472 qui
888 393 998 470 etipse
1020 395 1213 454 communioni

171 481 321 555 intererat,
348 483 403 540 ait:
435 479 626 557 Interrogavit
647 482 780 558 sacerdos
800 481 944 539 infirmum
964 481 1045 540 illum
1065 481 1155 556 bena,
1185 488 1214 541 et

131 623 134 628 .
171 566 318 641 respondit
337 566 385 628 ille
398 566 493 630 benet
507 567 611 643 Etiam,
631 571 731 646 inquit
753 569 811 645 Qui
831 569 914 628 aliter
935 567 1032 644 credit,
1051 567 1215 628 hacreticus

162 658 226 726 ,est
277 653 358 714 Tunc
389 653 494 714 Petrus
526 653 650 731 eisdam,
681 662 840 732 pectusque
871 654 1010 730 tundens,
1041 655 1218 715 exclamavit

173 739 285 799 dicens:
307 739 372 800 Vae
393 741 463 800 mihi
484 742 587 801 misero
609 742 760 817 sacerdoti,
781 740 926 818 quomodo
946 741 1087 802 hactenus
1110 744 1217 802 missas

173 825 335 887 celebravi?
396 825 471 887 Nam
499 845 591 903 usque
620 827 658 888 ad
686 829 762 888 hanc
789 829 891 888 horam
919 829 1059 906 putabam
1087 831 1219 904 speciem

171 915 255 991 panis
283 919 312 974 et
333 915 392 973 vini
418 921 485 991 post
506 919 749 976 consecrationem
769 923 882 975 tantum
903 933 966 975 esse
988 922 1218 991 sacramentum,

171 1000 202 1060 id
224 1006 269 1061 est
289 1003 402 1078 signum
424 1008 453 1062 et
473 1005 763 1078 repraesentationem
783 1001 928 1062 Dominici
950 1005 1076 1080 corporis
1098 1009 1128 1062 et
1145 1020 1219 1062 san·

161 1089 276 1166 'guinis
317 1087 425 1148 Postea
445 1105 515 1148 vero
537 1088 575 1148 ad
597 1089 767 1149 deletionem
788 1089 916 1149 eiusdem
939 1091 1117 1168 ignorantiae
1140 1106 1218 1166 quac

172 1176 256 1235 nimis
284 1181 345 1235 erat
367 1191 478 1251 crassa,
509 1178 545 1234 in
567 1175 675 1236 honore
698 1177 801 1236 beatae
829 1176 940 1237 Mariae
961 1175 1156 1254 Magdalcnae
1188 1178 1218 1236 in

162 1261 356 1340 ‘Stolgingaae
367 1259 385 1344 ¹)
404 1269 433 1321 et
449 1261 588 1338 capellam
603 1270 632 1323 et
644 1263 786 1341 hospitale
807 1265 837 1322 in
859 1265 963 1339 quibus
984 1281 1062 1322 nunc
1082 1261 1220 1325 habitant

172 1348 389 1434 Praedicatores
402 1349 574 1409 aedificavit
616 1350 647 1410 Si
669 1367 738 1410 vero
753 1350 887 1410 sacerdos
906 1350 1056 1425 litteratus,
1077 1357 1107 1409 et
1120 1351 1220 1411 bonae

164 1435 329 1510 ¹admodum
352 1438 445 1511 vitae,
478 1438 519 1496 sic
544 1453 637 1496 errare
663 1439 771 1514 potnit,
804 1437 873 1514 quid
895 1437 989 1497 dicam
1010 1437 1047 1496 de
1068 1435 1168 1498 idiotis
1192 1445 1222 1498 et

164 1522 278 1584 ¹surdis?
330 1521 533 1583 NOVICIUS:
576 1523 608 1584 Si
647 1523 776 1584 Christus
816 1527 846 1583 in
884 1525 968 1583 altari
995 1527 1104 1584 tama
1133 1524 1221 1585 malis

162 1603 261 1687 'quam
289 1625 309 1669 a
336 1611 420 1670 bonis
447 1615 585 1670 tractatur
607 1615 636 1670 et
657 1614 792 1688 sumitur,
823 1615 894 1694 puto
917 1610 994 1686 quod
1015 1609 1108 1670 malos
1131 1611 1222 1673 valde

164 1691 289 1782 ‘indigns
307 1700 449 1774 respiciat
477 1695 714 1758 MONACHUS:
735 1698 896 1774 Respectus
918 1697 1022 1757 Christi
1042 1714 1101 1757 non
1121 1705 1224 1775 potest

164 1788 238 1845 ‘esse
259 1786 320 1844 sine
333 1783 535 1862 misericordia,
557 1782 638 1865 sed²)
660 1785 819 1846 secundum
840 1785 1021 1861 subsequens
1041 1783 1224 1863 exemplum,

164 1865 253 1948 ¹quod
273 1871 461 1950 periculosius
482 1879 534 1949 est,
554 1871 658 1933 faciem
679 1873 783 1933 avertit
803 1873 842 1933 ab
865 1874 914 1932 eis.

520 2063 754 2126 CAPITULUM
777 2063 872 2126 LVII.

164 2213 167 2220 ·
251 2189 300 2249 De
319 2187 469 2248 sacerdota
490 2188 570 2247 mato
593 2205 614 2246 α
635 2204 695 2263 quo
716 2187 818 2264 infans
841 2185 1005 2248 curatus
994 2205 1027 2247 m
1047 2188 1141 2246 missa

571 2274 679 2352 facim
701 2277 816 2334 avertit

166 2401 170 2408 '
239 2395 381 2458 Sacerdos
410 2395 527 2473 quidam
556 2413 623 2456 cum
650 2398 768 2478 missam
790 2395 909 2472 diceret,
939 2401 968 2456 et
989 2393 1093 2456 Christi
1116 2413 1225 2474 corpus

175 2485 204 2543 in
232 2484 366 2544 manibus
393 2483 528 2561 haberet,
560 2483 677 2564 quidam
707 2501 743 2542 ex
755 2440 1013 2562 circumstantibus
1034 2484 1064 2542 in
1085 2485 1225 2544 manibus

175 2572 237 2632 eius
266 2588 388 2648 puerum
416 2571 503 2646 vidit,
528 2571 602 2631 facis
631 2571 669 2630 ab
692 2587 727 2630 eo
749 2586 860 2630 aversa.
904 2569 991 2646 Quod
1012 2569 1062 2628 ubi
1085 2573 1224 2647 agnovit,

175 2661 356 2719 aversionem
377 2658 499 2719 eandem
519 2660 621 2718 merito
650 2659 777 2734 peccatis
798 2659 857 2716 suis
866 2653 887 2736 ³)
908 2655 1066 2732 imputans,
1087 2657 1225 2717 turbatus

176 2752 235 2821 est,
265 2747 307 2805 ita
339 2751 372 2805 ut
399 2745 493 2806 dicem
521 2751 620 2822 posset
649 2761 715 2806 cum
742 2743 912 2804 Psalmista:
943 2736 1085 2804 Averdstt
1111 2743 1225 2821 facien

176 2841 262 2895 tuum
300 2851 321 2892 α
358 2851 420 2907 me,
453 2839 481 2892 ct
507 2834 607 2910 foetus
642 2849 709 2891 sum
737 2827 974 2901 conturbatw).
1022 2829 1115 2905 Spero
1143 2829 1225 2907 quod

175 2926 278 2999 postea
309 2922 400 2980 vitum
421 2937 504 2980 suam
526 2918 729 2980 emendaverit
772 2917 953 2994 Quibusdam
975 2919 1061 2978 etiam
1083 2917 1225 2979 sacerdo-

177 3009 255 3068 tibus
283 3006 399 3084 indigne
421 3005 645 3081 conficientibus,
665 3007 730 3082 pins
750 3003 894 3066 Dominus
915 3009 1129 3066 sacramentum
1150 3005 1225 3066 sub-

176 3094 272 3172 trahit,
292 3111 330 3156 ne
350 3095 406 3156 sibi
425 3093 465 3154 ad
484 3092 622 3172 iudicium
642 3092 713 3153 illud
737 3097 862 3153 sumant.

512 3283 746 3346 CAPITULUM
773 3283 884 3344 LVHI.

176 3411 226 3471 De
246 3409 371 3470 morso
392 3407 543 3468 occadotc
570 3410 622 3484 qui
649 3423 755 3482 corpus
777 3406 902 3465 Domini
922 3408 955 3465 ia
976 3408 1066 3466 mtto
1085 3407 1226 3482 perdidit

244 3529 369 3609 Quidam
397 3528 532 3592 sacerdos
560 3527 692 3589 Erwinus
718 3529 849 3603 nomine,
878 3526 1014 3587 Coloniae
1042 3527 1072 3586 in
1100 3527 1227 3590 ecclesia

173 3619 257 3686 ¹beati
276 3619 355 3681 Petri
384 3617 424 3678 ad
443 3617 534 3678 altare
555 3622 673 3711 sanctae
694 3617 787 3676 crucis
808 3617 911 3674 missas
932 3613 1077 3676 celebrare
1098 3631 1227 3678 consue-

197 3787 230 3858 1)
246 3793 324 3840 strata
336 3786 444 3839 civitatis
455 3783 585 3850 Coloniae,
601 3781 851 3852 hodioStolckgnsse
868 3769 992 3836 dictu.-
1006 3783 1039 3848 2)
1057 3781 1114 3835 sed
1130 3781 1225 3836 sudu.

251 3856 334 3926 -3)
351 3855 395 3911 Bc
412 3856 560 3926 pcccatis
578 3855 645 3908 suis
664 3854 842 3908 meritc-
811 3853 895 3923 -t)
911 3850 980 3907 Psoi.
997 3852 1042 3920 29,
1058 3852 1085 3906 8
