2664 4308
458 295 516 372 ‘nn
538 308 695 398 eunoun
716 309 857 372 ulma.
1140 311 1179 370 rs

142 438 189 492 tue
216 433 298 493 eitius
328 429 511 492 convalescit.
560 432 643 491 Haec
671 432 740 491 mihi
768 432 864 492 retulit
891 432 998 494 beatae
1026 433 1184 492 memoriae

142 518 288 578 Walterus
310 517 347 578 de
368 519 501 578 Birbech.
523 551 565 561 -
587 518 729 595 Tempore
760 519 885 596 quodam
907 536 973 578 cum
996 517 1180 578 commende·

141 607 250 665 tionem
270 603 395 664 hominis
417 608 520 664 mortui
539 606 652 680 laceret,
673 613 803 665 mortuus
823 606 870 664 ille
892 606 1021 664 surrexit.
1052 605 1181 682 Fugien-

141 692 219 752 tibus
241 692 374 752 omnibus
396 694 445 767 qui
466 690 593 767 aderant,
613 692 686 768 fugit
707 696 817 768 etipse
840 691 1026 766 Christianae,
1046 695 1189 767 venitque·

141 777 277 854 fugiendo
299 778 337 837 ad
357 778 485 853 fluvium,
507 781 556 855 qui
576 795 635 838 non
656 778 742 854 longe
756 779 858 838 aberat
869 774 895 858 ¹).
938 776 1032 854 Quem
1052 784 1182 837 mortuus

143 882 267 941 sequens
289 864 424 924 clamavit
444 872 510 941 post
530 872 642 942 tergum
664 867 725 924 eius
747 865 859 925 haene:
888 865 1026 939 Domine,
1048 872 1092 925 est
1112 864 1182 922 mihi

143 951 220 1012 domi
242 953 315 1011 aries
338 954 478 1028 optimus,
507 952 596 1011 tollite
616 953 712 1027 illum,
741 958 770 1011 et
798 958 877 1011 orate
904 968 956 1028 pro
978 967 1034 1010 rna.
1076 952 1181 1028 Sisque

143 1037 181 1098 ad
194 1039 330 1098 feretrum
353 1039 389 1097 de
411 1056 468 1114 quo
487 1039 614 1098 exilierat
626 1055 767 1113 reversus,
788 1045 917 1098 mortuus
940 1044 983 1098 eet
991 1035 1011 1118 ²)
1034 1043 1063 1098 et
1083 1036 1181 1114 eapul-

142 1133 197 1184 tus.
220 1157 263 1168 -
285 1126 423 1184 Habebat
436 1131 532 1192 autem
546 1132 660 1200 praeter
672 1125 849 1202 praedictam
864 1125 1012 1201 capellam,
1030 1124 1182 1185 ecelesiam

143 1211 309 1289 legitimam,
331 1215 412 1272 euius
430 1212 534 1271 Pastor
555 1218 623 1286 erat,
643 1212 682 1270 ad
703 1229 791 1288 quam
813 1214 944 1288 quotiens
965 1213 1006 1271 ire
1028 1211 1182 1286 debuisset,

142 1299 263 1358 fluvium
292 1298 436 1374 quendam
463 1300 582 1358 bannire
610 1299 745 1359 habebat
788 1298 845 1375 Qui
874 1316 940 1358 cum
971 1300 1064 1358 minor
1091 1304 1182 1373 esset,

144 1401 219 1460 equo
240 1392 356 1445 vectore
378 1386 458 1444 illum
478 1384 699 1460 transvadabat3
724 1403 791 1446 cum
811 1402 880 1446 vero
900 1384 1076 1460 inundasset,
1097 1387 1181 1444 navi-

143 1474 190 1548 gio
220 1473 370 1532 transibat.
413 1471 546 1548 Quodam
573 1475 660 1549 igitur
687 1478 815 1548 tempore
845 1490 911 1533 aum
939 1472 976 1532 ad
1004 1471 1124 1532 fluvium
1145 1471 1182 1530 de

143 1575 223 1619 more
245 1562 425 1635 accessisset,
457 1561 593 1618 maiorem
622 1576 709 1634 quam
732 1558 889 1620 crediderat
908 1561 1020 1635 reperit.
1061 1559 1182 1634 Propter

144 1645 222 1720 quod
241 1662 310 1732 eum
331 1664 363 1706 se
385 1652 415 1704 et
436 1663 542 1724 equum
563 1647 590 1705 ei
610 1648 786 1706 committere
807 1663 865 1706 non
886 1646 1020 1720 auderet,
1048 1653 1077 1705 et
1097 1647 1182 1705 navi-

143 1731 210 1792 cula
239 1732 367 1807 deesset,
396 1739 426 1792 et
451 1731 601 1809 paululum
629 1731 698 1807 quid
718 1732 880 1792 iaciendum
901 1739 978 1792 esset
999 1732 1182 1806 deliberaret,

144 1835 212 1878 ecce
241 1836 382 1895 apparens
411 1821 437 1878 ei
465 1820 551 1879 beata
572 1819 665 1878 Maria
685 1818 875 1896 Magdaleua,
906 1818 1095 1895 apprehendit
1116 1835 1182 1878 eum

144 1905 180 1966 de
202 1908 372 1966 vestimento
394 1924 481 1982 supra
502 1905 622 1980 collum,
644 1911 673 1965 et
692 1909 722 1964 in
743 1905 1016 1982 ulterioremripam
1037 1904 1182 1981 deposuit,

143 1993 184 2052 ita
212 1998 245 2050 ut
274 1994 392 2053 eratin
421 2009 495 2069 equo
527 1992 683 2052 sedentem.
725 1992 833 2052 Laetus
853 1995 951 2068 itaque
972 1992 1010 2052 ad
1031 1992 1183 2052 ecclesiam

144 2081 283 2155 pervenit,
305 2086 335 2138 et
355 2080 451 2139 divina
474 2079 618 2140 celebrare
632 2096 750 2139 exorsus
772 2086 824 2151 ast,
845 2077 954 2138 nullum
967 2079 1077 2140 habene
1097 2078 1182 2138 adiu·

144 2173 252 2240 torem,
280 2168 334 2225 nisi
361 2169 499 2226 rusticum
527 2166 664 2226 ecclesiae
687 2166 844 2242 custodem.
886 2167 979 2225 Beata
998 2182 1068 2226 vero
1089 2165 1184 2225 Maria

144 2251 345 2330 Magdalena,
363 2271 438 2328 quae
458 2252 623 2313 mirabiliter
643 2271 709 2312 eum
730 2253 797 2312 illuc
817 2252 965 2329 perduxit,
996 2254 1100 2312 missae
1122 2253 1183 2312 eius

144 2341 282 2400 interesse
310 2358 368 2400 non
395 2341 499 2418 refugit
509 2337 540 2420 ⁸).
587 2341 662 2400 Nam
691 2343 822 2417 quotiens
844 2357 875 2399 se
896 2341 1027 2400 vertebat
1047 2339 1183 2399 dicendo:

144 2424 287 2486 Dominus
309 2428 473 2501 vobiscum,
505 2426 577 2486 vidit
596 2435 757 2486 matronam
778 2427 1094 2494 reverendissimamin
1116 2441 1183 2486 cra-

144 2515 217 2574 torio
240 2512 481 2574 deambulantem.
522 2514 557 2572 In
579 2510 669 2593 quat)
690 2514 801 2573 nullum
822 2516 915 2574 sciens
937 2531 1000 2573 esse
1021 2511 1184 2574 mortalium

144 2597 287 2680 praeter⁵)
308 2601 486 2676 praedictum
508 2601 665 2677 custodem,
689 2601 812 2662 eundem
833 2603 921 2660 missa
940 2600 1021 2659 finita
1042 2602 1184 2674 convenit,

143 2689 330 2764 hrterrogans,
352 2690 376 2746 si
393 2688 501 2764 abquid
514 2688 640 2748 vidisset.
682 2687 750 2764 Ipse
771 2694 868 2747 autem
890 2694 919 2746 et
940 2704 971 2747 se
993 2705 1058 2747 eam
1078 2686 1184 2746 vidisse

143 2775 301 2834 asserebat
323 2807 365 2817 -
388 2773 471 2851 Quia,
493 2779 565 2834 teste
578 2777 726 2851 scriptura,
748 2774 865 2852 dignum
880 2781 925 2835 eet
944 2777 1085 2834 attactus
1098 2777 1183 2833 teati-

142 2861 247 2936 ficctur
269 2861 381 2935 adlice,
411 2870 439 2920 ct
466 2869 586 2921 canente
606 2863 803 2938 sanctificetur·
824 2858 970 2934 adduct),
1001 2861 1183 2920 considerans

144 2948 315 3008 venerabilis
336 2947 470 3008 sacerdos
491 2948 590 3007 mundi
610 2948 751 3023 pericula,
777 2947 883 3009 diaboli
902 2953 1091 3022 tentamenta,
1118 2965 1183 3007 ear·

144 3035 190 3094 nis
210 3037 369 3110 incentiva,
399 3035 496 3094 divina
516 3037 608 3112 gratia
628 3037 798 3111 inspirante,
826 3034 965 3094 mundum
986 3033 1124 3110 deseruit,
1154 3040 1184 3092 et

143 3122 286 3199 religionis
308 3121 438 3181 habitum
469 3124 499 3181 in
519 3121 732 3182 Hemmenrodo
753 3123 887 3197 suscepit.
929 3121 986 3181 Die
1008 3121 1134 3197 quadam
1153 3122 1183 3180 in

143 3208 248 3269 solario
261 3208 438 3284 probationis
450 3211 479 3266 in
492 3212 620 3274 oratione
635 3211 739 3283 iacens,
761 3208 838 3269 etde
854 3211 979 3284 eorporis
992 3211 1036 3268 eui
1051 3207 1183 3268 imbecil-

144 3294 239 3370 litate,
268 3294 374 3355 ordinis
402 3296 592 3370 districtione,
619 3298 777 3372 poenisque
805 3298 976 3372 purgatoriis
989 3292 1008 3374 ⁷)
1034 3298 1183 3372 ‘eogitana

143 3381 260 3442 taedere
293 3384 395 3457 eoepit
445 3382 483 3440 Et
497 3399 501 3407 ¹
514 3399 582 3441 mox
614 3383 736 3443 mirabili
767 3383 892 3458 quadam
920 3383 1026 3442 vidute
1057 3383 1183 3443 animam

143 3485 227 3528 suam
255 3485 274 3528 a
303 3485 422 3544 corpore
451 3471 575 3544 separari
603 3473 700 3530 sensit
741 3470 823 3530 Vidit
842 3477 871 3530 et
891 3470 1075 3546 sepulchrum
1096 3485 1182 3545 opere

143 3556 265 3616 mirilico
288 3571 384 3614 eoram
411 3571 443 3616 se
465 3557 664 3632 compositum.
706 3556 744 3615 Et
765 3572 832 3617 eece
853 3563 953 3617 sancta
974 3557 1030 3616 Dei
1052 3555 1182 3617 Genitrix

161 3738 232 3810 1)c
255 3738 446 3793 habebatur.
473 3771 501 3782 -
529 3740 599 3808 2)c
622 3759 779 3797 reversus
801 3751 851 3795 est
873 3752 1026 3796 mortuus.
1051 3771 1081 3782 -·
1105 3742 1138 3812 3)
1161 3743 1182 3797 0

213 3808 357 3878 defugit,
373 3841 403 3851 —
429 3811 461 3878 4)
480 3813 516 3864 sic
533 3810 597 3864 lihri.
617 3843 648 3853 -
672 3815 704 3885 5)
721 3811 761 3868 ct
783 3813 857 3869 uisi.
877 3843 908 3853 -
928 3813 960 3883 6)
977 3811 1058 3886 hpoc.
1078 3812 1120 3879 22,
1138 3813 1180 3868 11.

216 3909 246 3921 -
266 3879 298 3952 ⁷)
316 3879 378 3934 BCP
394 3883 587 3955 purgatorii.
