<?xml version="1.0" encoding="UTF-8"?>
<!DOCTYPE html PUBLIC "-//W3C//DTD XHTML 1.0 Transitional//EN"
    "http://www.w3.org/TR/xhtml1/DTD/xhtml1-transitional.dtd">
<html xmlns="http://www.w3.org/1999/xhtml" xml:lang="en" lang="en">
 <head>
  <title>
</title>
<meta http-equiv="Content-Type" content="text/html;charset=utf-8" />
  <meta name='ocr-system' content='tesseract 3.04.00' />
  <meta name='ocr-capabilities' content='ocr_page ocr_carea ocr_par ocr_line ocrx_word'/>
</head>
<body>
  <div class='ocr_page' id='page_1' title='image "./caesariiheister05stragoog/caesariiheister05stragoog_0328.png"; bbox 0 0 2642 4330; ppageno 0'>
   <div class='ocr_carea' id='block_1_1' title="bbox 480 231 1170 312">
    <p class='ocr_par' dir='ltr' id='par_1_1' title="bbox 480 231 1170 312">
     <span class='ocr_line' id='line_1_1' title="bbox 480 231 1170 312; baseline 0.006 -6"><span class='ocrx_word' id='word_1_1' title='bbox 480 245 535 306; x_wconf 84' lang='lat' dir='ltr'>ns</span> <span class='ocrx_word' id='word_1_2' title='bbox 556 231 827 310; x_wconf 77' lang='lat' dir='ltr'>nunuoumus.</span> <span class='ocrx_word' id='word_1_3' title='bbox 1109 253 1170 312; x_wconf 81' lang='lat' dir='ltr'>era</span> 
     </span>
    </p>
   </div>
   <div class='ocr_carea' id='block_1_2' title="bbox 48 367 1193 3484">
    <p class='ocr_par' dir='ltr' id='par_1_2' title="bbox 48 367 1193 3484">
     <span class='ocr_line' id='line_1_2' title="bbox 132 367 1174 448; baseline 0.006 -20"><span class='ocrx_word' id='word_1_4' title='bbox 132 375 194 429; x_wconf 88' lang='lat' dir='ltr'>tam</span> <span class='ocrx_word' id='word_1_5' title='bbox 237 367 316 445; x_wconf 89' lang='lat' dir='ltr'>apud</span> <span class='ocrx_word' id='word_1_6' title='bbox 358 367 564 428; x_wconf 87' lang='lat' dir='ltr'>Eberbaehnm</span> <span class='ocrx_word' id='word_1_7' title='bbox 606 383 695 446; x_wconf 81' lang='lat' dir='ltr'>quam</span> <span class='ocrx_word' id='word_1_8' title='bbox 736 369 814 446; x_wconf 86' lang='lat' dir='ltr'>apud</span> <span class='ocrx_word' id='word_1_9' title='bbox 854 375 1000 432; x_wconf 82' lang='lat' dir='ltr'>smctam&#39;</span> <span class='ocrx_word' id='word_1_10' title='bbox 1026 369 1174 448; x_wconf 85' lang='lat' dir='ltr'>Agathan</span> 
     </span>
     <span class='ocr_line' id='line_1_3' title="bbox 130 445 1173 535; baseline 0.006 -20"><span class='ocrx_word' id='word_1_11' title='bbox 130 472 224 532; x_wconf 84' lang='lat' dir='ltr'>nuper</span> <span class='ocrx_word' id='word_1_12' title='bbox 258 445 471 530; x_wconf 78' lang='lat' dir='ltr'>defunctomm,</span> <span class='ocrx_word' id='word_1_13' title='bbox 502 458 544 514; x_wconf 89' lang='lat' dir='ltr'>ita</span> <span class='ocrx_word' id='word_1_14' title='bbox 574 457 759 533; x_wconf 82' lang='lat' dir='ltr'>probabiliter</span> <span class='ocrx_word' id='word_1_15' title='bbox 791 456 827 517; x_wconf 90' lang='lat' dir='ltr'>de</span> <span class='ocrx_word' id='word_1_16' title='bbox 858 458 990 535; x_wconf 87' lang='lat' dir='ltr'>singulis,</span> <span class='ocrx_word' id='word_1_17' title='bbox 1021 475 1094 535; x_wconf 86' lang='lat' dir='ltr'>quos</span> <span class='ocrx_word' id='word_1_18' title='bbox 1125 466 1173 522; x_wconf 90' lang='lat' dir='ltr'>ta·</span> 
     </span>
     <span class='ocr_line' id='line_1_4' title="bbox 131 539 1173 623; baseline 0.005 -21"><span class='ocrx_word' id='word_1_19' title='bbox 131 560 199 602; x_wconf 90' lang='lat' dir='ltr'>men</span> <span class='ocrx_word' id='word_1_20' title='bbox 240 561 390 618; x_wconf 79' lang='lat' dir='ltr'>nimquam</span> <span class='ocrx_word' id='word_1_21' title='bbox 424 543 530 603; x_wconf 85' lang='lat' dir='ltr'>lemine</span> <span class='ocrx_word' id='word_1_22' title='bbox 542 539 558 623; x_wconf 84' lang='lat'>¹)</span> <span class='ocrx_word' id='word_1_23' title='bbox 597 544 722 619; x_wconf 81' lang='lat' dir='ltr'>viderat,</span> <span class='ocrx_word' id='word_1_24' title='bbox 759 544 898 620; x_wconf 81' lang='lat' dir='ltr'>disseruit,</span> <span class='ocrx_word' id='word_1_25' title='bbox 927 551 959 604; x_wconf 91' lang='lat' dir='ltr'>ut</span> <span class='ocrx_word' id='word_1_26' title='bbox 993 543 1097 606; x_wconf 87' lang='lat' dir='ltr'>Abbas</span> <span class='ocrx_word' id='word_1_27' title='bbox 1137 547 1173 608; x_wconf 92' lang='lat' dir='ltr'>de</span> 
     </span>
     <span class='ocr_line' id='line_1_5' title="bbox 130 629 1173 706; baseline 0.006 -18"><span class='ocrx_word' id='word_1_28' title='bbox 130 631 253 690; x_wconf 77' lang='lat' dir='ltr'>ventate</span> <span class='ocrx_word' id='word_1_29' title='bbox 290 629 362 688; x_wconf 88' lang='lat' dir='ltr'>nihil</span> <span class='ocrx_word' id='word_1_30' title='bbox 392 630 559 706; x_wconf 80' lang='lat' dir='ltr'>ambigeret.</span> <span class='ocrx_word' id='word_1_31' title='bbox 608 630 748 705; x_wconf 78' lang='lat' dir='ltr'>Dicebat,</span> <span class='ocrx_word' id='word_1_32' title='bbox 772 629 851 702; x_wconf 55' lang='lat' dir='ltr'>‚tales</span> <span class='ocrx_word' id='word_1_33' title='bbox 884 638 913 691; x_wconf 90' lang='lat' dir='ltr'>et</span> <span class='ocrx_word' id='word_1_34' title='bbox 943 631 1016 691; x_wconf 86' lang='lat' dir='ltr'>tales</span> <span class='ocrx_word' id='word_1_35' title='bbox 1049 650 1112 694; x_wconf 89' lang='lat' dir='ltr'>esse</span> <span class='ocrx_word' id='word_1_36' title='bbox 1143 635 1173 694; x_wconf 88' lang='lat' dir='ltr'>in</span> 
     </span>
     <span class='ocr_line' id='line_1_6' title="bbox 130 713 1172 798; baseline 0.007 -24"><span class='ocrx_word' id='word_1_37' title='bbox 130 715 238 794; x_wconf 86' lang='lat' dir='ltr'>gloria,</span> <span class='ocrx_word' id='word_1_38' title='bbox 267 713 340 776; x_wconf 90' lang='lat' dir='ltr'>alios</span> <span class='ocrx_word' id='word_1_39' title='bbox 360 716 465 798; x_wconf 83' lang='lat' dir='ltr'>adhuc</span> <span class='ocrx_word' id='word_1_40' title='bbox 493 719 522 774; x_wconf 92' lang='lat' dir='ltr'>in</span> <span class='ocrx_word' id='word_1_41' title='bbox 543 719 644 792; x_wconf 91' lang='lat' dir='ltr'>poenis</span> <span class='ocrx_word' id='word_1_42' title='bbox 672 715 823 796; x_wconf 87' lang='lat' dir='ltr'>retineri²).</span> <span class='ocrx_word' id='word_1_43' title='bbox 866 718 922 777; x_wconf 89' lang='lat' dir='ltr'>Pro</span> <span class='ocrx_word' id='word_1_44' title='bbox 945 720 1048 794; x_wconf 89' lang='lat' dir='ltr'>quibus</span> <span class='ocrx_word' id='word_1_45' title='bbox 1069 718 1172 781; x_wconf 84' lang='lat' dir='ltr'>Abbas</span> 
     </span>
     <span class='ocr_line' id='line_1_7' title="bbox 133 803 1172 878; baseline 0.004 -14"><span class='ocrx_word' id='word_1_46' title='bbox 133 805 278 864; x_wconf 85' lang='lat' dir='ltr'>orationes</span> <span class='ocrx_word' id='word_1_47' title='bbox 318 805 442 862; x_wconf 90' lang='lat' dir='ltr'>instituit</span> <span class='ocrx_word' id='word_1_48' title='bbox 481 803 627 878; x_wconf 81' lang='lat' dir='ltr'>speciales.</span> <span class='ocrx_word' id='word_1_49' title='bbox 688 804 826 864; x_wconf 82' lang='lat' dir='ltr'>Instruxit</span> <span class='ocrx_word' id='word_1_50' title='bbox 861 819 927 864; x_wconf 88' lang='lat' dir='ltr'>eum</span> <span class='ocrx_word' id='word_1_51' title='bbox 966 811 995 864; x_wconf 88' lang='lat' dir='ltr'>et</span> <span class='ocrx_word' id='word_1_52' title='bbox 1034 806 1070 866; x_wconf 87' lang='lat' dir='ltr'>de</span> <span class='ocrx_word' id='word_1_53' title='bbox 1109 807 1172 868; x_wconf 88' lang='lat' dir='ltr'>aliis</span> 
     </span>
     <span class='ocr_line' id='line_1_8' title="bbox 132 889 1171 968; baseline 0.006 -20"><span class='ocrx_word' id='word_1_54' title='bbox 132 889 244 966; x_wconf 89' lang='lat' dir='ltr'>multis,</span> <span class='ocrx_word' id='word_1_55' title='bbox 272 892 315 950; x_wconf 87' lang='lat' dir='ltr'>ita</span> <span class='ocrx_word' id='word_1_56' title='bbox 335 897 369 950; x_wconf 89' lang='lat' dir='ltr'>ut</span> <span class='ocrx_word' id='word_1_57' title='bbox 389 889 573 949; x_wconf 85' lang='lat' dir='ltr'>vehementer</span> <span class='ocrx_word' id='word_1_58' title='bbox 593 893 750 950; x_wconf 85' lang='lat' dir='ltr'>miraretur.</span> <span class='ocrx_word' id='word_1_59' title='bbox 794 889 901 950; x_wconf 83' lang='lat' dir='ltr'>Postea</span> <span class='ocrx_word' id='word_1_60' title='bbox 922 899 1039 968; x_wconf 87' lang='lat' dir='ltr'>rogatus</span> <span class='ocrx_word' id='word_1_61' title='bbox 1060 911 1078 953; x_wconf 90' lang='lat' dir='ltr'>a</span> <span class='ocrx_word' id='word_1_62' title='bbox 1101 911 1171 954; x_wconf 91' lang='lat' dir='ltr'>con·</span> 
     </span>
     <span class='ocr_line' id='line_1_9' title="bbox 133 976 1171 1052; baseline 0.003 -15"><span class='ocrx_word' id='word_1_63' title='bbox 133 993 236 1052; x_wconf 86' lang='lat' dir='ltr'>verso,</span> <span class='ocrx_word' id='word_1_64' title='bbox 262 982 297 1035; x_wconf 91' lang='lat' dir='ltr'>ut</span> <span class='ocrx_word' id='word_1_65' title='bbox 318 978 373 1036; x_wconf 93' lang='lat' dir='ltr'>sibi</span> <span class='ocrx_word' id='word_1_66' title='bbox 394 976 448 1036; x_wconf 91' lang='lat' dir='ltr'>soli</span> <span class='ocrx_word' id='word_1_67' title='bbox 471 994 536 1036; x_wconf 87' lang='lat' dir='ltr'>cum</span> <span class='ocrx_word' id='word_1_68' title='bbox 557 976 618 1036; x_wconf 90' lang='lat' dir='ltr'>solo</span> <span class='ocrx_word' id='word_1_69' title='bbox 639 977 717 1052; x_wconf 91' lang='lat' dir='ltr'>loqui</span> <span class='ocrx_word' id='word_1_70' title='bbox 738 977 845 1051; x_wconf 85' lang='lat' dir='ltr'>liceret,</span> <span class='ocrx_word' id='word_1_71' title='bbox 866 983 895 1036; x_wconf 92' lang='lat' dir='ltr'>et</span> <span class='ocrx_word' id='word_1_72' title='bbox 915 977 971 1037; x_wconf 93' lang='lat' dir='ltr'>hoc</span> <span class='ocrx_word' id='word_1_73' title='bbox 993 977 1096 1039; x_wconf 88' lang='lat' dir='ltr'>Abbas</span> <span class='ocrx_word' id='word_1_74' title='bbox 1117 999 1171 1040; x_wconf 90' lang='lat' dir='ltr'>an-</span> 
     </span>
     <span class='ocr_line' id='line_1_10' title="bbox 131 1053 1168 1139; baseline 0.004 -17"><span class='ocrx_word' id='word_1_75' title='bbox 131 1081 239 1138; x_wconf 91' lang='lat' dir='ltr'>nuens,</span> <span class='ocrx_word' id='word_1_76' title='bbox 277 1081 344 1123; x_wconf 89' lang='lat' dir='ltr'>cum</span> <span class='ocrx_word' id='word_1_77' title='bbox 375 1063 518 1122; x_wconf 91' lang='lat' dir='ltr'>monacho</span> <span class='ocrx_word' id='word_1_78' title='bbox 555 1053 705 1138; x_wconf 75' lang='lat' dir='ltr'>paululum</span> <span class='ocrx_word' id='word_1_79' title='bbox 738 1064 897 1139; x_wconf 87' lang='lat' dir='ltr'>secederet,</span> <span class='ocrx_word' id='word_1_80' title='bbox 934 1069 974 1124; x_wconf 86' lang='lat' dir='ltr'>ait</span> <span class='ocrx_word' id='word_1_81' title='bbox 1001 1083 1168 1128; x_wconf 86' lang='lat' dir='ltr'>conversus:</span> 
     </span>
     <span class='ocr_line' id='line_1_11' title="bbox 132 1150 1179 1227; baseline 0.004 -17"><span class='ocrx_word' id='word_1_82' title='bbox 132 1150 214 1210; x_wconf 83' lang='lat' dir='ltr'>Sicut</span> <span class='ocrx_word' id='word_1_83' title='bbox 234 1153 383 1227; x_wconf 90' lang='lat' dir='ltr'>praecepit</span> <span class='ocrx_word' id='word_1_84' title='bbox 393 1151 446 1210; x_wconf 86' lang='lat' dir='ltr'>tibi</span> <span class='ocrx_word' id='word_1_85' title='bbox 458 1150 560 1210; x_wconf 90' lang='lat' dir='ltr'>Abbas</span> <span class='ocrx_word' id='word_1_86' title='bbox 583 1167 673 1224; x_wconf 90' lang='lat' dir='ltr'>meus,</span> <span class='ocrx_word' id='word_1_87' title='bbox 694 1150 827 1210; x_wconf 89' lang='lat' dir='ltr'>videlicet</span> <span class='ocrx_word' id='word_1_88' title='bbox 848 1157 880 1210; x_wconf 93' lang='lat' dir='ltr'>ut</span> <span class='ocrx_word' id='word_1_89' title='bbox 902 1154 929 1210; x_wconf 94' lang='lat' dir='ltr'>ei</span> <span class='ocrx_word' id='word_1_90' title='bbox 941 1165 1006 1212; x_wconf 79' lang='lat' dir='ltr'>&#39;non</span> <span class='ocrx_word' id='word_1_91' title='bbox 1028 1155 1083 1212; x_wconf 92' lang='lat' dir='ltr'>nisi</span> <span class='ocrx_word' id='word_1_92' title='bbox 1103 1171 1179 1214; x_wconf 89' lang='lat' dir='ltr'>vera·</span> 
     </span>
     <span class='ocr_line' id='line_1_12' title="bbox 132 1234 1172 1316; baseline 0.003 -18"><span class='ocrx_word' id='word_1_93' title='bbox 132 1238 171 1298; x_wconf 86' lang='lat' dir='ltr'>ad</span> <span class='ocrx_word' id='word_1_94' title='bbox 191 1239 368 1314; x_wconf 86' lang='lat' dir='ltr'>interrogata</span> <span class='ocrx_word' id='word_1_95' title='bbox 381 1237 570 1312; x_wconf 88' lang='lat' dir='ltr'>responderes</span> <span class='ocrx_word' id='word_1_96' title='bbox 579 1234 610 1316; x_wconf 87' lang='lat'>³),</span> <span class='ocrx_word' id='word_1_97' title='bbox 631 1239 715 1296; x_wconf 87' lang='lat' dir='ltr'>itate</span> <span class='ocrx_word' id='word_1_98' title='bbox 736 1255 849 1312; x_wconf 90' lang='lat' dir='ltr'>moneo,</span> <span class='ocrx_word' id='word_1_99' title='bbox 870 1244 903 1297; x_wconf 91' lang='lat' dir='ltr'>ut</span> <span class='ocrx_word' id='word_1_100' title='bbox 923 1241 947 1297; x_wconf 94' lang='lat' dir='ltr'>si</span> <span class='ocrx_word' id='word_1_101' title='bbox 969 1238 1077 1315; x_wconf 86' lang='lat' dir='ltr'>aliquid</span> <span class='ocrx_word' id='word_1_102' title='bbox 1097 1245 1172 1301; x_wconf 91' lang='lat' dir='ltr'>nosti</span> 
     </span>
     <span class='ocr_line' id='line_1_13' title="bbox 132 1321 1172 1404; baseline 0.004 -21"><span class='ocrx_word' id='word_1_103' title='bbox 132 1327 161 1383; x_wconf 91' lang='lat' dir='ltr'>in</span> <span class='ocrx_word' id='word_1_104' title='bbox 183 1321 268 1404; x_wconf 59' lang='lat' dir='ltr'>mel),</span> <span class='ocrx_word' id='word_1_105' title='bbox 290 1323 368 1400; x_wconf 89' lang='lat' dir='ltr'>quod</span> <span class='ocrx_word' id='word_1_106' title='bbox 381 1326 515 1382; x_wconf 87' lang='lat' dir='ltr'>nocivum</span> <span class='ocrx_word' id='word_1_107' title='bbox 527 1326 564 1382; x_wconf 92' lang='lat' dir='ltr'>sit</span> <span class='ocrx_word' id='word_1_108' title='bbox 581 1326 693 1383; x_wconf 85' lang='lat' dir='ltr'>animae</span> <span class='ocrx_word' id='word_1_109' title='bbox 710 1342 801 1399; x_wconf 88' lang='lat' dir='ltr'>meae,</span> <span class='ocrx_word' id='word_1_110' title='bbox 823 1324 902 1384; x_wconf 85' lang='lat' dir='ltr'>dicas</span> <span class='ocrx_word' id='word_1_111' title='bbox 916 1325 985 1384; x_wconf 94' lang='lat' dir='ltr'>mihi</span> <span class='ocrx_word' id='word_1_112' title='bbox 1005 1329 1034 1384; x_wconf 89' lang='lat' dir='ltr'>in</span> <span class='ocrx_word' id='word_1_113' title='bbox 1054 1329 1172 1387; x_wconf 88' lang='lat' dir='ltr'>instanti</span> 
     </span>
     <span class='ocr_line' id='line_1_14' title="bbox 131 1407 1170 1491; baseline 0.004 -21"><span class='ocrx_word' id='word_1_114' title='bbox 131 1407 243 1491; x_wconf 84' lang='lat' dir='ltr'>hora⁵).</span> <span class='ocrx_word' id='word_1_115' title='bbox 285 1410 447 1486; x_wconf 82' lang='lat' dir='ltr'>Respondit</span> <span class='ocrx_word' id='word_1_116' title='bbox 473 1409 619 1469; x_wconf 85' lang='lat' dir='ltr'>diabolus:</span> <span class='ocrx_word' id='word_1_117' title='bbox 649 1409 733 1470; x_wconf 88' lang='lat' dir='ltr'>Novi.</span> <span class='ocrx_word' id='word_1_118' title='bbox 775 1411 847 1470; x_wconf 91' lang='lat' dir='ltr'>Heri</span> <span class='ocrx_word' id='word_1_119' title='bbox 877 1411 994 1472; x_wconf 84' lang='lat' dir='ltr'>Abbate</span> <span class='ocrx_word' id='word_1_120' title='bbox 1015 1420 1065 1473; x_wconf 90' lang='lat' dir='ltr'>tuo</span> <span class='ocrx_word' id='word_1_121' title='bbox 1086 1417 1170 1491; x_wconf 84' lang='lat' dir='ltr'>igno-</span> 
     </span>
     <span class='ocr_line' id='line_1_15' title="bbox 132 1496 1171 1573; baseline 0.004 -16"><span class='ocrx_word' id='word_1_122' title='bbox 132 1505 229 1572; x_wconf 84' lang='lat' dir='ltr'>rante,</span> <span class='ocrx_word' id='word_1_123' title='bbox 259 1496 411 1557; x_wconf 89' lang='lat' dir='ltr'>duodecim</span> <span class='ocrx_word' id='word_1_124' title='bbox 441 1496 571 1556; x_wconf 89' lang='lat' dir='ltr'>denarios</span> <span class='ocrx_word' id='word_1_125' title='bbox 600 1496 678 1573; x_wconf 90' lang='lat' dir='ltr'>apud</span> <span class='ocrx_word' id='word_1_126' title='bbox 709 1498 873 1558; x_wconf 86' lang='lat' dir='ltr'>Traiectum</span> <span class='ocrx_word' id='word_1_127' title='bbox 901 1501 1126 1560; x_wconf 86' lang='lat' dir='ltr'>accommodasti</span> <span class='ocrx_word' id='word_1_128' title='bbox 1151 1521 1171 1562; x_wconf 86' lang='lat' dir='ltr'>a</span> 
     </span>
     <span class='ocr_line' id='line_1_16' title="bbox 132 1584 1170 1666; baseline 0.006 -23"><span class='ocrx_word' id='word_1_129' title='bbox 132 1585 184 1644; x_wconf 88' lang='lat' dir='ltr'>tali</span> <span class='ocrx_word' id='word_1_130' title='bbox 203 1585 311 1643; x_wconf 85' lang='lat' dir='ltr'>semina</span> <span class='ocrx_word' id='word_1_131' title='bbox 333 1590 362 1643; x_wconf 88' lang='lat' dir='ltr'>et</span> <span class='ocrx_word' id='word_1_132' title='bbox 382 1587 411 1642; x_wconf 89' lang='lat' dir='ltr'>in</span> <span class='ocrx_word' id='word_1_133' title='bbox 432 1584 483 1642; x_wconf 86' lang='lat' dir='ltr'>tali</span> <span class='ocrx_word' id='word_1_134' title='bbox 504 1584 582 1660; x_wconf 77' lang='lat' dir='ltr'>loco,</span> <span class='ocrx_word' id='word_1_135' title='bbox 604 1586 760 1659; x_wconf 89' lang='lat' dir='ltr'>misistique</span> <span class='ocrx_word' id='word_1_136' title='bbox 781 1585 844 1644; x_wconf 91' lang='lat' dir='ltr'>illos</span> <span class='ocrx_word' id='word_1_137' title='bbox 865 1587 1017 1661; x_wconf 91' lang='lat' dir='ltr'>panniculo</span> <span class='ocrx_word' id='word_1_138' title='bbox 1038 1588 1170 1666; x_wconf 84' lang='lat' dir='ltr'>inligatos</span> 
     </span>
     <span class='ocr_line' id='line_1_17' title="bbox 131 1670 1171 1749; baseline 0.004 -19"><span class='ocrx_word' id='word_1_139' title='bbox 131 1674 163 1731; x_wconf 90' lang='lat' dir='ltr'>in</span> <span class='ocrx_word' id='word_1_140' title='bbox 188 1673 284 1730; x_wconf 88' lang='lat' dir='ltr'>sinum</span> <span class='ocrx_word' id='word_1_141' title='bbox 311 1678 395 1730; x_wconf 92' lang='lat' dir='ltr'>tuum</span> <span class='ocrx_word' id='word_1_142' title='bbox 426 1673 496 1730; x_wconf 86' lang='lat' dir='ltr'>setis</span> <span class='ocrx_word' id='word_1_143' title='bbox 516 1670 664 1746; x_wconf 86' lang='lat' dir='ltr'>profunde.</span> <span class='ocrx_word' id='word_1_144' title='bbox 708 1670 793 1748; x_wconf 86' lang='lat' dir='ltr'>Quod</span> <span class='ocrx_word' id='word_1_145' title='bbox 814 1672 930 1749; x_wconf 89' lang='lat' dir='ltr'>quidem</span> <span class='ocrx_word' id='word_1_146' title='bbox 950 1692 1050 1734; x_wconf 88' lang='lat' dir='ltr'>vemm</span> <span class='ocrx_word' id='word_1_147' title='bbox 1070 1675 1171 1736; x_wconf 85' lang='lat' dir='ltr'>suerat</span> 
     </span>
     <span class='ocr_line' id='line_1_18' title="bbox 131 1755 1170 1839; baseline 0.004 -20"><span class='ocrx_word' id='word_1_148' title='bbox 131 1758 209 1819; x_wconf 89' lang='lat' dir='ltr'>Nam</span> <span class='ocrx_word' id='word_1_149' title='bbox 229 1757 500 1832; x_wconf 81' lang='lat' dir='ltr'>idem-conversus,</span> <span class='ocrx_word' id='word_1_150' title='bbox 521 1760 595 1817; x_wconf 91' lang='lat' dir='ltr'>sicut</span> <span class='ocrx_word' id='word_1_151' title='bbox 615 1757 718 1833; x_wconf 91' lang='lat' dir='ltr'>retulit,</span> <span class='ocrx_word' id='word_1_152' title='bbox 739 1755 822 1839; x_wconf 82' lang='lat' dir='ltr'>ista⁶)</span> <span class='ocrx_word' id='word_1_153' title='bbox 845 1757 992 1836; x_wconf 85' lang='lat' dir='ltr'>cogitavit:</span> <span class='ocrx_word' id='word_1_154' title='bbox 1015 1761 1047 1820; x_wconf 82' lang='lat' dir='ltr'>Si</span> <span class='ocrx_word' id='word_1_155' title='bbox 1068 1761 1170 1824; x_wconf 87' lang='lat' dir='ltr'>Abbas</span> 
     </span>
     <span class='ocr_line' id='line_1_19' title="bbox 132 1841 1170 1924; baseline 0.006 -20"><span class='ocrx_word' id='word_1_156' title='bbox 132 1852 200 1904; x_wconf 92' lang='lat' dir='ltr'>tuus</span> <span class='ocrx_word' id='word_1_157' title='bbox 229 1845 337 1904; x_wconf 89' lang='lat' dir='ltr'>alicubi</span> <span class='ocrx_word' id='word_1_158' title='bbox 367 1851 403 1903; x_wconf 91' lang='lat' dir='ltr'>te·</span> <span class='ocrx_word' id='word_1_159' title='bbox 427 1841 528 1923; x_wconf 74' lang='lat' dir='ltr'>lorte&#39;)</span> <span class='ocrx_word' id='word_1_160' title='bbox 549 1847 671 1919; x_wconf 82' lang='lat' dir='ltr'>miserit,</span> <span class='ocrx_word' id='word_1_161' title='bbox 700 1844 823 1904; x_wconf 90' lang='lat' dir='ltr'>solidum</span> <span class='ocrx_word' id='word_1_162' title='bbox 850 1848 937 1905; x_wconf 89' lang='lat' dir='ltr'>istum</span> <span class='ocrx_word' id='word_1_163' title='bbox 965 1847 1004 1908; x_wconf 90' lang='lat' dir='ltr'>ad</span> <span class='ocrx_word' id='word_1_164' title='bbox 1031 1866 1170 1924; x_wconf 87' lang='lat' dir='ltr'>expensas</span> 
     </span>
     <span class='ocr_line' id='line_1_20' title="bbox 128 1927 1170 2011; baseline 0.005 -21"><span class='ocrx_word' id='word_1_165' title='bbox 128 1933 262 1992; x_wconf 89' lang='lat' dir='ltr'>habebis.</span> <span class='ocrx_word' id='word_1_166' title='bbox 306 1931 363 2007; x_wconf 87' lang='lat' dir='ltr'>Qui</span> <span class='ocrx_word' id='word_1_167' title='bbox 383 1927 437 1990; x_wconf 87' lang='lat' dir='ltr'>ait:</span> <span class='ocrx_word' id='word_1_168' title='bbox 470 1931 553 1990; x_wconf 89' lang='lat' dir='ltr'>Nosti</span> <span class='ocrx_word' id='word_1_169' title='bbox 580 1931 687 2007; x_wconf 90' lang='lat' dir='ltr'>aliquid</span> <span class='ocrx_word' id='word_1_170' title='bbox 715 1931 860 2008; x_wconf 83' lang='lat' dir='ltr'>amplius?</span> <span class='ocrx_word' id='word_1_171' title='bbox 889 1931 1010 1993; x_wconf 83' lang='lat' dir='ltr'>Dicente</span> <span class='ocrx_word' id='word_1_172' title='bbox 1040 1935 1170 2011; x_wconf 86' lang='lat' dir='ltr'>diabolo,</span> 
     </span>
     <span class='ocr_line' id='line_1_21' title="bbox 128 2018 1169 2096; baseline 0.003 -16"><span class='ocrx_word' id='word_1_173' title='bbox 128 2022 199 2080; x_wconf 85' lang='lat' dir='ltr'>nori</span> <span class='ocrx_word' id='word_1_174' title='bbox 227 2025 256 2079; x_wconf 88' lang='lat' dir='ltr'>te</span> <span class='ocrx_word' id='word_1_175' title='bbox 283 2019 377 2077; x_wconf 88' lang='lat' dir='ltr'>furem</span> <span class='ocrx_word' id='word_1_176' title='bbox 404 2035 482 2093; x_wconf 87' lang='lat' dir='ltr'>esse;</span> <span class='ocrx_word' id='word_1_177' title='bbox 497 2018 657 2093; x_wconf 73' lang='lat' dir='ltr'>,respondit</span> <span class='ocrx_word' id='word_1_178' title='bbox 684 2036 855 2078; x_wconf 87' lang='lat' dir='ltr'>conversus:</span> <span class='ocrx_word' id='word_1_179' title='bbox 886 2020 1010 2096; x_wconf 84' lang='lat' dir='ltr'>Exque</span> <span class='ocrx_word' id='word_1_180' title='bbox 1039 2025 1106 2081; x_wconf 89' lang='lat' dir='ltr'>veni</span> <span class='ocrx_word' id='word_1_181' title='bbox 1131 2023 1169 2083; x_wconf 89' lang='lat' dir='ltr'>ad</span> 
     </span>
     <span class='ocr_line' id='line_1_22' title="bbox 128 2105 1167 2187; baseline 0.005 -22"><span class='ocrx_word' id='word_1_182' title='bbox 128 2105 275 2180; x_wconf 86' lang='lat' dir='ltr'>ordinem,</span> <span class='ocrx_word' id='word_1_183' title='bbox 303 2105 409 2164; x_wconf 92' lang='lat' dir='ltr'>nullius</span> <span class='ocrx_word' id='word_1_184' title='bbox 441 2105 510 2162; x_wconf 91' lang='lat' dir='ltr'>mibi</span> <span class='ocrx_word' id='word_1_185' title='bbox 537 2105 603 2164; x_wconf 83' lang='lat' dir='ltr'>furti</span> <span class='ocrx_word' id='word_1_186' title='bbox 631 2108 762 2165; x_wconf 89' lang='lat' dir='ltr'>conscius</span> <span class='ocrx_word' id='word_1_187' title='bbox 788 2123 862 2164; x_wconf 87' lang='lat' dir='ltr'>sum.</span> <span class='ocrx_word' id='word_1_188' title='bbox 904 2107 986 2166; x_wconf 86' lang='lat' dir='ltr'>Tune</span> <span class='ocrx_word' id='word_1_189' title='bbox 1017 2108 1077 2171; x_wconf 88' lang='lat' dir='ltr'>ille:</span> <span class='ocrx_word' id='word_1_190' title='bbox 1104 2110 1167 2187; x_wconf 87' lang='lat' dir='ltr'>Ego</span> 
     </span>
     <span class='ocr_line' id='line_1_23' title="bbox 127 2191 1167 2268; baseline 0.003 -16"><span class='ocrx_word' id='word_1_191' title='bbox 127 2193 182 2252; x_wconf 91' lang='lat' dir='ltr'>tibi</span> <span class='ocrx_word' id='word_1_192' title='bbox 209 2193 318 2252; x_wconf 87' lang='lat' dir='ltr'>lurtum</span> <span class='ocrx_word' id='word_1_193' title='bbox 343 2198 427 2250; x_wconf 92' lang='lat' dir='ltr'>tuum</span> <span class='ocrx_word' id='word_1_194' title='bbox 447 2191 607 2250; x_wconf 88' lang='lat' dir='ltr'>ostendam.</span> <span class='ocrx_word' id='word_1_195' title='bbox 651 2191 773 2268; x_wconf 86' lang='lat' dir='ltr'>Quando</span> <span class='ocrx_word' id='word_1_196' title='bbox 796 2211 863 2254; x_wconf 86' lang='lat' dir='ltr'>cara</span> <span class='ocrx_word' id='word_1_197' title='bbox 889 2193 939 2252; x_wconf 90' lang='lat' dir='ltr'>illa</span> <span class='ocrx_word' id='word_1_198' title='bbox 958 2195 1072 2254; x_wconf 86' lang='lat' dir='ltr'>fuemnt</span> <span class='ocrx_word' id='word_1_199' title='bbox 1092 2203 1167 2255; x_wconf 89' lang='lat' dir='ltr'>tem-</span> 
     </span>
     <span class='ocr_line' id='line_1_24' title="bbox 127 2277 1167 2359; baseline 0.006 -21"><span class='ocrx_word' id='word_1_200' title='bbox 127 2297 209 2356; x_wconf 85' lang='lat' dir='ltr'>pora,</span> <span class='ocrx_word' id='word_1_201' title='bbox 229 2296 376 2338; x_wconf 89' lang='lat' dir='ltr'>annonam</span> <span class='ocrx_word' id='word_1_202' title='bbox 397 2284 427 2337; x_wconf 94' lang='lat' dir='ltr'>et</span> <span class='ocrx_word' id='word_1_203' title='bbox 453 2278 595 2353; x_wconf 89' lang='lat' dir='ltr'>quaedam</span> <span class='ocrx_word' id='word_1_204' title='bbox 616 2277 681 2352; x_wconf 88' lang='lat' dir='ltr'>alia,</span> <span class='ocrx_word' id='word_1_205' title='bbox 703 2297 778 2354; x_wconf 89' lang='lat' dir='ltr'>quae</span> <span class='ocrx_word' id='word_1_206' title='bbox 799 2283 964 2340; x_wconf 88' lang='lat' dir='ltr'>monasterii</span> <span class='ocrx_word' id='word_1_207' title='bbox 984 2285 1026 2342; x_wconf 92' lang='lat' dir='ltr'>tui</span> <span class='ocrx_word' id='word_1_208' title='bbox 1045 2284 1167 2359; x_wconf 82' lang='lat' dir='ltr'>fuerunt,</span> 
     </span>
     <span class='ocr_line' id='line_1_25' title="bbox 129 2366 1166 2446; baseline 0.005 -20"><span class='ocrx_word' id='word_1_209' title='bbox 129 2373 161 2426; x_wconf 91' lang='lat' dir='ltr'>et</span> <span class='ocrx_word' id='word_1_210' title='bbox 187 2384 247 2426; x_wconf 94' lang='lat' dir='ltr'>uon</span> <span class='ocrx_word' id='word_1_211' title='bbox 281 2371 347 2440; x_wconf 86' lang='lat' dir='ltr'>tua,</span> <span class='ocrx_word' id='word_1_212' title='bbox 379 2366 554 2441; x_wconf 86' lang='lat' dir='ltr'>pauperibus</span> <span class='ocrx_word' id='word_1_213' title='bbox 587 2366 736 2441; x_wconf 87' lang='lat' dir='ltr'>erogabas.</span> <span class='ocrx_word' id='word_1_214' title='bbox 778 2366 981 2442; x_wconf 87' lang='lat' dir='ltr'>Respondente</span> <span class='ocrx_word' id='word_1_215' title='bbox 1012 2387 1166 2446; x_wconf 88' lang='lat' dir='ltr'>converso,</span> 
     </span>
     <span class='ocr_line' id='line_1_26' title="bbox 127 2450 1193 2534; baseline 0.007 -22"><span class='ocrx_word' id='word_1_216' title='bbox 127 2450 216 2534; x_wconf 67' lang='lat' dir='ltr'>none)</span> <span class='ocrx_word' id='word_1_217' title='bbox 238 2454 340 2529; x_wconf 87' lang='lat' dir='ltr'>putavi</span> <span class='ocrx_word' id='word_1_218' title='bbox 360 2450 523 2512; x_wconf 91' lang='lat' dir='ltr'>huiusmodi</span> <span class='ocrx_word' id='word_1_219' title='bbox 537 2452 747 2512; x_wconf 87' lang='lat' dir='ltr'>misericordiae</span> <span class='ocrx_word' id='word_1_220' title='bbox 760 2470 847 2528; x_wconf 87' lang='lat' dir='ltr'>opera</span> <span class='ocrx_word' id='word_1_221' title='bbox 861 2462 1012 2529; x_wconf 89' lang='lat' dir='ltr'>peccatum</span> <span class='ocrx_word' id='word_1_222' title='bbox 1027 2453 1104 2534; x_wconf 73' lang='lat' dir='ltr'>esse,</span> <span class='ocrx_word' id='word_1_223' title='bbox 1126 2461 1167 2518; x_wconf 90' lang='lat' dir='ltr'>ait</span> <span class='ocrx_word' id='word_1_224' title='bbox 1189 2450 1193 2466; x_wconf 87' lang='lat'>&#39;</span> 
     </span>
     <span class='ocr_line' id='line_1_27' title="bbox 116 2539 1165 2620; baseline 0.006 -20"><span class='ocrx_word' id='word_1_225' title='bbox 116 2539 266 2600; x_wconf 69' lang='lat' dir='ltr'>&#39;daemmz</span> <span class='ocrx_word' id='word_1_226' title='bbox 288 2539 363 2599; x_wconf 84' lang='lat' dir='ltr'>Sunt</span> <span class='ocrx_word' id='word_1_227' title='bbox 382 2555 434 2614; x_wconf 91' lang='lat' dir='ltr'>per</span> <span class='ocrx_word' id='word_1_228' title='bbox 450 2556 545 2598; x_wconf 93' lang='lat' dir='ltr'>meam</span> <span class='ocrx_word' id='word_1_229' title='bbox 565 2541 734 2615; x_wconf 87' lang='lat' dir='ltr'>veritatem,</span> <span class='ocrx_word' id='word_1_230' title='bbox 759 2543 827 2615; x_wconf 87' lang='lat' dir='ltr'>quia</span> <span class='ocrx_word' id='word_1_231' title='bbox 853 2543 914 2600; x_wconf 90' lang='lat' dir='ltr'>sine</span> <span class='ocrx_word' id='word_1_232' title='bbox 940 2541 1055 2604; x_wconf 88' lang='lat' dir='ltr'>licentia</span> <span class='ocrx_word' id='word_1_233' title='bbox 1074 2545 1165 2620; x_wconf 83' lang='lat' dir='ltr'>taeta,</span> 
     </span>
     <span class='ocr_line' id='line_1_28' title="bbox 48 2625 1166 2706; baseline 0.004 -20"><span class='ocrx_word' id='word_1_234' title='bbox 48 2648 52 2658; x_wconf 65' lang='grc'><em>’</em></span> <span class='ocrx_word' id='word_1_235' title='bbox 107 2644 182 2686; x_wconf 89' lang='lat' dir='ltr'>·nec</span> <span class='ocrx_word' id='word_1_236' title='bbox 198 2627 355 2702; x_wconf 88' lang='lat' dir='ltr'>aliquando</span> <span class='ocrx_word' id='word_1_237' title='bbox 370 2625 436 2685; x_wconf 92' lang='lat' dir='ltr'>inde</span> <span class='ocrx_word' id='word_1_238' title='bbox 449 2628 609 2700; x_wconf 87' lang='lat' dir='ltr'>susurrasti,</span> <span class='ocrx_word' id='word_1_239' title='bbox 620 2629 776 2685; x_wconf 87' lang='lat' dir='ltr'>susurrium</span> <span class='ocrx_word' id='word_1_240' title='bbox 793 2628 998 2688; x_wconf 87' lang='lat' dir='ltr'>confessionem</span> <span class='ocrx_word' id='word_1_241' title='bbox 1009 2632 1166 2706; x_wconf 88' lang='lat' dir='ltr'>appellans.</span> 
     </span>
     <span class='ocr_line' id='line_1_29' title="bbox 126 2711 1164 2793; baseline 0.008 -21"><span class='ocrx_word' id='word_1_242' title='bbox 126 2713 199 2774; x_wconf 86' lang='lat' dir='ltr'>Mox</span> <span class='ocrx_word' id='word_1_243' title='bbox 228 2729 385 2773; x_wconf 87' lang='lat' dir='ltr'>conversus</span> <span class='ocrx_word' id='word_1_244' title='bbox 414 2712 453 2771; x_wconf 89' lang='lat' dir='ltr'>ad</span> <span class='ocrx_word' id='word_1_245' title='bbox 472 2711 620 2772; x_wconf 89' lang='lat' dir='ltr'>Abbatem</span> <span class='ocrx_word' id='word_1_246' title='bbox 641 2712 800 2787; x_wconf 87' lang='lat' dir='ltr'>descendit,</span> <span class='ocrx_word' id='word_1_247' title='bbox 825 2711 883 2793; x_wconf 84' lang='lat' dir='ltr'>in⁹)</span> <span class='ocrx_word' id='word_1_248' title='bbox 906 2714 1002 2791; x_wconf 84' lang='lat' dir='ltr'>locum</span> <span class='ocrx_word' id='word_1_249' title='bbox 1022 2727 1164 2779; x_wconf 90' lang='lat' dir='ltr'>secretum</span> 
     </span>
     <span class='ocr_line' id='line_1_30' title="bbox 125 2799 1164 2886; baseline 0.006 -26"><span class='ocrx_word' id='word_1_250' title='bbox 125 2801 208 2860; x_wconf 89' lang='lat' dir='ltr'>illum</span> <span class='ocrx_word' id='word_1_251' title='bbox 228 2802 327 2874; x_wconf 87' lang='lat' dir='ltr'>traxit,</span> <span class='ocrx_word' id='word_1_252' title='bbox 349 2805 378 2860; x_wconf 91' lang='lat' dir='ltr'>et</span> <span class='ocrx_word' id='word_1_253' title='bbox 399 2817 475 2875; x_wconf 90' lang='lat' dir='ltr'>quae</span> <span class='ocrx_word' id='word_1_254' title='bbox 495 2799 550 2858; x_wconf 91' lang='lat' dir='ltr'>sibi</span> <span class='ocrx_word' id='word_1_255' title='bbox 569 2799 681 2858; x_wconf 78' lang='lat' dir='ltr'>nerant</span> <span class='ocrx_word' id='word_1_256' title='bbox 702 2819 727 2859; x_wconf 82' lang='lat' dir='ltr'>a</span> <span class='ocrx_word' id='word_1_257' title='bbox 741 2800 862 2886; x_wconf 75' lang='lat' dir='ltr'>diabolo¹</span> <span class='ocrx_word' id='word_1_258' title='bbox 876 2803 1001 2878; x_wconf 92' lang='lat' dir='ltr'>obiecta,</span> <span class='ocrx_word' id='word_1_259' title='bbox 1028 2823 1080 2881; x_wconf 92' lang='lat' dir='ltr'>per</span> <span class='ocrx_word' id='word_1_260' title='bbox 1106 2807 1164 2866; x_wconf 90' lang='lat' dir='ltr'>hu·</span> 
     </span>
     <span class='ocr_line' id='line_1_31' title="bbox 127 2881 1165 2970; baseline 0.004 -21"><span class='ocrx_word' id='word_1_261' title='bbox 127 2889 225 2950; x_wconf 84' lang='lat' dir='ltr'>milam</span> <span class='ocrx_word' id='word_1_262' title='bbox 240 2887 449 2947; x_wconf 77' lang='lat' dir='ltr'>consessionem</span> <span class='ocrx_word' id='word_1_263' title='bbox 460 2889 599 2961; x_wconf 88' lang='lat' dir='ltr'>aperiens,</span> <span class='ocrx_word' id='word_1_264' title='bbox 621 2885 791 2963; x_wconf 87' lang='lat' dir='ltr'>condignam</span> <span class='ocrx_word' id='word_1_265' title='bbox 806 2885 1010 2964; x_wconf 89' lang='lat' dir='ltr'>poenitentiam</span> <span class='ocrx_word' id='word_1_266' title='bbox 1032 2881 1165 2970; x_wconf 87' lang='lat' dir='ltr'>suscepit.</span> 
     </span>
     <span class='ocr_line' id='line_1_32' title="bbox 119 2972 1165 3059; baseline 0.007 -25"><span class='ocrx_word' id='word_1_267' title='bbox 119 2974 211 3035; x_wconf 79' lang='lat' dir='ltr'>&#39;Tunc</span> <span class='ocrx_word' id='word_1_268' title='bbox 239 2974 278 3034; x_wconf 88' lang='lat' dir='ltr'>ad</span> <span class='ocrx_word' id='word_1_269' title='bbox 300 2973 449 3034; x_wconf 87' lang='lat' dir='ltr'>obsessam</span> <span class='ocrx_word' id='word_1_270' title='bbox 470 2972 605 3046; x_wconf 83' lang='lat' dir='ltr'>rediens,</span> <span class='ocrx_word' id='word_1_271' title='bbox 630 2979 659 3032; x_wconf 91' lang='lat' dir='ltr'>et</span> <span class='ocrx_word' id='word_1_272' title='bbox 680 2977 704 3032; x_wconf 91' lang='lat' dir='ltr'>si</span> <span class='ocrx_word' id='word_1_273' title='bbox 724 2974 819 3034; x_wconf 90' lang='lat' dir='ltr'>adbuc</span> <span class='ocrx_word' id='word_1_274' title='bbox 840 2975 956 3051; x_wconf 82' lang='lat' dir='ltr'>aliquod</span> <span class='ocrx_word' id='word_1_275' title='bbox 976 2980 1006 3036; x_wconf 92' lang='lat' dir='ltr'>in</span> <span class='ocrx_word' id='word_1_276' title='bbox 1027 2983 1165 3059; x_wconf 68' lang='lat' dir='ltr'>sesciret</span> 
     </span>
     <span class='ocr_line' id='line_1_33' title="bbox 127 3057 1163 3140; baseline 0.007 -20"><span class='ocrx_word' id='word_1_277' title='bbox 127 3067 289 3137; x_wconf 86' lang='lat' dir='ltr'>peccatum,</span> <span class='ocrx_word' id='word_1_278' title='bbox 310 3060 489 3120; x_wconf 87' lang='lat' dir='ltr'>obsidentem</span> <span class='ocrx_word' id='word_1_279' title='bbox 501 3059 716 3136; x_wconf 88' lang='lat' dir='ltr'>adinterrogaus</span> <span class='ocrx_word' id='word_1_280' title='bbox 731 3057 770 3140; x_wconf 91' lang='lat'>¹⁰),</span> <span class='ocrx_word' id='word_1_281' title='bbox 793 3061 891 3121; x_wconf 92' lang='lat' dir='ltr'>audire</span> <span class='ocrx_word' id='word_1_282' title='bbox 904 3065 1018 3124; x_wconf 86' lang='lat' dir='ltr'>meruit:</span> <span class='ocrx_word' id='word_1_283' title='bbox 1039 3067 1097 3126; x_wconf 88' lang='lat' dir='ltr'>Per</span> <span class='ocrx_word' id='word_1_284' title='bbox 1116 3070 1163 3128; x_wconf 94' lang='lat' dir='ltr'>iu-</span> 
     </span>
     <span class='ocr_line' id='line_1_34' title="bbox 129 3145 1164 3229; baseline 0.011 -23"><span class='ocrx_word' id='word_1_285' title='bbox 129 3147 235 3208; x_wconf 88' lang='lat' dir='ltr'>dicium</span> <span class='ocrx_word' id='word_1_286' title='bbox 248 3164 347 3206; x_wconf 90' lang='lat' dir='ltr'>meum</span> <span class='ocrx_word' id='word_1_287' title='bbox 363 3147 433 3206; x_wconf 90' lang='lat' dir='ltr'>nihil</span> <span class='ocrx_word' id='word_1_288' title='bbox 453 3146 540 3207; x_wconf 91' lang='lat' dir='ltr'>modo</span> <span class='ocrx_word' id='word_1_289' title='bbox 564 3145 599 3206; x_wconf 91' lang='lat' dir='ltr'>de</span> <span class='ocrx_word' id='word_1_290' title='bbox 621 3153 649 3205; x_wconf 89' lang='lat' dir='ltr'>te</span> <span class='ocrx_word' id='word_1_291' title='bbox 670 3150 746 3222; x_wconf 89' lang='lat' dir='ltr'>novi,</span> <span class='ocrx_word' id='word_1_292' title='bbox 768 3151 836 3224; x_wconf 89' lang='lat' dir='ltr'>quia</span> <span class='ocrx_word' id='word_1_293' title='bbox 856 3167 924 3208; x_wconf 86' lang='lat' dir='ltr'>mox</span> <span class='ocrx_word' id='word_1_294' title='bbox 944 3157 978 3209; x_wconf 90' lang='lat' dir='ltr'>nt</span> <span class='ocrx_word' id='word_1_295' title='bbox 997 3171 1092 3229; x_wconf 89' lang='lat' dir='ltr'>genua</span> <span class='ocrx_word' id='word_1_296' title='bbox 1112 3162 1164 3216; x_wconf 84' lang='lat' dir='ltr'>tua</span> 
     </span>
     <span class='ocr_line' id='line_1_35' title="bbox 128 3233 1164 3310; baseline 0.008 -16"><span class='ocrx_word' id='word_1_297' title='bbox 128 3233 168 3294; x_wconf 89' lang='lat' dir='ltr'>ad</span> <span class='ocrx_word' id='word_1_298' title='bbox 194 3236 353 3294; x_wconf 89' lang='lat' dir='ltr'>susurrium</span> <span class='ocrx_word' id='word_1_299' title='bbox 379 3234 534 3308; x_wconf 85' lang='lat' dir='ltr'>inclinasti,</span> <span class='ocrx_word' id='word_1_300' title='bbox 565 3236 661 3292; x_wconf 88' lang='lat' dir='ltr'>omnia</span> <span class='ocrx_word' id='word_1_301' title='bbox 689 3235 758 3294; x_wconf 95' lang='lat' dir='ltr'>mihi</span> <span class='ocrx_word' id='word_1_302' title='bbox 784 3239 862 3310; x_wconf 90' lang='lat' dir='ltr'>prius</span> <span class='ocrx_word' id='word_1_303' title='bbox 891 3239 963 3296; x_wconf 91' lang='lat' dir='ltr'>scita</span> <span class='ocrx_word' id='word_1_304' title='bbox 990 3242 1164 3302; x_wconf 80' lang='lat' dir='ltr'>subtraxisti.</span> 
     </span>
     <span class='ocr_line' id='line_1_36' title="bbox 128 3319 1165 3404; baseline 0.01 -24"><span class='ocrx_word' id='word_1_305' title='bbox 128 3319 334 3384; x_wconf 82' lang='lat' dir='ltr'>NOVICIUS:</span> <span class='ocrx_word' id='word_1_306' title='bbox 359 3321 395 3380; x_wconf 90' lang='lat' dir='ltr'>ln</span> <span class='ocrx_word' id='word_1_307' title='bbox 421 3321 477 3380; x_wconf 91' lang='lat' dir='ltr'>boe</span> <span class='ocrx_word' id='word_1_308' title='bbox 504 3322 587 3380; x_wconf 82' lang='lat' dir='ltr'>tacto</span> <span class='ocrx_word' id='word_1_309' title='bbox 608 3323 676 3380; x_wconf 86' lang='lat' dir='ltr'>satis</span> <span class='ocrx_word' id='word_1_310' title='bbox 701 3327 816 3381; x_wconf 90' lang='lat' dir='ltr'>ostensa</span> <span class='ocrx_word' id='word_1_311' title='bbox 837 3329 904 3382; x_wconf 89' lang='lat' dir='ltr'>sunt</span> <span class='ocrx_word' id='word_1_312' title='bbox 924 3329 983 3383; x_wconf 84' lang='lat' dir='ltr'>tam</span> <span class='ocrx_word' id='word_1_313' title='bbox 1004 3333 1165 3404; x_wconf 88' lang='lat' dir='ltr'>praesentia</span> 
     </span>
     <span class='ocr_line' id='line_1_37' title="bbox 129 3407 1166 3484; baseline 0.012 -18"><span class='ocrx_word' id='word_1_314' title='bbox 129 3407 277 3470; x_wconf 84' lang='lat' dir='ltr'>daemonis</span> <span class='ocrx_word' id='word_1_315' title='bbox 306 3425 394 3484; x_wconf 88' lang='lat' dir='ltr'>quem</span> <span class='ocrx_word' id='word_1_316' title='bbox 421 3410 511 3467; x_wconf 89' lang='lat' dir='ltr'>virtus</span> <span class='ocrx_word' id='word_1_317' title='bbox 533 3408 726 3468; x_wconf 84' lang='lat' dir='ltr'>confessionis.</span> <span class='ocrx_word' id='word_1_318' title='bbox 769 3408 1003 3474; x_wconf 81' lang='lat' dir='ltr'><strong>MONACHUS:</strong></span> <span class='ocrx_word' id='word_1_319' title='bbox 1031 3415 1108 3477; x_wconf 81' lang='lat' dir='ltr'>Satis</span> <span class='ocrx_word' id='word_1_320' title='bbox 1130 3417 1166 3478; x_wconf 90' lang='lat' dir='ltr'>dc</span> 
     </span>
    </p>
   </div>
   <div class='ocr_carea' id='block_1_3' title="bbox 150 3540 1167 3888">
    <p class='ocr_par' dir='ltr' id='par_1_3' title="bbox 150 3540 1167 3888">
     <span class='ocr_line' id='line_1_38' title="bbox 150 3540 1164 3611; baseline 0.008 -18"><span class='ocrx_word' id='word_1_321' title='bbox 150 3542 180 3609; x_wconf 86' lang='grc'>1)</span> <span class='ocrx_word' id='word_1_322' title='bbox 197 3540 262 3595; x_wconf 77' lang='grc' dir='ltr'>ΑΒΡ</span> <span class='ocrx_word' id='word_1_323' title='bbox 285 3557 365 3610; x_wconf 83' lang='lat' dir='ltr'>quas</span> <span class='ocrx_word' id='word_1_324' title='bbox 389 3549 497 3594; x_wconf 85' lang='lat' dir='ltr'>tamen</span> <span class='ocrx_word' id='word_1_325' title='bbox 519 3541 638 3594; x_wconf 82' lang='lat' dir='ltr'>lemine</span> <span class='ocrx_word' id='word_1_326' title='bbox 660 3558 825 3611; x_wconf 86' lang='lat' dir='ltr'>uunquam.</span> <span class='ocrx_word' id='word_1_327' title='bbox 849 3573 881 3582; x_wconf 94' lang='lat'>—</span> <span class='ocrx_word' id='word_1_328' title='bbox 910 3545 942 3610; x_wconf 87' lang='grc'>2)</span> <span class='ocrx_word' id='word_1_329' title='bbox 966 3545 987 3605; x_wconf 79' lang='lat' dir='ltr'>l)</span> <span class='ocrx_word' id='word_1_330' title='bbox 1014 3546 1164 3605; x_wconf 83' lang='lat' dir='ltr'>detineri.</span> 
     </span>
     <span class='ocr_line' id='line_1_39' title="bbox 201 3610 1166 3680; baseline -0.001 -16"><span class='ocrx_word' id='word_1_331' title='bbox 201 3613 284 3679; x_wconf 61' lang='lat'>-,3)</span> <span class='ocrx_word' id='word_1_332' title='bbox 302 3610 344 3663; x_wconf 83' lang='lat' dir='ltr'>sso</span> <span class='ocrx_word' id='word_1_333' title='bbox 362 3620 395 3662; x_wconf 91' lang='lat' dir='ltr'>ut</span> <span class='ocrx_word' id='word_1_334' title='bbox 412 3611 489 3663; x_wconf 85' lang='lat' dir='ltr'>milri</span> <span class='ocrx_word' id='word_1_335' title='bbox 508 3643 540 3650; x_wconf 92' lang='lat'>-</span> <span class='ocrx_word' id='word_1_336' title='bbox 559 3611 769 3677; x_wconf 86' lang='lat' dir='ltr'>respondeas.</span> <span class='ocrx_word' id='word_1_337' title='bbox 789 3642 820 3652; x_wconf 92' lang='lat'><em>-</em></span> <span class='ocrx_word' id='word_1_338' title='bbox 844 3614 877 3680; x_wconf 78' lang='lat'>4)</span> <span class='ocrx_word' id='word_1_339' title='bbox 893 3613 938 3666; x_wconf 75' lang='grc' dir='ltr'>ΒΗ</span> <span class='ocrx_word' id='word_1_340' title='bbox 954 3620 1042 3669; x_wconf 81' lang='lat' dir='ltr'>nosti</span> <span class='ocrx_word' id='word_1_341' title='bbox 1066 3618 1103 3671; x_wconf 74' lang='lat' dir='ltr'>de</span> <span class='ocrx_word' id='word_1_342' title='bbox 1121 3638 1166 3674; x_wconf 60' lang='lat' dir='ltr'>m„</span> 
     </span>
     <span class='ocr_line' id='line_1_40' title="bbox 198 3680 1165 3754; baseline 0.002 -21"><span class='ocrx_word' id='word_1_343' title='bbox 198 3680 251 3733; x_wconf 87' lang='lat' dir='ltr'>vel</span> <span class='ocrx_word' id='word_1_344' title='bbox 269 3683 302 3732; x_wconf 93' lang='lat' dir='ltr'>in</span> <span class='ocrx_word' id='word_1_345' title='bbox 320 3696 374 3732; x_wconf 86' lang='lat' dir='ltr'>me.</span> <span class='ocrx_word' id='word_1_346' title='bbox 394 3711 425 3720; x_wconf 95' lang='lat'>—</span> <span class='ocrx_word' id='word_1_347' title='bbox 446 3681 477 3748; x_wconf 90' lang='grc'>5)</span> <span class='ocrx_word' id='word_1_348' title='bbox 495 3681 573 3732; x_wconf 89' lang='lat' dir='ltr'>hora</span> <span class='ocrx_word' id='word_1_349' title='bbox 592 3696 632 3732; x_wconf 92' lang='lat' dir='ltr'>om</span> <span class='ocrx_word' id='word_1_350' title='bbox 651 3680 740 3733; x_wconf 75' lang='lat' dir='ltr'>bd-</span> <span class='ocrx_word' id='word_1_351' title='bbox 761 3681 830 3750; x_wconf 81' lang='lat' dir='ltr'>6)c</span> <span class='ocrx_word' id='word_1_352' title='bbox 848 3683 902 3734; x_wconf 85' lang='lat' dir='ltr'>ita.</span> <span class='ocrx_word' id='word_1_353' title='bbox 921 3715 954 3722; x_wconf 98' lang='lat'><em>-</em></span> <span class='ocrx_word' id='word_1_354' title='bbox 973 3687 1006 3754; x_wconf 82' lang='lat'>7)</span> <span class='ocrx_word' id='word_1_355' title='bbox 1022 3686 1064 3740; x_wconf 87' lang='lat' dir='ltr'>Bc</span> <span class='ocrx_word' id='word_1_356' title='bbox 1081 3690 1165 3742; x_wconf 71' lang='lat' dir='ltr'>forte</span> 
     </span>
     <span class='ocr_line' id='line_1_41' title="bbox 198 3749 1167 3826; baseline 0.001 -23"><span class='ocrx_word' id='word_1_357' title='bbox 198 3749 325 3803; x_wconf 88' lang='lat' dir='ltr'>alicubi</span> <span class='ocrx_word' id='word_1_358' title='bbox 348 3758 388 3801; x_wconf 84' lang='lat' dir='ltr'>ta.</span> <span class='ocrx_word' id='word_1_359' title='bbox 407 3779 438 3789; x_wconf 92' lang='lat'>-</span> <span class='ocrx_word' id='word_1_360' title='bbox 464 3750 534 3816; x_wconf 75' lang='lat' dir='ltr'>eJB</span> <span class='ocrx_word' id='word_1_361' title='bbox 558 3765 617 3818; x_wconf 80' lang='lat' dir='ltr'>ego</span> <span class='ocrx_word' id='word_1_362' title='bbox 644 3766 711 3802; x_wconf 89' lang='lat' dir='ltr'>non.</span> <span class='ocrx_word' id='word_1_363' title='bbox 731 3780 763 3790; x_wconf 86' lang='lat'>-</span> <span class='ocrx_word' id='word_1_364' title='bbox 782 3751 813 3819; x_wconf 84' lang='lat'>9]</span> <span class='ocrx_word' id='word_1_365' title='bbox 831 3751 872 3804; x_wconf 81' lang='lat' dir='ltr'>Bc</span> <span class='ocrx_word' id='word_1_366' title='bbox 896 3762 927 3804; x_wconf 88' lang='lat' dir='ltr'>et</span> <span class='ocrx_word' id='word_1_367' title='bbox 951 3755 981 3806; x_wconf 91' lang='lat' dir='ltr'>in</span> <span class='ocrx_word' id='word_1_368' title='bbox 1002 3785 1032 3796; x_wconf 88' lang='lat'><em>-</em></span> <span class='ocrx_word' id='word_1_369' title='bbox 1060 3758 1108 3826; x_wconf 88' lang='lat'>10)</span> <span class='ocrx_word' id='word_1_370' title='bbox 1125 3759 1167 3812; x_wconf 82' lang='lat' dir='ltr'>Bc</span> 
     </span>
     <span class='ocr_line' id='line_1_42' title="bbox 198 3822 420 3888; baseline -0.009 -16"><span class='ocrx_word' id='word_1_371' title='bbox 198 3822 420 3888; x_wconf 84' lang='lat' dir='ltr'>interrogans.</span> 
     </span>
    </p>
   </div>
   <div class='ocr_carea' id='block_1_4' title="bbox 861 3895 908 3966">
    <p class='ocr_par' dir='ltr' id='par_1_4' title="bbox 861 3895 908 3966">
     <span class='ocr_line' id='line_1_43' title="bbox 861 3895 908 3966; baseline 0 0"><span class='ocrx_word' id='word_1_372' title='bbox 861 3895 908 3966; x_wconf 79' lang='lat'>14</span> 
     </span>
    </p>
   </div>
   <div class='ocr_carea' id='block_1_5' title="bbox 0 0 1326 4330">
    <p class='ocr_par' dir='ltr' id='par_1_5' title="bbox 0 0 1326 4330">
     <span class='ocr_line' id='line_1_44' title="bbox 0 0 1326 4330; baseline 0 1"><span class='ocrx_word' id='word_1_373' title='bbox 0 0 1326 4330; x_wconf 95' lang='lat' dir='ltr'> </span> 
     </span>
    </p>
   </div>
  </div>
 </body>
</html>
