<?xml version="1.0" encoding="UTF-8"?>
<!DOCTYPE html PUBLIC "-//W3C//DTD XHTML 1.0 Transitional//EN"
    "http://www.w3.org/TR/xhtml1/DTD/xhtml1-transitional.dtd">
<html xmlns="http://www.w3.org/1999/xhtml" xml:lang="en" lang="en">
 <head>
  <title>
</title>
<meta http-equiv="Content-Type" content="text/html;charset=utf-8" />
  <meta name='ocr-system' content='tesseract 3.04.00' />
  <meta name='ocr-capabilities' content='ocr_page ocr_carea ocr_par ocr_line ocrx_word'/>
</head>
<body>
  <div class='ocr_page' id='page_1' title='image "./caesariiheister05stragoog_0198.png"; bbox 0 0 2622 4322; ppageno 0'>
   <div class='ocr_carea' id='block_1_1' title="bbox 429 257 1155 322">
    <p class='ocr_par' dir='ltr' id='par_1_1' title="bbox 429 257 1155 322">
     <span class='ocr_line' id='line_1_1' title="bbox 429 257 1155 322; baseline 0.006 -4"><span class='ocrx_word' id='word_1_1' title='bbox 429 257 483 318; x_wconf 80' lang='grc' dir='ltr'><strong>ΒΕ</strong></span> <span class='ocrx_word' id='word_1_2' title='bbox 510 257 774 322; x_wconf 66' lang='lat' dir='ltr'><strong>hunnericus.</strong></span> <span class='ocrx_word' id='word_1_3' title='bbox 1064 261 1125 322; x_wconf 82' lang='lat'><strong>183</strong></span> <span class='ocrx_word' id='word_1_4' title='bbox 1151 275 1155 280; x_wconf 87' lang='grc'><strong><em>·</em></strong></span> 
     </span>
    </p>
   </div>
   <div class='ocr_carea' id='block_1_2' title="bbox 105 375 1127 546">
    <p class='ocr_par' dir='ltr' id='par_1_2' title="bbox 105 375 1127 546">
     <span class='ocr_line' id='line_1_2' title="bbox 107 375 1127 460; baseline 0.004 -22"><span class='ocrx_word' id='word_1_5' title='bbox 107 375 211 456; x_wconf 85' lang='lat' dir='ltr'><strong>capitulo</strong></span> <span class='ocrx_word' id='word_1_6' title='bbox 223 382 357 457; x_wconf 82' lang='lat' dir='ltr'><strong>sequenti</strong></span> <span class='ocrx_word' id='word_1_7' title='bbox 371 379 410 441; x_wconf 89' lang='lat' dir='ltr'><strong>de</strong></span> <span class='ocrx_word' id='word_1_8' title='bbox 423 383 544 458; x_wconf 89' lang='lat' dir='ltr'><strong>superba</strong></span> <span class='ocrx_word' id='word_1_9' title='bbox 555 381 663 458; x_wconf 84' lang='lat' dir='ltr'><strong>vetula,</strong></span> <span class='ocrx_word' id='word_1_10' title='bbox 684 399 760 459; x_wconf 87' lang='lat' dir='ltr'><strong>quae</strong></span> <span class='ocrx_word' id='word_1_11' title='bbox 773 382 942 460; x_wconf 72' lang='lat' dir='ltr'><strong>magianum</strong></span> <span class='ocrx_word' id='word_1_12' title='bbox 955 379 1127 458; x_wconf 79' lang='lat' dir='ltr'><strong>rimoldum,</strong></span> 
     </span>
     <span class='ocr_line' id='line_1_3' title="bbox 105 466 1005 546; baseline 0.007 -22"><span class='ocrx_word' id='word_1_13' title='bbox 105 466 222 540; x_wconf 71' lang='lat' dir='ltr'><strong>praedicti</strong></span> <span class='ocrx_word' id='word_1_14' title='bbox 242 466 352 530; x_wconf 80' lang='lat' dir='ltr'><strong>Olineri</strong></span> <span class='ocrx_word' id='word_1_15' title='bbox 375 468 553 546; x_wconf 93' lang='lat' dir='ltr'><strong>discipulum,</strong></span> <span class='ocrx_word' id='word_1_16' title='bbox 573 468 788 546; x_wconf 78' lang='lat' dir='ltr'><strong>praedicantem</strong></span> <span class='ocrx_word' id='word_1_17' title='bbox 808 470 1005 530; x_wconf 68' lang='lat' dir='ltr'><strong>subsannavit</strong></span> 
     </span>
    </p>
   </div>
   <div class='ocr_carea' id='block_1_3' title="bbox 452 658 762 721">
    <p class='ocr_par' dir='ltr' id='par_1_3' title="bbox 452 658 762 721">
     <span class='ocr_line' id='line_1_4' title="bbox 452 658 762 721; baseline 0 -2"><span class='ocrx_word' id='word_1_18' title='bbox 452 658 685 721; x_wconf 79' lang='lat' dir='ltr'><strong>CAPITULUM</strong></span> <span class='ocrx_word' id='word_1_19' title='bbox 705 660 762 720; x_wconf 90' lang='lat' dir='ltr'><strong>XI.</strong></span> 
     </span>
    </p>
   </div>
   <div class='ocr_carea' id='block_1_4' title="bbox 102 778 1125 1030">
    <p class='ocr_par' dir='ltr' id='par_1_4' title="bbox 102 778 1125 1030">
     <span class='ocr_line' id='line_1_5' title="bbox 102 778 1125 858; baseline 0.004 -20"><span class='ocrx_word' id='word_1_20' title='bbox 102 778 275 855; x_wconf 71' lang='lat' dir='ltr'><strong>Dc‘oetulo,</strong></span> <span class='ocrx_word' id='word_1_21' title='bbox 309 799 390 857; x_wconf 82' lang='lat' dir='ltr'><strong>quoe</strong></span> <span class='ocrx_word' id='word_1_22' title='bbox 411 799 470 857; x_wconf 82' lang='lat' dir='ltr'><strong>per</strong></span> <span class='ocrx_word' id='word_1_23' title='bbox 498 781 636 840; x_wconf 76' lang='lat' dir='ltr'><strong>choream</strong></span> <span class='ocrx_word' id='word_1_24' title='bbox 663 779 787 840; x_wconf 67' lang='lat' dir='ltr'><strong>orbum</strong></span> <span class='ocrx_word' id='word_1_25' title='bbox 815 784 910 840; x_wconf 68' lang='lat' dir='ltr'><strong>crude</strong></span> <span class='ocrx_word' id='word_1_26' title='bbox 940 799 960 840; x_wconf 90' lang='lat' dir='ltr'><strong>o</strong></span> <span class='ocrx_word' id='word_1_27' title='bbox 981 785 1125 858; x_wconf 74' lang='lat' dir='ltr'><strong>magistro</strong></span> 
     </span>
     <span class='ocr_line' id='line_1_6' title="bbox 135 867 1082 1030; baseline 0.002 -104"><span class='ocrx_word' id='word_1_28' title='bbox 135 869 262 928; x_wconf 82' lang='lat' dir='ltr'><strong>Amoldo</strong></span> <span class='ocrx_word' id='word_1_29' title='bbox 278 869 439 944; x_wconf 82' lang='lat' dir='ltr'><strong>prolatum</strong></span> <span class='ocrx_word' id='word_1_30' title='bbox 456 867 820 1030; x_wconf 42' lang='lat' dir='ltr'><strong>iamdesszeqrtccatstaeitrrtdoca,</strong></span> <span class='ocrx_word' id='word_1_31' title='bbox 841 867 926 946; x_wconf 79' lang='lat' dir='ltr'><strong>infru</strong></span> <span class='ocrx_word' id='word_1_32' title='bbox 948 869 1082 928; x_wconf 70' lang='lat' dir='ltr'><strong>biduum</strong></span> 
     </span>
    </p>
   </div>
   <div class='ocr_carea' id='block_1_5' title="bbox 33 1087 1125 2714">
    <p class='ocr_par' dir='ltr' id='par_1_5' title="bbox 97 1087 1125 1949">
     <span class='ocr_line' id='line_1_7' title="bbox 152 1087 1125 1173; baseline 0.004 -23"><span class='ocrx_word' id='word_1_33' title='bbox 152 1089 222 1150; x_wconf 76' lang='lat' dir='ltr'><strong>(lum</strong></span> <span class='ocrx_word' id='word_1_34' title='bbox 237 1089 255 1173; x_wconf 89' lang='lat'><strong>¹)</strong></span> <span class='ocrx_word' id='word_1_35' title='bbox 277 1087 355 1152; x_wconf 89' lang='lat' dir='ltr'><strong>esset</strong></span> <span class='ocrx_word' id='word_1_36' title='bbox 375 1093 452 1152; x_wconf 92' lang='lat' dir='ltr'><strong>idem</strong></span> <span class='ocrx_word' id='word_1_37' title='bbox 466 1091 613 1154; x_wconf 88' lang='lat' dir='ltr'><strong>Amcldus</strong></span> <span class='ocrx_word' id='word_1_38' title='bbox 626 1094 729 1152; x_wconf 84' lang='lat' dir='ltr'><strong>Pastor</strong></span> <span class='ocrx_word' id='word_1_39' title='bbox 748 1094 779 1152; x_wconf 92' lang='lat' dir='ltr'><strong>in</strong></span> <span class='ocrx_word' id='word_1_40' title='bbox 799 1091 962 1170; x_wconf 87' lang='lat' dir='ltr'><strong>Burgende,</strong></span> <span class='ocrx_word' id='word_1_41' title='bbox 985 1109 1060 1168; x_wconf 88' lang='lat' dir='ltr'><strong>quae</strong></span> <span class='ocrx_word' id='word_1_42' title='bbox 1081 1098 1125 1154; x_wconf 89' lang='lat' dir='ltr'><strong>est</strong></span> 
     </span>
     <span class='ocr_line' id='line_1_8' title="bbox 100 1175 1120 1260; baseline 0.001 -23"><span class='ocrx_word' id='word_1_43' title='bbox 100 1175 154 1237; x_wconf 84' lang='lat' dir='ltr'><strong>villa</strong></span> <span class='ocrx_word' id='word_1_44' title='bbox 172 1177 359 1260; x_wconf 85' lang='lat' dir='ltr'><strong>Dnentiae²),</strong></span> <span class='ocrx_word' id='word_1_45' title='bbox 388 1187 418 1239; x_wconf 90' lang='lat' dir='ltr'><strong>et</strong></span> <span class='ocrx_word' id='word_1_46' title='bbox 437 1183 468 1238; x_wconf 90' lang='lat' dir='ltr'><strong>in</strong></span> <span class='ocrx_word' id='word_1_47' title='bbox 486 1179 532 1240; x_wconf 90' lang='lat' dir='ltr'><strong>die</strong></span> <span class='ocrx_word' id='word_1_48' title='bbox 550 1179 757 1257; x_wconf 86' lang='lat' dir='ltr'><strong>Apostolorum</strong></span> <span class='ocrx_word' id='word_1_49' title='bbox 777 1180 855 1240; x_wconf 86' lang='lat' dir='ltr'><strong>Petri</strong></span> <span class='ocrx_word' id='word_1_50' title='bbox 883 1184 912 1239; x_wconf 93' lang='lat' dir='ltr'><strong>et</strong></span> <span class='ocrx_word' id='word_1_51' title='bbox 932 1179 1031 1255; x_wconf 88' lang='lat' dir='ltr'><strong>Pauli,</strong></span> <span class='ocrx_word' id='word_1_52' title='bbox 1059 1180 1120 1240; x_wconf 90' lang='lat' dir='ltr'><strong>eius</strong></span> 
     </span>
     <span class='ocr_line' id='line_1_9' title="bbox 98 1264 1123 1347; baseline 0.003 -24"><span class='ocrx_word' id='word_1_53' title='bbox 98 1265 249 1338; x_wconf 87' lang='lat' dir='ltr'><strong>parochiani</strong></span> <span class='ocrx_word' id='word_1_54' title='bbox 277 1265 424 1342; x_wconf 88' lang='lat' dir='ltr'><strong>quendam</strong></span> <span class='ocrx_word' id='word_1_55' title='bbox 451 1266 552 1326; x_wconf 93' lang='lat' dir='ltr'><strong>ludum</strong></span> <span class='ocrx_word' id='word_1_56' title='bbox 560 1264 581 1347; x_wconf 83' lang='lat'><strong>³)</strong></span> <span class='ocrx_word' id='word_1_57' title='bbox 610 1275 737 1327; x_wconf 84' lang='lat' dir='ltr'><strong>annuum</strong></span> <span class='ocrx_word' id='word_1_58' title='bbox 762 1267 793 1324; x_wconf 90' lang='lat' dir='ltr'><strong>in</strong></span> <span class='ocrx_word' id='word_1_59' title='bbox 822 1266 932 1326; x_wconf 88' lang='lat' dir='ltr'><strong>choreis</strong></span> <span class='ocrx_word' id='word_1_60' title='bbox 957 1273 987 1326; x_wconf 91' lang='lat' dir='ltr'><strong>et</strong></span> <span class='ocrx_word' id='word_1_61' title='bbox 1006 1268 1123 1326; x_wconf 89' lang='lat' dir='ltr'><strong>musicis</strong></span> 
     </span>
     <span class='ocr_line' id='line_1_10' title="bbox 98 1350 1124 1429; baseline 0.001 -20"><span class='ocrx_word' id='word_1_62' title='bbox 98 1350 277 1413; x_wconf 85' lang='lat' dir='ltr'><strong>instrumentis</strong></span> <span class='ocrx_word' id='word_1_63' title='bbox 297 1352 473 1429; x_wconf 90' lang='lat' dir='ltr'><strong>recolerent,</strong></span> <span class='ocrx_word' id='word_1_64' title='bbox 496 1355 559 1429; x_wconf 89' lang='lat' dir='ltr'><strong>ipse</strong></span> <span class='ocrx_word' id='word_1_65' title='bbox 580 1355 639 1413; x_wconf 90' lang='lat' dir='ltr'><strong>iam</strong></span> <span class='ocrx_word' id='word_1_66' title='bbox 660 1353 771 1414; x_wconf 89' lang='lat' dir='ltr'><strong>babens</strong></span> <span class='ocrx_word' id='word_1_67' title='bbox 792 1351 976 1429; x_wconf 90' lang='lat' dir='ltr'><strong>praedicandi</strong></span> <span class='ocrx_word' id='word_1_68' title='bbox 997 1353 1124 1413; x_wconf 90' lang='lat' dir='ltr'><strong>auctori-</strong></span> 
     </span>
     <span class='ocr_line' id='line_1_11' title="bbox 98 1438 1125 1515; baseline 0 -17"><span class='ocrx_word' id='word_1_69' title='bbox 98 1442 181 1513; x_wconf 84' lang='lat' dir='ltr'><strong>tatem,</strong></span> <span class='ocrx_word' id='word_1_70' title='bbox 202 1456 268 1499; x_wconf 92' lang='lat' dir='ltr'><strong>cum</strong></span> <span class='ocrx_word' id='word_1_71' title='bbox 290 1457 377 1501; x_wconf 88' lang='lat' dir='ltr'><strong>cruce</strong></span> <span class='ocrx_word' id='word_1_72' title='bbox 399 1439 438 1500; x_wconf 95' lang='lat' dir='ltr'><strong>ad</strong></span> <span class='ocrx_word' id='word_1_73' title='bbox 460 1439 594 1500; x_wconf 90' lang='lat' dir='ltr'><strong>choream</strong></span> <span class='ocrx_word' id='word_1_74' title='bbox 616 1443 752 1515; x_wconf 87' lang='lat' dir='ltr'><strong>accessit,</strong></span> <span class='ocrx_word' id='word_1_75' title='bbox 783 1446 812 1499; x_wconf 88' lang='lat' dir='ltr'><strong>et</strong></span> <span class='ocrx_word' id='word_1_76' title='bbox 833 1446 866 1499; x_wconf 91' lang='lat' dir='ltr'><strong>ut</strong></span> <span class='ocrx_word' id='word_1_77' title='bbox 887 1456 905 1499; x_wconf 92' lang='lat' dir='ltr'><strong>a</strong></span> <span class='ocrx_word' id='word_1_78' title='bbox 926 1439 994 1503; x_wconf 90' lang='lat' dir='ltr'><strong>ludo</strong></span> <span class='ocrx_word' id='word_1_79' title='bbox 1017 1438 1125 1500; x_wconf 75' lang='lat' dir='ltr'><strong>habeb</strong></span> 
     </span>
     <span class='ocr_line' id='line_1_12' title="bbox 98 1525 1124 1603; baseline 0.008 -23"><span class='ocrx_word' id='word_1_80' title='bbox 98 1525 261 1601; x_wconf 85' lang='lat' dir='ltr'><strong>recederent,</strong></span> <span class='ocrx_word' id='word_1_81' title='bbox 283 1543 385 1586; x_wconf 92' lang='lat' dir='ltr'><strong>omnes</strong></span> <span class='ocrx_word' id='word_1_82' title='bbox 406 1529 526 1602; x_wconf 89' lang='lat' dir='ltr'><strong>monuit,</strong></span> <span class='ocrx_word' id='word_1_83' title='bbox 546 1529 660 1603; x_wconf 87' lang='lat' dir='ltr'><strong>rogavit</strong></span> <span class='ocrx_word' id='word_1_84' title='bbox 681 1532 710 1586; x_wconf 91' lang='lat' dir='ltr'><strong>et</strong></span> <span class='ocrx_word' id='word_1_85' title='bbox 730 1528 885 1602; x_wconf 89' lang='lat' dir='ltr'><strong>praecepit</strong></span> <span class='ocrx_word' id='word_1_86' title='bbox 929 1526 985 1603; x_wconf 86' lang='lat' dir='ltr'><strong>Qui</strong></span> <span class='ocrx_word' id='word_1_87' title='bbox 1007 1543 1073 1586; x_wconf 92' lang='lat' dir='ltr'><strong>cnm</strong></span> <span class='ocrx_word' id='word_1_88' title='bbox 1093 1528 1124 1588; x_wconf 87' lang='lat' dir='ltr'><strong>in</strong></span> 
     </span>
     <span class='ocr_line' id='line_1_13' title="bbox 98 1610 1124 1690; baseline 0.004 -21"><span class='ocrx_word' id='word_1_89' title='bbox 98 1610 186 1671; x_wconf 90' lang='lat' dir='ltr'><strong>ecdem</strong></span> <span class='ocrx_word' id='word_1_90' title='bbox 197 1613 261 1673; x_wconf 90' lang='lat' dir='ltr'><strong>loco</strong></span> <span class='ocrx_word' id='word_1_91' title='bbox 274 1613 444 1689; x_wconf 85' lang='lat' dir='ltr'><strong>praedicare</strong></span> <span class='ocrx_word' id='word_1_92' title='bbox 463 1616 612 1690; x_wconf 87' lang='lat' dir='ltr'><strong>coepisset,</strong></span> <span class='ocrx_word' id='word_1_93' title='bbox 634 1612 753 1689; x_wconf 88' lang='lat' dir='ltr'><strong>quidam</strong></span> <span class='ocrx_word' id='word_1_94' title='bbox 768 1613 935 1673; x_wconf 90' lang='lat' dir='ltr'><strong>obedientes</strong></span> <span class='ocrx_word' id='word_1_95' title='bbox 956 1611 994 1672; x_wconf 92' lang='lat' dir='ltr'><strong>ad</strong></span> <span class='ocrx_word' id='word_1_96' title='bbox 1007 1612 1124 1689; x_wconf 89' lang='lat' dir='ltr'><strong>praedi·</strong></span> 
     </span>
     <span class='ocr_line' id='line_1_14' title="bbox 98 1699 1125 1777; baseline 0.003 -21"><span class='ocrx_word' id='word_1_97' title='bbox 98 1699 225 1758; x_wconf 69' lang='lat' dir='ltr'><strong>cahom</strong></span> <span class='ocrx_word' id='word_1_98' title='bbox 239 1702 301 1760; x_wconf 90' lang='lat' dir='ltr'><strong>eius</strong></span> <span class='ocrx_word' id='word_1_99' title='bbox 312 1705 469 1776; x_wconf 80' lang='lat' dir='ltr'><strong>veneruut3</strong></span> <span class='ocrx_word' id='word_1_100' title='bbox 485 1701 532 1759; x_wconf 85' lang='lat' dir='ltr'><strong>alii</strong></span> <span class='ocrx_word' id='word_1_101' title='bbox 547 1717 613 1760; x_wconf 90' lang='lat' dir='ltr'><strong>cum</strong></span> <span class='ocrx_word' id='word_1_102' title='bbox 627 1699 821 1777; x_wconf 85' lang='lat' dir='ltr'><strong>indignatione</strong></span> <span class='ocrx_word' id='word_1_103' title='bbox 833 1699 1008 1773; x_wconf 85' lang='lat' dir='ltr'><strong>recedentes,</strong></span> <span class='ocrx_word' id='word_1_104' title='bbox 1023 1705 1125 1759; x_wconf 87' lang='lat' dir='ltr'><strong>contra</strong></span> 
     </span>
     <span class='ocr_line' id='line_1_15' title="bbox 98 1781 1124 1865; baseline 0.002 -23"><span class='ocrx_word' id='word_1_105' title='bbox 98 1783 218 1846; x_wconf 86' lang='lat' dir='ltr'><strong>choream</strong></span> <span class='ocrx_word' id='word_1_106' title='bbox 238 1792 399 1864; x_wconf 82' lang='lat' dir='ltr'><strong>steterunt3</strong></span> <span class='ocrx_word' id='word_1_107' title='bbox 420 1787 547 1846; x_wconf 90' lang='lat' dir='ltr'><strong>nonnulli</strong></span> <span class='ocrx_word' id='word_1_108' title='bbox 569 1788 599 1844; x_wconf 92' lang='lat' dir='ltr'><strong>in</strong></span> <span class='ocrx_word' id='word_1_109' title='bbox 620 1803 673 1847; x_wconf 90' lang='lat' dir='ltr'><strong>sna</strong></span> <span class='ocrx_word' id='word_1_110' title='bbox 693 1788 850 1863; x_wconf 86' lang='lat' dir='ltr'><strong>pertinacia</strong></span> <span class='ocrx_word' id='word_1_111' title='bbox 869 1781 1124 1865; x_wconf 56' lang='lat' dir='ltr'><strong>pexmanseruntb.</strong></span> 
     </span>
     <span class='ocr_line' id='line_1_16' title="bbox 97 1868 1124 1949; baseline 0.004 -21"><span class='ocrx_word' id='word_1_112' title='bbox 97 1868 164 1931; x_wconf 89' lang='lat' dir='ltr'><strong>Inter</strong></span> <span class='ocrx_word' id='word_1_113' title='bbox 182 1890 254 1948; x_wconf 89' lang='lat' dir='ltr'><strong>quos</strong></span> <span class='ocrx_word' id='word_1_114' title='bbox 286 1879 348 1934; x_wconf 91' lang='lat' dir='ltr'><strong>erat</strong></span> <span class='ocrx_word' id='word_1_115' title='bbox 368 1874 467 1934; x_wconf 85' lang='lat' dir='ltr'><strong>vetula</strong></span> <span class='ocrx_word' id='word_1_116' title='bbox 487 1890 546 1933; x_wconf 90' lang='lat' dir='ltr'><strong>una</strong></span> <span class='ocrx_word' id='word_1_117' title='bbox 567 1873 655 1932; x_wconf 87' lang='lat' dir='ltr'><strong>stulta</strong></span> <span class='ocrx_word' id='word_1_118' title='bbox 676 1890 711 1933; x_wconf 88' lang='lat' dir='ltr'><strong>ac</strong></span> <span class='ocrx_word' id='word_1_119' title='bbox 732 1874 872 1949; x_wconf 87' lang='lat' dir='ltr'><strong>superba,</strong></span> <span class='ocrx_word' id='word_1_120' title='bbox 894 1889 969 1948; x_wconf 88' lang='lat' dir='ltr'><strong>qnae</strong></span> <span class='ocrx_word' id='word_1_121' title='bbox 991 1875 1124 1949; x_wconf 88' lang='lat' dir='ltr'><strong>quotiens</strong></span> 
     </span>
    </p>

    <p class='ocr_par' dir='ltr' id='par_1_6' title="bbox 33 1955 1123 2040">
     <span class='ocr_line' id='line_1_17' title="bbox 33 1955 1123 2040; baseline 0 -24"><span class='ocrx_word' id='word_1_122' title='bbox 33 2003 34 2040; x_wconf 50' lang='lat'>3</span> <span class='ocrx_word' id='word_1_123' title='bbox 97 1955 151 2038; x_wconf 83' lang='lat' dir='ltr'><strong>ed⁵)</strong></span> <span class='ocrx_word' id='word_1_124' title='bbox 171 1959 352 2020; x_wconf 86' lang='lat' dir='ltr'><strong>sacerdotem</strong></span> <span class='ocrx_word' id='word_1_125' title='bbox 373 1960 491 2020; x_wconf 88' lang='lat' dir='ltr'><strong>Domini</strong></span> <span class='ocrx_word' id='word_1_126' title='bbox 510 1962 541 2019; x_wconf 92' lang='lat' dir='ltr'><strong>in</strong></span> <span class='ocrx_word' id='word_1_127' title='bbox 563 1959 668 2020; x_wconf 88' lang='lat' dir='ltr'><strong>chorea</strong></span> <span class='ocrx_word' id='word_1_128' title='bbox 689 1959 861 2020; x_wconf 90' lang='lat' dir='ltr'><strong>circueundo</strong></span> <span class='ocrx_word' id='word_1_129' title='bbox 884 1961 1025 2033; x_wconf 89' lang='lat' dir='ltr'><strong>venisset,</strong></span> <span class='ocrx_word' id='word_1_130' title='bbox 1050 1975 1123 2018; x_wconf 89' lang='lat' dir='ltr'><strong>con·</strong></span> 
     </span>
    </p>

    <p class='ocr_par' dir='ltr' id='par_1_7' title="bbox 33 2041 1123 2714">
     <span class='ocr_line' id='line_1_18' title="bbox 33 2041 1123 2126; baseline -0.006 -16"><span class='ocrx_word' id='word_1_131' title='bbox 33 2041 34 2110; x_wconf 81' lang='lat' dir='ltr'><strong>l</strong></span> <span class='ocrx_word' id='word_1_132' title='bbox 97 2043 236 2126; x_wconf 81' lang='lat' dir='ltr'><strong>haeum⁶)</strong></span> <span class='ocrx_word' id='word_1_133' title='bbox 257 2049 414 2123; x_wconf 84' lang='lat' dir='ltr'><strong>respiciens</strong></span> <span class='ocrx_word' id='word_1_134' title='bbox 427 2046 569 2107; x_wconf 83' lang='lat' dir='ltr'><strong>cantando</strong></span> <span class='ocrx_word' id='word_1_135' title='bbox 582 2047 777 2106; x_wconf 86' lang='lat' dir='ltr'><strong>subsannavit</strong></span> <span class='ocrx_word' id='word_1_136' title='bbox 809 2046 891 2122; x_wconf 83' lang='lat' dir='ltr'><strong>Quae</strong></span> <span class='ocrx_word' id='word_1_137' title='bbox 911 2045 1123 2105; x_wconf 86' lang='lat' dir='ltr'><strong>inhatriduum</strong></span> 
     </span>
     <span class='ocr_line' id='line_1_19' title="bbox 97 2131 1123 2210; baseline 0.007 -22"><span class='ocrx_word' id='word_1_138' title='bbox 97 2131 179 2193; x_wconf 90' lang='lat' dir='ltr'><strong>subito</strong></span> <span class='ocrx_word' id='word_1_139' title='bbox 208 2133 342 2194; x_wconf 88' lang='lat' dir='ltr'><strong>defuncta</strong></span> <span class='ocrx_word' id='word_1_140' title='bbox 371 2140 424 2194; x_wconf 89' lang='lat' dir='ltr'><strong>est.</strong></span> <span class='ocrx_word' id='word_1_141' title='bbox 466 2133 561 2210; x_wconf 81' lang='lat' dir='ltr'><strong>Quam</strong></span> <span class='ocrx_word' id='word_1_142' title='bbox 588 2135 632 2192; x_wconf 88' lang='lat' dir='ltr'><strong>vir</strong></span> <span class='ocrx_word' id='word_1_143' title='bbox 658 2139 774 2193; x_wconf 88' lang='lat' dir='ltr'><strong>sanctus</strong></span> <span class='ocrx_word' id='word_1_144' title='bbox 800 2136 842 2192; x_wconf 90' lang='lat' dir='ltr'><strong>sic</strong></span> <span class='ocrx_word' id='word_1_145' title='bbox 870 2133 999 2208; x_wconf 87' lang='lat' dir='ltr'><strong>deflevit,</strong></span> <span class='ocrx_word' id='word_1_146' title='bbox 1028 2150 1063 2193; x_wconf 92' lang='lat' dir='ltr'><strong>ac</strong></span> <span class='ocrx_word' id='word_1_147' title='bbox 1097 2137 1123 2195; x_wconf 90' lang='lat' dir='ltr'><strong>si</strong></span> 
     </span>
     <span class='ocr_line' id='line_1_20' title="bbox 97 2217 1123 2300; baseline 0.005 -23"><span class='ocrx_word' id='word_1_148' title='bbox 97 2220 215 2279; x_wconf 87' lang='lat' dir='ltr'><strong>manibus</strong></span> <span class='ocrx_word' id='word_1_149' title='bbox 224 2223 284 2280; x_wconf 90' lang='lat' dir='ltr'><strong>suis</strong></span> <span class='ocrx_word' id='word_1_150' title='bbox 293 2217 313 2300; x_wconf 76' lang='grc'><strong>1)</strong></span> <span class='ocrx_word' id='word_1_151' title='bbox 335 2219 416 2279; x_wconf 87' lang='lat' dir='ltr'><strong>illam</strong></span> <span class='ocrx_word' id='word_1_152' title='bbox 429 2222 617 2279; x_wconf 89' lang='lat' dir='ltr'><strong>exstinxisset.</strong></span> <span class='ocrx_word' id='word_1_153' title='bbox 659 2217 716 2279; x_wconf 88' lang='lat' dir='ltr'><strong>Per</strong></span> <span class='ocrx_word' id='word_1_154' title='bbox 727 2222 828 2279; x_wconf 86' lang='lat' dir='ltr'><strong>vitium</strong></span> <span class='ocrx_word' id='word_1_155' title='bbox 845 2221 996 2297; x_wconf 91' lang='lat' dir='ltr'><strong>superbiae</strong></span> <span class='ocrx_word' id='word_1_156' title='bbox 1016 2218 1123 2282; x_wconf 91' lang='lat' dir='ltr'><strong>multos</strong></span> 
     </span>
     <span class='ocr_line' id='line_1_21' title="bbox 98 2301 1123 2380; baseline 0.004 -17"><span class='ocrx_word' id='word_1_157' title='bbox 98 2301 215 2366; x_wconf 85' lang='lat' dir='ltr'><strong>diabolus</strong></span> <span class='ocrx_word' id='word_1_158' title='bbox 235 2312 337 2368; x_wconf 88' lang='lat' dir='ltr'><strong>tentat.</strong></span> <span class='ocrx_word' id='word_1_159' title='bbox 380 2305 465 2366; x_wconf 89' lang='lat' dir='ltr'><strong>Unde</strong></span> <span class='ocrx_word' id='word_1_160' title='bbox 486 2305 660 2367; x_wconf 90' lang='lat' dir='ltr'><strong>studendum</strong></span> <span class='ocrx_word' id='word_1_161' title='bbox 682 2313 726 2366; x_wconf 92' lang='lat' dir='ltr'><strong>est</strong></span> <span class='ocrx_word' id='word_1_162' title='bbox 748 2307 888 2380; x_wconf 91' lang='lat' dir='ltr'><strong>omnibns,</strong></span> <span class='ocrx_word' id='word_1_163' title='bbox 909 2309 1033 2366; x_wconf 89' lang='lat' dir='ltr'><strong>maxime</strong></span> <span class='ocrx_word' id='word_1_164' title='bbox 1054 2305 1123 2367; x_wconf 83' lang='lat' dir='ltr'><strong>reli.-</strong></span> 
     </span>
     <span class='ocr_line' id='line_1_22' title="bbox 97 2389 1123 2472; baseline 0.006 -22"><span class='ocrx_word' id='word_1_165' title='bbox 97 2389 199 2472; x_wconf 65' lang='lat' dir='ltr'><strong>gicsisr)</strong></span> <span class='ocrx_word' id='word_1_166' title='bbox 219 2401 248 2452; x_wconf 92' lang='lat' dir='ltr'><strong>et</strong></span> <span class='ocrx_word' id='word_1_167' title='bbox 269 2391 487 2468; x_wconf 77' lang='lat' dir='ltr'><strong>claustralibus,</strong></span> <span class='ocrx_word' id='word_1_168' title='bbox 514 2399 548 2452; x_wconf 92' lang='lat' dir='ltr'><strong>ut</strong></span> <span class='ocrx_word' id='word_1_169' title='bbox 568 2395 609 2452; x_wconf 89' lang='lat' dir='ltr'><strong>sic</strong></span> <span class='ocrx_word' id='word_1_170' title='bbox 642 2410 674 2453; x_wconf 91' lang='lat' dir='ltr'><strong>se</strong></span> <span class='ocrx_word' id='word_1_171' title='bbox 695 2395 724 2452; x_wconf 91' lang='lat' dir='ltr'><strong>in</strong></span> <span class='ocrx_word' id='word_1_172' title='bbox 745 2393 855 2469; x_wconf 85' lang='lat' dir='ltr'><strong>verbis,</strong></span> <span class='ocrx_word' id='word_1_173' title='bbox 884 2395 914 2452; x_wconf 92' lang='lat' dir='ltr'><strong>in</strong></span> <span class='ocrx_word' id='word_1_174' title='bbox 935 2393 1072 2470; x_wconf 85' lang='lat' dir='ltr'><strong>gestibus,</strong></span> <span class='ocrx_word' id='word_1_175' title='bbox 1092 2397 1123 2456; x_wconf 91' lang='lat' dir='ltr'><strong>in</strong></span> 
     </span>
     <span class='ocr_line' id='line_1_23' title="bbox 97 2479 1122 2557; baseline 0.008 -23"><span class='ocrx_word' id='word_1_176' title='bbox 97 2481 266 2557; x_wconf 72' lang='lat' dir='ltr'><strong>retinentis,</strong></span> <span class='ocrx_word' id='word_1_177' title='bbox 288 2486 318 2540; x_wconf 91' lang='lat' dir='ltr'><strong>et</strong></span> <span class='ocrx_word' id='word_1_178' title='bbox 334 2482 365 2538; x_wconf 90' lang='lat' dir='ltr'><strong>in</strong></span> <span class='ocrx_word' id='word_1_179' title='bbox 388 2482 488 2540; x_wconf 87' lang='lat' dir='ltr'><strong>ceteris</strong></span> <span class='ocrx_word' id='word_1_180' title='bbox 509 2479 650 2554; x_wconf 88' lang='lat' dir='ltr'><strong>omnibns,</strong></span> <span class='ocrx_word' id='word_1_181' title='bbox 672 2497 746 2556; x_wconf 90' lang='lat' dir='ltr'><strong>quae</strong></span> <span class='ocrx_word' id='word_1_182' title='bbox 767 2479 805 2538; x_wconf 88' lang='lat' dir='ltr'><strong>ad</strong></span> <span class='ocrx_word' id='word_1_183' title='bbox 837 2497 922 2538; x_wconf 91' lang='lat' dir='ltr'><strong>nsum</strong></span> <span class='ocrx_word' id='word_1_184' title='bbox 954 2482 1122 2543; x_wconf 87' lang='lat' dir='ltr'><strong>exteriorem</strong></span> 
     </span>
     <span class='ocr_line' id='line_1_24' title="bbox 97 2565 1121 2652; baseline 0.004 -27"><span class='ocrx_word' id='word_1_185' title='bbox 97 2566 235 2642; x_wconf 83' lang='lat' dir='ltr'><strong>pertinent,</strong></span> <span class='ocrx_word' id='word_1_186' title='bbox 267 2566 440 2642; x_wconf 87' lang='lat' dir='ltr'><strong>exhibeant,</strong></span> <span class='ocrx_word' id='word_1_187' title='bbox 469 2583 506 2626; x_wconf 92' lang='lat' dir='ltr'><strong>ne</strong></span> <span class='ocrx_word' id='word_1_188' title='bbox 525 2565 610 2652; x_wconf 31' lang='lat' dir='ltr'><strong>&#39;apud</strong></span> <span class='ocrx_word' id='word_1_189' title='bbox 632 2565 793 2627; x_wconf 88' lang='lat' dir='ltr'><strong>saeculares</strong></span> <span class='ocrx_word' id='word_1_190' title='bbox 814 2567 844 2625; x_wconf 90' lang='lat' dir='ltr'><strong>in</strong></span> <span class='ocrx_word' id='word_1_191' title='bbox 872 2568 941 2627; x_wconf 83' lang='lat' dir='ltr'><strong>vitio</strong></span> <span class='ocrx_word' id='word_1_192' title='bbox 970 2569 1121 2643; x_wconf 88' lang='lat' dir='ltr'><strong>superbiae</strong></span> 
     </span>
     <span class='ocr_line' id='line_1_25' title="bbox 98 2652 325 2714; baseline 0.022 -7"><span class='ocrx_word' id='word_1_193' title='bbox 98 2652 224 2714; x_wconf 89' lang='lat' dir='ltr'><strong>notabiles</strong></span> <span class='ocrx_word' id='word_1_194' title='bbox 243 2654 325 2714; x_wconf 89' lang='lat' dir='ltr'><strong>fiant.</strong></span> 
     </span>
    </p>
   </div>
   <div class='ocr_carea' id='block_1_6' title="bbox 439 2824 768 2887">
    <p class='ocr_par' dir='ltr' id='par_1_8' title="bbox 439 2824 768 2887">
     <span class='ocr_line' id='line_1_26' title="bbox 439 2824 768 2887; baseline -0.003 -2"><span class='ocrx_word' id='word_1_195' title='bbox 439 2824 672 2887; x_wconf 82' lang='lat' dir='ltr'><strong>CAPITULUM</strong></span> <span class='ocrx_word' id='word_1_196' title='bbox 695 2825 768 2885; x_wconf 88' lang='lat' dir='ltr'><strong>XII.</strong></span> 
     </span>
    </p>
   </div>
   <div class='ocr_carea' id='block_1_7' title="bbox 133 2945 1077 3110">
    <p class='ocr_par' dir='ltr' id='par_1_9' title="bbox 133 2945 1077 3110">
     <span class='ocr_line' id='line_1_27' title="bbox 133 2945 1077 3028; baseline -0.002 -20"><span class='ocrx_word' id='word_1_197' title='bbox 133 2949 175 3008; x_wconf 87' lang='lat' dir='ltr'><strong>Dc</strong></span> <span class='ocrx_word' id='word_1_198' title='bbox 193 2951 333 3028; x_wconf 77' lang='lat' dir='ltr'><strong>Philippo</strong></span> <span class='ocrx_word' id='word_1_199' title='bbox 354 2945 437 3024; x_wconf 78' lang='lat' dir='ltr'><strong>Repe</strong></span> <span class='ocrx_word' id='word_1_200' title='bbox 457 2947 661 3022; x_wconf 78' lang='lat' dir='ltr'><strong>Francorum,</strong></span> <span class='ocrx_word' id='word_1_201' title='bbox 684 2949 737 3024; x_wconf 84' lang='lat' dir='ltr'><strong>qui</strong></span> <span class='ocrx_word' id='word_1_202' title='bbox 756 2950 877 3023; x_wconf 77' lang='lat' dir='ltr'><strong>ciprum</strong></span> <span class='ocrx_word' id='word_1_203' title='bbox 899 2948 1077 3008; x_wconf 81' lang='lat' dir='ltr'><strong>monachum</strong></span> 
     </span>
     <span class='ocr_line' id='line_1_28' title="bbox 303 3034 896 3110; baseline -0.005 -15"><span class='ocrx_word' id='word_1_204' title='bbox 303 3035 341 3096; x_wconf 88' lang='lat' dir='ltr'><strong>ob</strong></span> <span class='ocrx_word' id='word_1_205' title='bbox 363 3037 467 3094; x_wconf 75' lang='lat' dir='ltr'><strong>scruta</strong></span> <span class='ocrx_word' id='word_1_206' title='bbox 489 3035 683 3094; x_wconf 66' lang='lat' dir='ltr'><strong>culuomenio</strong></span> <span class='ocrx_word' id='word_1_207' title='bbox 704 3034 896 3110; x_wconf 78' lang='lat' dir='ltr'><strong>reprehendit</strong></span> 
     </span>
    </p>
   </div>
   <div class='ocr_carea' id='block_1_8' title="bbox 100 3171 1206 3512">
    <p class='ocr_par' dir='ltr' id='par_1_10' title="bbox 100 3171 1206 3512">
     <span class='ocr_line' id='line_1_29' title="bbox 151 3171 1206 3252; baseline -0.002 -18"><span class='ocrx_word' id='word_1_208' title='bbox 151 3172 386 3251; x_wconf 83' lang='lat' dir='ltr'><strong>Nobilisquidam</strong></span> <span class='ocrx_word' id='word_1_209' title='bbox 399 3175 604 3232; x_wconf 89' lang='lat' dir='ltr'><strong>monasterium</strong></span> <span class='ocrx_word' id='word_1_210' title='bbox 619 3171 764 3248; x_wconf 88' lang='lat' dir='ltr'><strong>quoddam</strong></span> <span class='ocrx_word' id='word_1_211' title='bbox 785 3173 814 3230; x_wconf 89' lang='lat' dir='ltr'><strong>in</strong></span> <span class='ocrx_word' id='word_1_212' title='bbox 835 3171 959 3231; x_wconf 84' lang='lat' dir='ltr'><strong>Francia</strong></span> <span class='ocrx_word' id='word_1_213' title='bbox 979 3171 1120 3249; x_wconf 87' lang='lat' dir='ltr'><strong>spoliavit</strong></span> <span class='ocrx_word' id='word_1_214' title='bbox 1205 3249 1206 3252; x_wconf 8' lang='grc' dir='ltr'><strong>Ἴ</strong></span> 
     </span>
     <span class='ocr_line' id='line_1_30' title="bbox 100 3255 1120 3336; baseline 0.003 -21"><span class='ocrx_word' id='word_1_215' title='bbox 100 3255 157 3318; x_wconf 77' lang='lat' dir='ltr'><strong>brat</strong></span> <span class='ocrx_word' id='word_1_216' title='bbox 176 3264 245 3322; x_wconf 91' lang='lat' dir='ltr'><strong>enim</strong></span> <span class='ocrx_word' id='word_1_217' title='bbox 267 3261 304 3322; x_wconf 92' lang='lat' dir='ltr'><strong>de</strong></span> <span class='ocrx_word' id='word_1_218' title='bbox 327 3259 428 3320; x_wconf 90' lang='lat' dir='ltr'><strong>ordine</strong></span> <span class='ocrx_word' id='word_1_219' title='bbox 448 3259 610 3336; x_wconf 89' lang='lat' dir='ltr'><strong>Nigrorum.</strong></span> <span class='ocrx_word' id='word_1_220' title='bbox 652 3257 767 3320; x_wconf 89' lang='lat' dir='ltr'><strong>Placuit</strong></span> <span class='ocrx_word' id='word_1_221' title='bbox 786 3256 897 3318; x_wconf 89' lang='lat' dir='ltr'><strong>Abbati</strong></span> <span class='ocrx_word' id='word_1_222' title='bbox 922 3264 951 3318; x_wconf 92' lang='lat' dir='ltr'><strong>et</strong></span> <span class='ocrx_word' id='word_1_223' title='bbox 970 3259 1120 3334; x_wconf 85' lang='lat' dir='ltr'><strong>fratribus,</strong></span> 
     </span>
     <span class='ocr_line' id='line_1_31' title="bbox 100 3345 1160 3423; baseline 0.004 -22"><span class='ocrx_word' id='word_1_224' title='bbox 100 3351 199 3407; x_wconf 89' lang='lat' dir='ltr'><strong>utunns</strong></span> <span class='ocrx_word' id='word_1_225' title='bbox 212 3346 410 3408; x_wconf 87' lang='lat' dir='ltr'><strong>exmonachis</strong></span> <span class='ocrx_word' id='word_1_226' title='bbox 427 3345 465 3405; x_wconf 90' lang='lat' dir='ltr'><strong>ad</strong></span> <span class='ocrx_word' id='word_1_227' title='bbox 479 3346 591 3423; x_wconf 87' lang='lat' dir='ltr'><strong>Regem</strong></span> <span class='ocrx_word' id='word_1_228' title='bbox 610 3345 784 3422; x_wconf 89' lang='lat' dir='ltr'><strong>Philippum,</strong></span> <span class='ocrx_word' id='word_1_229' title='bbox 807 3347 856 3420; x_wconf 91' lang='lat' dir='ltr'><strong>qui</strong></span> <span class='ocrx_word' id='word_1_230' title='bbox 876 3350 945 3405; x_wconf 89' lang='lat' dir='ltr'><strong>tunc</strong></span> <span class='ocrx_word' id='word_1_231' title='bbox 966 3346 1120 3422; x_wconf 89' lang='lat' dir='ltr'><strong>regnabat,</strong></span> <span class='ocrx_word' id='word_1_232' title='bbox 1158 3379 1160 3382; x_wconf 33' lang='lat' dir='ltr'>v</span> 
     </span>
     <span class='ocr_line' id='line_1_32' title="bbox 102 3431 1121 3512; baseline 0.003 -23"><span class='ocrx_word' id='word_1_233' title='bbox 102 3432 244 3510; x_wconf 74' lang='lat' dir='ltr'><strong>miteretur,</strong></span> <span class='ocrx_word' id='word_1_234' title='bbox 264 3452 317 3512; x_wconf 88' lang='lat' dir='ltr'><strong>per</strong></span> <span class='ocrx_word' id='word_1_235' title='bbox 342 3450 430 3510; x_wconf 91' lang='lat' dir='ltr'><strong>quem</strong></span> <span class='ocrx_word' id='word_1_236' title='bbox 452 3435 479 3493; x_wconf 92' lang='lat' dir='ltr'><strong>ei</strong></span> <span class='ocrx_word' id='word_1_237' title='bbox 498 3432 636 3493; x_wconf 87' lang='lat' dir='ltr'><strong>violentia</strong></span> <span class='ocrx_word' id='word_1_238' title='bbox 656 3432 753 3492; x_wconf 89' lang='lat' dir='ltr'><strong>militis</strong></span> <span class='ocrx_word' id='word_1_239' title='bbox 775 3438 971 3508; x_wconf 85' lang='lat' dir='ltr'><strong>exponeretur.</strong></span> <span class='ocrx_word' id='word_1_240' title='bbox 1013 3431 1121 3492; x_wconf 89' lang='lat' dir='ltr'><strong>Missus</strong></span> 
     </span>
    </p>
   </div>
   <div class='ocr_carea' id='block_1_9' title="bbox 78 3543 1120 3898">
    <p class='ocr_par' dir='ltr' id='par_1_11' title="bbox 116 3543 1120 3828">
     <span class='ocr_line' id='line_1_33' title="bbox 116 3543 1120 3618; baseline -0.002 -20"><span class='ocrx_word' id='word_1_241' title='bbox 116 3543 172 3611; x_wconf 73' lang='lat' dir='ltr'><strong>be</strong></span> <span class='ocrx_word' id='word_1_242' title='bbox 195 3548 267 3602; x_wconf 88' lang='lat' dir='ltr'><strong>dum.</strong></span> <span class='ocrx_word' id='word_1_243' title='bbox 287 3577 320 3589; x_wconf 91' lang='lat'><strong>·-</strong></span> <span class='ocrx_word' id='word_1_244' title='bbox 349 3549 382 3616; x_wconf 84' lang='lat'><strong>2)</strong></span> <span class='ocrx_word' id='word_1_245' title='bbox 400 3547 515 3613; x_wconf 81' lang='lat' dir='ltr'><strong>liuentia,</strong></span> <span class='ocrx_word' id='word_1_246' title='bbox 541 3547 619 3618; x_wconf 80' lang='lat' dir='ltr'><strong>vulgo</strong></span> <span class='ocrx_word' id='word_1_247' title='bbox 646 3547 790 3610; x_wconf 84' lang='lat' dir='ltr'><strong>Twente,</strong></span> <span class='ocrx_word' id='word_1_248' title='bbox 822 3562 881 3614; x_wconf 90' lang='lat' dir='ltr'><strong>pars</strong></span> <span class='ocrx_word' id='word_1_249' title='bbox 908 3555 948 3597; x_wconf 90' lang='lat' dir='ltr'><strong>est</strong></span> <span class='ocrx_word' id='word_1_250' title='bbox 974 3547 1120 3612; x_wconf 83' lang='lat' dir='ltr'><strong>provinciae</strong></span> 
     </span>
     <span class='ocr_line' id='line_1_34' title="bbox 156 3613 1120 3685; baseline -0.002 -17"><span class='ocrx_word' id='word_1_251' title='bbox 156 3615 350 3682; x_wconf 82' lang='lat' dir='ltr'><strong>Transisalanue,</strong></span> <span class='ocrx_word' id='word_1_252' title='bbox 368 3617 395 3669; x_wconf 89' lang='lat' dir='ltr'><strong>id</strong></span> <span class='ocrx_word' id='word_1_253' title='bbox 414 3626 462 3680; x_wconf 87' lang='lat' dir='ltr'><strong>est,</strong></span> <span class='ocrx_word' id='word_1_254' title='bbox 480 3617 643 3670; x_wconf 75' lang='lat' dir='ltr'><strong>Oves-Yssel.</strong></span> <span class='ocrx_word' id='word_1_255' title='bbox 664 3645 695 3658; x_wconf 89' lang='lat'><strong>-·</strong></span> <span class='ocrx_word' id='word_1_256' title='bbox 714 3617 746 3685; x_wconf 83' lang='lat'><strong>3)</strong></span> <span class='ocrx_word' id='word_1_257' title='bbox 765 3616 806 3669; x_wconf 78' lang='lat' dir='ltr'><strong>cit</strong></span> <span class='ocrx_word' id='word_1_258' title='bbox 824 3615 933 3667; x_wconf 88' lang='lat' dir='ltr'><strong>ludum</strong></span> <span class='ocrx_word' id='word_1_259' title='bbox 951 3613 1120 3682; x_wconf 86' lang='lat' dir='ltr'><strong>quendam.</strong></span> 
     </span>
     <span class='ocr_line' id='line_1_35' title="bbox 143 3682 1120 3756; baseline -0.004 -17"><span class='ocrx_word' id='word_1_260' title='bbox 143 3687 222 3756; x_wconf 84' lang='grc'><strong>’-4)</strong></span> <span class='ocrx_word' id='word_1_261' title='bbox 238 3689 280 3741; x_wconf 82' lang='grc' dir='ltr'><strong>ΛΡ</strong></span> <span class='ocrx_word' id='word_1_262' title='bbox 298 3687 622 3756; x_wconf 84' lang='lat' dir='ltr'><strong>remanserunt-5]</strong></span> <span class='ocrx_word' id='word_1_263' title='bbox 640 3687 682 3740; x_wconf 79' lang='lat' dir='ltr'><strong>cu</strong></span> <span class='ocrx_word' id='word_1_264' title='bbox 699 3695 789 3750; x_wconf 80' lang='lat' dir='ltr'><strong>ante3</strong></span> <span class='ocrx_word' id='word_1_265' title='bbox 809 3686 874 3738; x_wconf 86' lang='lat' dir='ltr'><strong>coni.</strong></span> <span class='ocrx_word' id='word_1_266' title='bbox 887 3685 917 3748; x_wconf 85' lang='lat' dir='ltr'><strong>V,</strong></span> <span class='ocrx_word' id='word_1_267' title='bbox 935 3682 1120 3748; x_wconf 81' lang='lat' dir='ltr'><strong>4.-6)uclr</strong></span> 
     </span>
     <span class='ocr_line' id='line_1_36' title="bbox 154 3750 1119 3828; baseline -0.003 -23"><span class='ocrx_word' id='word_1_268' title='bbox 154 3755 287 3810; x_wconf 83' lang='lat' dir='ltr'><strong>illum-</strong></span> <span class='ocrx_word' id='word_1_269' title='bbox 301 3759 333 3828; x_wconf 85' lang='grc'><strong>7)</strong></span> <span class='ocrx_word' id='word_1_270' title='bbox 351 3756 500 3810; x_wconf 87' lang='lat' dir='ltr'><strong>manibus</strong></span> <span class='ocrx_word' id='word_1_271' title='bbox 518 3759 583 3811; x_wconf 88' lang='lat' dir='ltr'><strong>suis</strong></span> <span class='ocrx_word' id='word_1_272' title='bbox 601 3771 643 3809; x_wconf 92' lang='lat' dir='ltr'><strong>om</strong></span> <span class='ocrx_word' id='word_1_273' title='bbox 661 3755 738 3822; x_wconf 62' lang='lat' dir='ltr'><strong>Bam</strong></span> <span class='ocrx_word' id='word_1_274' title='bbox 756 3771 814 3808; x_wconf 88' lang='lat' dir='ltr'><strong>urox</strong></span> <span class='ocrx_word' id='word_1_275' title='bbox 831 3754 873 3808; x_wconf 80' lang='lat' dir='ltr'><strong>cu</strong></span> <span class='ocrx_word' id='word_1_276' title='bbox 890 3769 1006 3806; x_wconf 81' lang='lat' dir='ltr'><strong>enm-</strong></span> <span class='ocrx_word' id='word_1_277' title='bbox 1027 3750 1060 3817; x_wconf 91' lang='lat'><strong>8)</strong></span> <span class='ocrx_word' id='word_1_278' title='bbox 1077 3750 1119 3803; x_wconf 81' lang='lat' dir='ltr'><strong>cli</strong></span> 
     </span>
    </p>

    <p class='ocr_par' dir='ltr' id='par_1_12' title="bbox 78 3826 486 3898">
     <span class='ocr_line' id='line_1_37' title="bbox 78 3826 486 3898; baseline 0.002 -22"><span class='ocrx_word' id='word_1_279' title='bbox 78 3835 80 3840; x_wconf 86' lang='grc'><strong>’</strong></span> <span class='ocrx_word' id='word_1_280' title='bbox 154 3826 321 3898; x_wconf 80' lang='lat' dir='ltr'><strong>religiosis</strong></span> <span class='ocrx_word' id='word_1_281' title='bbox 339 3827 486 3879; x_wconf 85' lang='lat' dir='ltr'><strong>maxime.</strong></span> 
     </span>
    </p>
   </div>
   <div class='ocr_carea' id='block_1_10' title="bbox 0 0 1316 4322">
    <p class='ocr_par' dir='ltr' id='par_1_13' title="bbox 0 0 1316 4322">
     <span class='ocr_line' id='line_1_38' title="bbox 0 0 1316 4322; baseline 0 1"><span class='ocrx_word' id='word_1_282' title='bbox 0 0 1316 4322; x_wconf 95' lang='lat' dir='ltr'><strong> </strong></span> 
     </span>
    </p>
   </div>
  </div>
 </body>
</html>
