2580 4316
418 291 479 352 nn
503 290 784 354 couvnnerous.
1058 245 1063 258 ’
1106 295 1123 350 r

98 415 249 472 visitationes
277 413 451 474 domorum.
501 413 584 472 Anno
613 417 699 490 igitur
726 414 844 474 Domini
872 411 1021 473 millesimo
1053 431 1134 493 cen(

99 503 180 558 inimo
205 504 302 576 quinto
335 501 456 561 decimo
484 501 601 560 fundata
623 507 667 559 est
689 501 791 560 domus
813 499 1013 576 Claraevallis,
1042 503 1124 561 cuius

97 589 185 660 primus
203 587 306 647 Abbas
337 595 413 648 erat·
433 595 550 646 sanctus
582 587 760 662 Bernardus3
790 588 980 647 Claustrensis
992 585 1009 667 ¹)
1038 603 1123 662 vero,

95 673 220 732 millesimo
237 679 401 734 centesimo
422 677 564 733 tricesimo
588 681 698 749 quarto.
741 675 853 734 Deinde
875 691 951 735 anno
973 674 1122 736 millesimo

95 763 227 821 centesimo
252 765 444 838 octogesimo·
462 768 580 835 octavo,
602 767 684 820 sexto
708 761 817 820 decimo
838 761 986 821 Kalendas
1007 759 1122 838 Aprilis,

93 855 229 906 convenurs
257 856 360 908 noster
393 851 484 906 exivit
510 848 545 906 de
576 847 707 906 Claustra
737 865 802 906 cum
823 847 940 909 Abbate
969 865 1022 908 suo
1043 848 1122 908 Her·

92 951 191 1009 nanno,
214 941 242 994 et
276 936 438 994 undecimo
465 934 611 994 Kalendas
641 934 768 993 eiusdem
796 938 902 994 mensis
930 938 1009 995 venit
1036 951 1123 1011 super

92 1027 199 1080 nontam
227 1021 411 1098 Stromberg.
464 1021 571 1080 Postea
600 1028 701 1096 quarto
729 1039 803 1081 anno
832 1021 979 1081 descendit
1005 1024 1035 1078 in
1057 1021 1121 1080 val·

90 1105 148 1182 lem,
175 1125 257 1182 quae·
277 1127 358 1167 nunc
390 1110 493 1167 dicitur
501 1106 522 1188 ²)
551 1107 643 1167 Vallis
669 1111 760 1166 sancti
789 1109 875 1166 Petri.
918 1107 1121 1190 NOVIOIUS:

91 1193 150 1252 dum
170 1213 204 1253 er
226 1195 272 1254 his
296 1213 375 1272 quae
398 1194 505 1269 audivi,
527 1195 596 1253 ordo
618 1195 772 1270 Nigrorum
780 1192 801 1274 ³)
825 1202 854 1254 et
874 1201 972 1254 noster
993 1194 1122 1254 eiusdem

89 1282 134 1337 sint
158 1282 291 1356 regulae,
322 1285 413 1341 miror
446 1300 497 1340 cur
524 1289 584 1340 tam
608 1281 728 1356 disparis
750 1284 806 1340 sint
828 1282 1001 1357 disciplinae.
1043 1280 1122 1340 Mo-

88 1365 245 1428 NAGHUS:
278 1370 408 1428 Noveris
438 1367 639 1426 cluniacenses
669 1375 698 1426 et
719 1367 920 1428 cistercienses
948 1371 1033 1427 unlus
1055 1369 1121 1443 qui·

88 1453 142 1512 dem
167 1473 229 1515 esse
258 1456 400 1533 regulae,
428 1455 479 1514 sed
508 1453 649 1513 dissimilis
683 1455 892 1514 observantiae.
933 1455 1025 1527 Aiunt
1045 1457 1121 1514 enim
1149 1457 1152 1464 ’

88 1542 193 1616 rigorem
221 1543 345 1619 regulae
368 1561 387 1602 a
411 1541 582 1618 quibusdam
612 1545 717 1600 sanetis
738 1542 870 1616 patribus
891 1559 954 1601 esse
975 1549 1121 1618 tempera-

87 1633 150 1702 ton,
176 1631 317 1688 etmulti
345 1633 376 1686 in
399 1629 497 1687 ordne
528 1624 668 1705 possuntt)
691 1627 805 1686 salvari.
846 1629 892 1688 De
914 1629 1015 1688 habitu
1035 1645 1120 1703 vero,

86 1715 185 1790 inquo
212 1719 345 1776 maxima
374 1715 490 1774 videtur
517 1732 580 1774 esse
608 1714 774 1789 diversitas,
801 1715 869 1774 audi
897 1717 966 1791 quid
995 1716 1119 1776 dicatur:

87 1799 124 1859 De
144 1803 235 1862 colore
258 1810 314 1862 aut
336 1802 528 1879 grossitudine
549 1818 607 1861 non
629 1809 783 1860 causentur
804 1803 950 1878 monaehi,
972 1802 1024 1862 sed
1045 1801 1133 1878 qua-⁴

86 1885 119 1946 les
142 1891 262 1950 inveniri
289 1896 417 1965 possunt
443 1891 473 1946 in
505 1891 653 1964 provincia
674 1886 758 1968 quat)
788 1888 933 1965 habitant,
962 1896 1013 1948 aut
1042 1888 1120 1964 qnod

87 1975 156 2034 vidus
173 1979 339 2053 comparari
361 1971 494 2054 potcst⁶).
536 1976 620 2034 Haec
642 1975 736 2034 dehis
759 1975 836 2034 dicta
858 1976 1010 2035 sufficiant.
1052 1975 1120 2036 Hoc

87 2069 168 2122 aulem
194 2065 288 2124 fixum
316 2073 432 2137 teneas,
465 2062 568 2121 ordinis
594 2064 685 2120 nostri
714 2069 863 2122 auctorem
892 2079 955 2121 esse
983 2061 1119 2138 Spiritrrm

86 2158 216 2228 sanctum,
252 2153 452 2209 institutorem
477 2146 637 2228 sanctuml)
672 2149 881 2222 Benedictum,
921 2151 1118 2210 innovatorem

86 2253 143 2297 vero
163 2238 365 2298 venerabilem
386 2234 534 2295 Abbatem
554 2237 723 2296 Robertum.

460 2424 691 2520 onemundus
711 2461 751 2520 11.
791 2485 793 2490 ·

128 2585 205 2662 Quid
225 2588 266 2643 sit
289 2585 452 2654 conversio,
474 2561 553 2641 uada
574 2583 701 2656 dicutur,
724 2590 753 2641 ct
773 2583 809 2640 dc
830 2581 977 2656 speciebus
998 2585 1068 2641 aaa.

139 2723 348 2784 NOVICIUS:
371 2721 560 2781 considerans
580 2724 609 2780 in
630 2721 806 2798 praelatione
828 2729 878 2782 tua
901 2721 1029 2782 ordinem
1049 2739 1119 2798 pro-

87 2811 183 2882 positae
205 2811 389 2884 narrationis,
407 2811 492 2867 miror
510 2811 671 2868 contritioni
692 2811 883 2884 antepositam
904 2811 1025 2886 gratiam
1047 2826 1118 2867 con-

88 2900 227 2972 versionis,
256 2915 325 2957 eum
355 2895 485 2955 videatur
506 2913 622 2970 prorsus
644 2896 835 2971 superfluum,
856 2903 889 2955 ut
911 2899 974 2971 quis
996 2913 1119 2955 conver·

88 2987 164 3060 lalur‚
190 2987 247 3046 nisi
275 2985 356 3060 prius
379 2983 414 3042 de
434 2985 561 3059 peccatis
583 2985 641 3041 suis
671 2989 840 3042 conteratur.
883 2981 1117 3042 MONAOHUS:

90 3067 215 3130 contritio
238 3069 396 3147 aliquando
417 3069 563 3144 praecedit
585 3072 815 3144 couversionem,
843 3068 997 3145 aliquando
1020 3067 1118 3145 sequi·
1194 3133 1197 3138 ,

89 3161 134 3214 tur.
172 3155 382 3217 NOVICIUS:
410 3155 523 3216 Vellem
551 3155 620 3214 mihi
648 3156 704 3215 hoc
731 3156 866 3232 exemplis
888 3158 1017 3232 probari3
1039 3159 1118 3233 prtus

90 3247 172 3303 amen
194 3245 296 3304 audire
320 3242 451 3318 delectat,
476 3242 545 3319 quid
566 3245 603 3302 sit
624 3245 781 3318 conversio,
802 3243 879 3302 unde
901 3245 1025 3318 dicatur,
1048 3249 1119 3319 quot

90 3329 137 3388 sint
162 3323 222 3392 aivis
243 3331 372 3408 speciae,
400 3347 452 3389 seu
480 3331 584 3406 quibus
613 3332 812 3390 occasionibus
842 3333 905 3407 quis
927 3337 1117 3391 convertatur.

106 3513 132 3584 l)
146 3515 167 3568 ll
182 3515 428 3569 claustrenses.
455 3515 574 3585 intelligit
598 3525 688 3567 auctor
714 3515 911 3580 llemmenrode,
943 3516 1117 3579 Himmerode,

148 3585 241 3638 ordinis
260 3585 434 3637 cisterciensis
456 3587 649 3647 monasterium,
668 3601 747 3652 prope
765 3586 878 3656 llylburg
895 3589 921 3637 in
939 3585 1010 3638 Eillia
1033 3588 1115 3638 situm.
1166 3592 1168 3596 '
1274 3603 1275 3612 ¹

151 3685 179 3696 -
198 3657 231 3724 2)
250 3655 377 3706 dicitur
393 3653 474 3706 'habet
489 3656 508 3708 G
526 3665 584 3723 post
601 3655 698 3706 Petri.
726 3655 794 3708 llaec
816 3656 888 3708 vallis
910 3663 1016 3708 vocatur
1038 3656 1116 3726 vulgo

149 3723 325 3776 lleiaterbach.
348 3751 380 3761 -
401 3723 468 3789 dio
491 3725 540 3776 add
562 3724 794 3777 monachorum.
817 3725 901 3794 Nigri,
919 3725 1035 3777 monachi
1057 3735 1117 3778 suut

150 3793 242 3846 ordinis
259 3794 289 3845 S.
308 3791 442 3844 Benedicti.
462 3823 492 3834 -
512 3795 544 3862 4)
562 3793 603 3846 BG
620 3805 767 3862 possent.
787 3825 817 3840 -,-
838 3797 870 3863 5)
888 3795 930 3846 BG
946 3796 979 3845 in
996 3810 1066 3862 qua.
1083 3825 1114 3835 —

150 3863 181 3931 o)
195 3862 279 3916 verba
296 3869 356 3915 suut
371 3862 480 3932 Regulos
497 3865 523 3918 S.
541 3863 674 3917 Benedicti
690 3879 746 3932 cap.
764 3866 806 3917 55.
825 3891 858 3904 ·-
869 3864 902 3931 i)
919 3863 961 3916 Bc
978 3862 1114 3914 beatum.
