2580 4316
419 177 477 240 DE
502 178 784 242 convunffloun.
1079 179 1118 240 39

111 316 156 375 qno
167 319 221 360 cnm
233 305 455 380 interrogassem
468 304 645 379 praedictum
659 304 857 364 Hennannum
868 302 1024 376 abbatem,
1039 304 1063 361 si
1074 303 1119 360 vi-

112 388 167 446 den’t
182 389 251 446 illum
271 391 432 465 aliquando
455 391 602 464 ridentem,
624 394 691 465 qnia
714 392 748 450 de
770 392 981 467 resurgentibus
1004 390 1117 464 dicitur,

111 475 170 548 quod
186 476 267 535 ndere
288 494 347 536 non
370 478 501 554 soleant,
529 477 687 553 respondit:
716 478 797 537 Scias
829 495 876 537 me
898 478 953 536 hoe
974 481 1067 552 ipsum
1089 480 1117 535 in

108 561 142 618 illo
156 559 170 640 ¹)
190 565 394 639 considerasse,
429 583 484 624 nec
516 568 596 640 potui
624 564 834 640 deprehendere
856 568 885 623 in
906 566 1034 641 gestibus
1057 567 1118 623 eius

107 654 184 707 nutum
203 651 313 724 quidem
334 652 482 726 levitatis,
497 677 500 688 ·
514 659 610 711 tantae
632 659 693 710 erat
713 655 875 728 gratitatis,
897 657 994 710 tantae
1016 651 1117 727 longa-

105 736 225 813 nimitatis5
256 757 410 813 nunquam
439 739 521 796 illurn
554 739 612 797 vidi
624 735 645 818 ²)
673 756 726 797 nee
760 739 873 814 quidem
910 739 1117 812 subridentem,

104 838 175 896 neque
192 825 278 883 verba
298 826 430 886 levitatis
453 826 650 900 proferentem.
693 823 895 886 NOVICIUS:
917 825 1006 884 Miror
1026 829 1049 884 si
1063 826 1117 884 ali·

103 907 180 989 quid³)
208 911 306 970 dixerit
336 913 375 971 de
406 914 501 971 forma
533 919 560 970 et
585 915 690 971 virtute
718 914 838 972 animae.
881 911 1116 972 MONACHUS:

101 995 189 1071 Etiam3
209 1001 357 1058 asserebat
381 995 494 1077 enimi)
517 1003 641 1058 animam
663 1017 744 1058 suam
765 1001 851 1058 fuisse
873 1007 1010 1073 tanquam
1023 997 1042 1077 ⁵)
1065 1017 1117 1059 vas

101 1086 196 1142 ritreum
216 1091 243 1144 et
264 1087 471 1161 sphaericum,
504 1086 646 1148 oculatam
671 1093 746 1145 retro
769 1093 797 1145 et
818 1093 884 1145 ante
897 1080 932 1165 ⁶),
964 1087 1117 1161 plurimum

99 1168 207 1230 habuisse
227 1176 384 1248 scientiae,
415 1173 523 1231 vidisse
551 1177 692 1232 universa.
735 1174 810 1232 Nam
842 1173 1019 1232 scholaribus
1042 1176 1117 1232 circa

99 1256 206 1316 screnum
233 1260 423 1334 sedentibus,
458 1277 645 1335 quaecunque
684 1263 885 1335 actitaverant,
917 1261 1117 1320 manifestavit.

99 1342 151 1416 Vos,
168 1348 261 1421 inquit,
283 1349 447 1407 tesseribus
462 1344 481 1424 ²)
503 1347 623 1422 lusistis;
645 1365 696 1406 vos
718 1350 840 1406 invicem
864 1347 971 1423 capillis
992 1366 1045 1408 vos
1056 1354 1116 1406 tra-

96 1431 169 1506 iistis,
188 1450 238 1491 vos
260 1434 418 1510 diligenter
438 1433 613 1508 psallebatis.
656 1433 859 1493 NOVICIUS:
881 1434 975 1493 Valde
996 1435 1116 1493 melae-

96 1517 177 1592 noct,
205 1520 281 1595 quod
311 1525 358 1580 vir
388 1525 463 1594 iste,
496 1524 543 1596 qui
566 1537 682 1595 corpore
705 1529 806 1593 exutus
829 1528 908 1580 tanta
923 1518 943 1599 Β)
967 1524 994 1580 in
1016 1525 1116 1596 poenis

96 1603 156 1678 vidit,
175 1613 250 1666 tanta
265 1609 390 1682 audivit,
416 1609 518 1665 ceteris
527 1608 663 1684 religiosis
677 1608 821 1666 ordinibus
833 1608 978 1666 Ecclesiae
991 1605 1011 1687 ⁹)
1027 1612 1116 1668 omis-

95 1692 135 1764 sis,
159 1693 281 1753 ordinem
309 1702 448 1754 nostrum
480 1697 583 1753 intrare
605 1695 703 1752 voluit.
746 1693 980 1754 MONACHUS:
1012 1696 1115 1754 Merito

95 1774 222 1840 laetificare
244 1789 273 1841 te
305 1778 453 1860 debet¹⁰);
487 1781 537 1839 sed
565 1782 642 1840 aliud
670 1782 722 1841 tibi
749 1781 857 1856 dicam,
885 1782 963 1858 quod
996 1783 1114 1842 eandem

94 1873 153 1923 tuam
171 1867 342 1950 laetitiam¹¹)
363 1870 506 1946 geminet.

379 2057 615 2119 cacinnum
636 2056 822 2139 xxxms)

92 2181 237 2246 berterico
258 2186 488 2264 nigromantiae
510 2191 643 2256 increpo,
667 2186 718 2258 qui
740 2187 848 2244 vicarii
868 2187 946 2242 socio
969 2200 1116 2258 opponens

400 2273 496 2328 suasit
517 2271 650 2331 ordinem
671 2274 793 2330 intrare.
860 2327 864 2340 ,

140 2409 200 2471 Duo
221 2415 360 2485 iuvenes,
396 2411 472 2468 sieut
500 2408 583 2468 didici
611 2408 746 2484 lectione,
774 2428 832 2468 non
854 2409 1005 2485 relatione,
1037 2408 1116 2485 apud

93 2491 204 2558 Toletum
225 2499 390 2560 studebant
418 2499 449 2553 in
467 2491 493 2574 ¹²)
525 2499 721 2572 nigromantia.
764 2497 878 2556 Accidit
898 2504 930 2554 ut
953 2515 1027 2555 unus
1048 2497 1114 2556 illo-

91 2597 139 2640 rum
168 2604 255 2662 nsque
293 2586 332 2646 ad
366 2589 490 2643 mortem
523 2584 719 2642 infirmaretur.
774 2585 829 2659 Qui
864 2602 929 2642 cum
963 2589 1115 2642 moriturus

92 2677 157 2746 sset,
176 2677 291 2750 rogarit
314 2691 384 2731 eum
403 2666 432 2750 ¹³)
456 2670 539 2744 alter,
560 2678 593 2728 ut
614 2671 685 2729 inira
707 2673 806 2746 viginti
829 2666 922 2748 dicet)
945 2672 1000 2729 sibi
1021 2689 1115 2746 appa-

92 2763 155 2815 reret.
201 2761 238 2820 Et
269 2761 420 2836 promisit,
453 2758 478 2814 si
506 2760 532 2816 ei
549 2754 576 2836 ¹⁵)
607 2757 817 2817 concederetur.
860 2758 984 2816 Sedente
1005 2775 1039 2816 eo
1070 2758 1115 2816 die

93 2843 196 2914 quadarn
215 2851 246 2907 in
272 2845 398 2906 ecclesia
422 2860 517 2902 coram
537 2847 661 2929 imagine
683 2846 785 2904 beatae
795 2845 929 2919 Virginis,
951 2845 1115 2920 etpsahnos

91 2944 129 3000 pro
148 2938 237 2994 anima
261 2929 376 3011 illius¹⁶)
400 2931 527 3006 legente,
549 2933 629 2990 affuit
650 2934 735 2990 miser
754 2932 817 3006 ill‘c,
839 2934 999 2990 miserrimis
1021 2933 1115 3008 gemi-

91 3015 150 3078 tibus
169 3039 220 3083 sua
250 3021 386 3080 indicans
415 3024 563 3076 tormenta.
608 3018 701 3093 Quem
730 3036 796 3078 cum
822 3021 1037 3094 interrogasset,
1064 3018 1114 3077 ubi

105 3203 127 3270 1)
141 3205 159 3257 Β
175 3209 278 3276 ipsum
296 3208 328 3258 in
346 3206 438 3273 ipso,
456 3201 475 3256 (l
492 3203 574 3255 idem
593 3206 623 3255 in
641 3205 721 3269 ipso.
742 3233 773 3242 —
793 3204 824 3267 2)
842 3203 862 3256 C
879 3204 946 3256 vidi
964 3173 1060 3256 illurn.
1080 3233 1111 3244 -·

144 3277 206 3344 3)c
226 3279 347 3345 aliqua.
369 3305 401 3313 —
421 3274 454 3340 4)
473 3275 552 3324 enim
570 3273 620 3325 add
638 3273 687 3325 BC.
708 3303 736 3312 -
758 3275 788 3341 5)
807 3273 826 3325 B
846 3278 941 3325 sicut.
962 3304 991 3312 —
1021 3275 1052 3343 6)
1070 3274 1112 3325 BD

143 3357 213 3400 ante
233 3356 264 3398 et
282 3355 385 3398 retro.
409 3373 438 3381 -
459 3343 489 3409 7)
508 3343 527 3394 R
547 3345 695 3395 tesseris.
714 3343 803 3394 Homii.
822 3345 862 3395 lll.
880 3361 905 3410 p.
924 3346 970 3394 27:
989 3359 1048 3412 ego
1067 3345 1113 3395 lu-

144 3413 206 3469 dam
234 3418 409 3470 vobiscum
437 3413 629 3464 tesseribns.
665 3412 964 3477 VideetiniralV,6.
984 3442 1014 3457 -η
1043 3413 1113 3482 8)Ο

144 3493 277 3550 tantum,
301 3487 390 3537 hicet
410 3482 569 3549 paulopost.
589 3512 619 3523 -
640 3483 671 3549 9)
690 3482 858 3534 Ecclesiae
884 3499 923 3534 om
944 3481 990 3533 ΒΡ.
1013 3513 1042 3521 -
1064 3483 1112 3550 10)

143 3554 296 3625 Bpotest.
317 3585 350 3595 ·-
374 3553 461 3619 11)’Β
480 3552 528 3604 add
546 3567 685 3621 magnam
705 3551 806 3603 valde.
828 3583 858 3594 -
882 3551 1020 3620 1)Ηοηῑί1
1039 3552 1067 3603 ll.
1087 3569 1112 3618 p.

144 3625 183 3676 34.
202 3657 231 3668 -
252 3628 301 3695 12)
321 3623 364 3677 BC
384 3622 474 3672 de.-·
495 3622 542 3690 13)
561 3639 627 3674 eum
647 3637 687 3674 orn
705 3621 773 3680 P‚..-
794 3622 841 3691 tt)
859 3622 931 3675 llonr.
949 3621 1034 3673 inira
1057 3624 1112 3672 tri-

120 3699 318 3760 cessarium,
343 3695 395 3745 hoc
414 3700 471 3752 est,
493 3694 557 3758 inira
575 3693 678 3758 triginta
697 3691 758 3742 dies.
777 3691 833 3744 lilox
851 3692 871 3744 C
888 3694 925 3743 ei.
946 3719 977 3729 —
1006 3691 1053 3759 15)
1073 3690 1112 3742 Dl’

145 3767 166 3817 ri
183 3775 288 3820 tamen
308 3764 387 3819 sibi.
409 3791 440 3802 -
461 3761 507 3830 16)
526 3761 566 3815 BC
584 3761 677 3814 illius
696 3763 805 3813 anima.
