2654 4308
183 243 245 304 116
513 237 743 304 omorio
763 237 929 304 OCTAVA

181 371 244 439 tur,
271 368 388 442 propter
415 361 593 424 voluntatem
622 380 697 440 quae
725 363 817 425 bbera
837 369 881 425 est
903 369 932 424 et
952 361 1014 422 siue
1034 361 1221 438 nenessitate;

185 451 348 527 arbitrium,
375 455 492 527 propter
517 453 656 510 rationem
685 467 760 527 quae
789 467 825 510 ea
845 467 920 527 quae
940 449 1076 510 uoluntas
1097 449 1223 526 appetit,

182 537 335 598 arbitratur
364 543 395 598 et
421 535 564 598 dimouit
604 537 644 598 Et
669 535 738 598 lieet
762 538 835 598 ratio
864 553 952 614 saepe
971 536 1151 598 voluntatem
1173 552 1223 596 se·
1252 535 1257 544 '

183 629 288 700 quatur
308 622 346 683 ad
366 625 478 700 peceati
500 640 679 700 eonsensum,
700 641 848 702 nunquam
868 630 965 684 tamen
985 623 1130 700 approbat
1155 639 1223 682 ma·

183 710 252 772 lum.
303 709 389 786 Quod
420 726 490 772 vero
521 709 655 772 voluntas
682 716 743 770 tam
770 727 862 788 prona
890 715 935 772 est
960 709 999 770 ad
1026 707 1222 786 peccandum,

183 813 272 859 eausa
304 797 412 858 subest
460 793 560 857 Habet
592 799 667 857 enirn
700 797 832 858 diabolus
865 795 938 858 duos
968 795 1106 858 satellites
1134 797 1224 868 etiarn

183 899 216 946 se
238 881 423 960 crudeliores,
447 884 550 961 quibus
570 884 620 944 illa
641 883 809 961 impellitur,
832 884 959 944 fomitem
982 883 1090 944 seilicet
1111 881 1224 958 earnis,
1305 913 1306 964 3

184 987 272 1050 quem
298 973 438 1047 scriptura
464 976 552 1031 voeat
571 977 741 1048 tyrannum,
774 977 803 1031 et
823 970 971 1030 mundum.
1014 967 1089 1030 Caro
1111 968 1225 1032 eoneu·
1305 979 1306 1046 ξ

182 1059 276 1138 plsoit,
297 1053 428 1119 diabolus
450 1059 603 1136 concupita
622 1057 763 1134 incendit,
783 1055 908 1118 mundus
929 1060 1104 1118 incensans
1126 1057 1225 1117 extin-

183 1150 328 1226 guantur,
350 1159 383 1206 se
411 1143 517 1205 obiicit
558 1145 603 1203 Ex
623 1146 735 1221 peceati
755 1145 853 1206 fomite
873 1143 965 1204 multa
986 1145 1114 1205 oriuntur
1133 1145 1224 1220 uitia3

184 1225 317 1292 dlabo'lus
344 1229 436 1292 multa
463 1231 518 1291 sibl
545 1233 665 1290 assumit
685 1230 829 1310 subsidia,
857 1230 982 1291 mundus
1002 1227 1226 1312 innumerabilia
1305 1263 1306 1276 κ

92 1311 98 1324 “
185 1317 268 1381 offert
288 1315 506 1379 oblectamenta
546 1315 625 1380 Eone
648 1315 746 1378 curus
769 1323 798 1377 et
819 1321 929 1394 equites
949 1317 1038 1395 Regis
1059 1315 1171 1396 Syriae,
1190 1315 1224 1376 id
1305 1323 1306 1402 ζ

185 1411 230 1468 est
261 1401 382 1482 diaboli,
413 1407 492 1465 missi
523 1404 561 1464 ad
589 1402 760 1483 capiendum
787 1403 952 1480 Heliseum,
982 1403 1014 1464 id
1042 1409 1086 1465 est
1105 1405 1225 1464 iustum.

185 1489 298 1570 Quibus
319 1493 396 1570 visis,
416 1488 447 1550 id
468 1496 512 1551 est
532 1491 562 1550 in
583 1493 702 1553 eireuitu
721 1498 772 1552 tuo
791 1490 986 1568 consideratis,
1007 1492 1031 1551 sl
1052 1489 1226 1551 clamaveris

185 1593 252 1642 oum
273 1577 401 1642 ministro
422 1576 545 1638 Helisei:
566 1577 639 1638 Heu
658 1579 717 1638 bort
737 1577 803 1652 beu,
825 1577 942 1638 ἀοηιίπε
962 1579 1013 1651 ml,
1035 1578 1109 1654 quid
1124 1577 1224 1655 faeto-

183 1663 275 1726 mos?
302 1679 376 1726 vooe
403 1663 570 1742 prophetica
596 1665 649 1724 tibi
678 1665 852 1742 respondeo:
880 1663 952 1724 Noli
974 1667 1090 1740 timae,
1116 1665 1224 1741 plures
1305 1701 1306 1742 3

186 1755 265 1812 enim
284 1749 436 1812 nodosum
456 1757 535 1826 suut,
557 1769 649 1828 quom
671 1769 739 1811 eum
760 1753 826 1812 illis.
868 1753 963 1828 Aperi
981 1749 1082 1812 oeulos
1103 1757 1131 1811 ei
1145 1749 1223 1812 eide
1305 1743 1306 1754 ’

185 1835 287 1900 Habes
321 1837 397 1899 intra
432 1843 462 1899 te
494 1841 633 1899 rationem
661 1843 761 1898 contra
789 1840 883 1902 earnis
910 1838 1052 1915 inmitem,
1084 1837 1161 1899 eirea
1191 1843 1222 1898 te

186 1924 305 2004 angelos
333 1931 431 1987 sonna
459 1924 620 2002 diabolum,
651 1924 766 1986 turbam
796 1931 896 1985 eontra
915 1925 1038 1985 turbam.
1080 1921 1122 1986 Et
1144 1941 1222 1999 eone,

185 2013 287 2090 lnquit,
314 2029 399 2073 morta
416 2013 524 2090 plenus
545 2029 689 2088 equorum
712 2019 740 2072 et
761 2027 907 2072 aunuum
927 2015 1104 2088 iuncorum,
1123 2010 1154 2072 id
1175 2018 1223 2072 est

186 2094 389 2180 custodiam),
416 2114 475 2159 non
501 2101 585 2158 unius
606 2098 657 2159 sed
678 2098 833 2160 multorum
854 2098 1021 2176 angelorum
1042 2102 1075 2158 its
1096 2100 1222 2158 circuitu

185 2183 342 2266 Helirer'v,
377 2185 407 2245 id
440 2191 484 2247 est
514 2183 637 2246 bominis
669 2185 761 2246 eleeti.
818 2185 926 2270 Contra
958 2186 1051 2255 earnis
1077 2185 1222 2246 incentiva

185 2288 299 2350 oppone
319 2273 440 2333 virtutes
465 2271 619 2333 naturales.
660 2270 762 2333 Habes
782 2273 962 2350 superhaec
983 2274 1080 2334 omnia
1098 2273 1223 2350 gratiam

186 2359 326 2435 divinam,
357 2376 433 2436 quas
465 2376 532 2420 mox
565 2366 598 2419 ut
629 2361 718 2420 menti
745 2365 813 2420 tuae
841 2356 895 2441 δί’)
922 2362 953 2419 in
980 2359 1106 2436 peeoatls
1133 2357 1223 2418 fueris

184 2445 355 2522 infunditur,
394 2448 486 2508 earnis
522 2448 667 2508 incentiva
705 2449 864 2524 restringit,
901 2444 1048 2508 diabolum
1083 2443 1222 2520 retundit,

184 2532 284 2593 mundi
311 2533 432 2611 gloriam
459 2534 512 2594 tibi
538 2536 569 2592 in
596 2532 697 2592 odium
717 2535 811 2593 vertit
852 2531 919 2594 Hoc
941 2534 1027 2598 stiam
1048 2535 1122 2594 scias
1143 2529 1223 2608 quod

186 2619 330 2695 quaedam
360 2620 480 2682 lauimus
509 2622 573 2682 sine
601 2620 738 2681 instinctu
768 2620 916 2696 utriumque
947 2619 1051 2697 angeli
1092 2617 1223 2696 Quaasi

184 2705 263 2768 bona
283 2707 396 2784 fuerint,
416 2706 538 2784 amplius
559 2708 589 2766 in
611 2710 651 2767 eis
672 2723 828 2783 meremur;
853 2707 878 2766 si
898 2705 983 2782 mala,
1004 2705 1070 2782 plus
1090 2705 1222 2767 demere·

182 2807 257 2854 mur.
298 2792 504 2856 novioma:
532 2793 608 2854 Satis
636 2791 673 2854 ds
699 2792 745 2852 his
767 2791 917 2868 expeditus
937 2809 1017 2870 sum,
1045 2807 1121 2854 nume
1142 2791 1222 2870 quod
1252 2845 1258 2860 .

182 2879 330 2942 residuum
351 2880 388 2942 do
404 2879 564 2941 visionibus
579 2879 715 2958 angelicis
735 2881 819 2956 nosti,
839 2877 908 2939 mibi
928 2879 1101 2940 manifestes.
1141 2877 1222 2941 ΜΟ·
1305 2907 1306 2920 ¹

154 2991 160 2997 ·
183 2967 358 3030 NAOHUS:
381 2966 467 3045 Quod
488 2969 598 3028 animas
618 2965 675 3026 sibi
687 2967 902 3027 commissorum
915 2965 981 3028 Deo
999 2969 1222 3045 repraesentent,

185 3070 220 3118 ex
241 3055 298 3118 hoo
319 3053 398 3131 quod
418 3055 547 3131 sequitur
566 3055 674 3133 poteris
691 3053 825 3131 probare.

470 3305 922 3364 ψ
957 3331 960 3336 ·

201 3679 234 3749 1)
251 3675 271 3732 o
288 3676 461 3731 cursorum.
480 3705 512 3719 ·-
529 3676 563 3761 r)
580 3675 643 3748 seg.
660 3675 703 3742 ru,
719 3677 745 3730 a
757 3703 796 3758 ¹-
815 3675 848 3746 e)
865 3673 887 3732 o
903 3675 930 3730 er
945 3689 1016 3730 non.
1038 3643 1222 3761 nonnunp.

251 3747 361 3886 aad?
368 3747 603 3871 ffllolirlumrrgnznglmgm
619 3743 817 3848 amenditlerur
834 3747 1012 3817 pergratiam,
1027 3747 1050 3800 ri
1066 3761 1093 3799 m
1108 3747 1223 3818 poenaria
