2580 4316
449 209 505 272 DE
528 209 810 272 CONVERSIONE.

476 401 706 464 CAPITULUM
728 402 782 460 ΙΠ.

120 529 158 586 De
177 529 289 586 Priore
317 526 535 598 Olaracualb's,
558 529 609 601 put
631 532 843 584 concusserat
865 524 980 598 aliquid
998 530 1125 599 raperet,
1193 521 1196 528 '

428 611 601 671 mirabiliter
622 619 757 670 mutatus
777 619 828 670 est.
941 639 945 646 ¹

162 755 269 813 Retulit
291 753 370 812 milri
393 753 483 812 frater
506 752 676 812 Godefridus
697 751 854 811 monachus
875 757 979 825 noster,
1004 750 1149 826 quondam

112 845 250 900 eanonicus
262 839 280 921 ¹)
307 843 406 900 saneti
428 839 562 924 Andreae
583 842 613 898 in
636 839 763 914 Colonia,
785 857 851 898 cum
869 856 997 898 essemus
1021 835 1105 898 simul
1119 839 1148 896 in

113 929 289 1002 probatione,
312 945 380 986 rem
404 927 521 1003 dignam
542 929 686 986 memoria
729 925 888 986 Asserebat
909 926 963 984 sibi
985 943 1004 984 a
1025 923 1148 1000 quodam

114 1016 241 1075 monacho
267 1015 463 1074 Claraevallis
485 1014 557 1074 bene
578 1020 647 1073 noto
675 1012 811 1087 relatum,
844 1011 987 1088 quendam
1016 1012 1149 1072 clericum
1241 1031 1245 1040 ·

114 1109 171 1160 actu
191 1110 352 1176 trutanum,
376 1101 478 1176 quales
500 1119 550 1176 per
572 1101 698 1162 diversas
720 1103 819 1176 vagari
841 1100 934 1158 solent
945 1101 1107 1174 provincias
1119 1095 1149 1179 ²),

116 1191 217 1248 venisse
240 1189 278 1247 ad
302 1187 542 1260 Claramvallem,
573 1206 631 1246 non
661 1188 776 1262 quidem
806 1186 867 1246 zelo
891 1187 1010 1261 ordinis,
1039 1186 1091 1245 sed
1119 1193 1151 1245 ut

116 1275 215 1350 aliquid
235 1279 413 1335 monasterio
421 1272 443 1354 ³)
455 1283 565 1350 raperet
587 1276 640 1334 sub
651 1275 737 1350 pallio
748 1274 900 1350 religionis.
932 1274 1040 1334 Factus
1054 1276 1150 1349 itaque

118 1365 257 1438 novicius,
280 1380 348 1423 curn
369 1379 423 1437 per
445 1368 537 1420 totum
557 1380 664 1421 annum
684 1362 860 1437 probationis
882 1377 951 1420 suae
972 1361 1151 1420 insidiaretur

118 1452 283 1509 ornamentis
307 1449 463 1522 eeclesiae,
486 1455 514 1507 et
534 1455 649 1524 propter
671 1449 833 1524 diligentem
856 1447 1014 1508 custodiam
1036 1447 1119 1508 satisf
1133 1480 1150 1492 -

121 1553 179 1594 cere
199 1539 376 1612 nequivisset
399 1535 492 1595 cordis
516 1539 558 1594 sui
579 1536 719 1611 malitiae,
747 1535 820 1594 haec
841 1537 915 1594 intra
936 1553 967 1594 se
990 1536 1149 1612 cogitabat:

120 1622 189 1680 Cum
209 1624 299 1683 sactus
321 1624 403 1682 fuero
426 1623 598 1698 monachus,
621 1629 650 1682 et
670 1622 780 1681 licuerit
801 1624 976 1698 ministrare,
1000 1625 1059 1681 sine
1080 1628 1150 1681 nota

121 1726 155 1768 ac
166 1707 286 1790 labore⁴)
297 1713 377 1786 ipsos
393 1709 497 1769 calices
515 1709 689 1784 subtraham,
710 1712 808 1784 sieque
829 1709 970 1770 recedam.
1002 1710 1079 1769 Ecce
1101 1707 1152 1768 tali

121 1799 268 1857 intentione
289 1797 359 1874 legit
381 1797 594 1873 professionem,
613 1799 745 1872 promisit
762 1796 962 1872 obedientiam,
984 1797 1075 1856 induit
1097 1814 1150 1855 cu·
1228 1849 1233 1856 .

124 1883 228 1943 sullam.
270 1884 329 1948 Sed
351 1887 417 1961 pius
439 1884 588 1958 Dominus,
611 1887 659 1960 qui
679 1901 738 1942 non
759 1883 821 1942 vult
842 1891 963 1942 mortem
984 1885 1150 1959 peccatoris,

124 1969 171 2028 sed
189 1978 221 2029 ut
242 1978 427 2030 convertatur
449 1977 478 2030 et
497 1974 576 2030 vivat
585 1968 621 2050 ⁵),
649 1988 814 2046 perversam
834 1971 1012 2030 voluntatem
1033 1969 1153 2028 mirabi-

122 2056 180 2116 liter
199 2061 326 2132 mutavit,
349 2064 379 2116 et
401 2074 543 2116 venenum
563 2061 594 2116 in
615 2057 775 2117 antidotum
796 2057 1013 2122 misericorditer
1030 2073 1151 2117 eonver-

123 2146 162 2201 tit.
201 2145 403 2205 Induto‘enim
432 2143 531 2203 habitu
562 2140 741 2223 monachi⁶),
770 2147 906 2203 contritus
940 2152 968 2203 et
996 2161 1150 2208 conversus
1221 2167 1229 2177 ¹

122 2230 189 2290 adeo
210 2233 327 2308 profecit
348 2235 378 2289 in
401 2228 530 2310 sancta⁷)
552 2231 695 2306 religione,
716 2237 827 2290 utnon
849 2231 939 2290 multo
960 2239 1027 2307 post
1035 2239 1152 2309 propter

122 2321 245 2376 meritum
268 2322 344 2378 vitae
367 2317 407 2378 ad
422 2317 587 2394 dignitatem
603 2319 749 2376 Prioratus
764 2319 931 2378 ascenderet
942 2321 970 2376 in
984 2319 1152 2380 claravalle.

122 2403 163 2478 Et
183 2409 291 2463 utiam
314 2405 393 2479 dixi,
417 2401 508 2483 ipsa⁸)
531 2407 591 2463 eius
614 2405 699 2480 culpa
720 2405 782 2464 aliis
802 2406 878 2464 sacta
901 2403 972 2486 est⁹)
995 2407 1153 2477 medicina:

120 2508 183 2550 narn
204 2499 304 2567 postea
333 2494 449 2568 saepius
477 2493 531 2550 ista
558 2495 677 2550 recitare
705 2493 804 2550 solitus
834 2499 894 2551 erat
913 2490 941 2571 ¹⁰)
963 2496 1095 2571 noviciis,
1124 2502 1152 2556 et

121 2577 266 2654 plurimum
287 2582 316 2638 in
339 2581 380 2638 eis
404 2577 546 2638 aedificati
568 2585 641 2637 sunt
685 2577 886 2638 NOVICIUS:
913 2581 1027 2640 Vellem
1047 2600 1152 2658 nosse,

121 2666 191 2726 unde
213 2669 238 2724 ei
260 2666 331 2758 talis
354 2683 390 2725 ac
421 2672 501 2724 tanta
528 2667 610 2724 suerit
637 2669 758 2725 mutatio
776 2663 813 2745 ¹¹).
827 2653 836 2726 ,ἶ
856 2665 1090 2730 MONACHUS:
1113 2669 1154 2730 Ut

119 2757 233 2828 aestimo
256 2753 450 2828 principaliter
471 2770 506 2810 ex
527 2753 720 2810 misericordia
740 2753 819 2827 Dei,
844 2753 1012 2813 secundario
1036 2774 1071 2815 ex
1092 2760 1152 2816 vir-
1178 2802 1180 2806 .

118 2847 176 2899 tute
197 2845 227 2899 et
248 2840 449 2899 benedictione
472 2842 561 2900 sancti
582 2843 744 2898 vestimenti
761 2837 808 2920 ¹²),
830 2847 863 2898 ut
883 2843 923 2899 ait
946 2841 1062 2916 quidam
1083 2862 1153 2904 san-

117 2934 225 2987 ctorum
241 2919 361 3004 'patrum
384 2929 579 3002 antiquorum:
610 2927 734 2986 Habitus
756 2927 889 2986 monachi
912 2931 1043 2990 virtutem
1065 2931 1154 2991 habet

116 3015 249 3091 baptismi
268 3012 306 3093 ¹³).
350 3013 501 3073 Noverunt
521 3014 603 3072 multi
613 3013 768 3074 Henricum
784 3032 953 3074 conversum
967 3015 1002 3074 de
1014 3015 1153 3092 Claustro,

133 3167 163 3235 1)
181 3166 353 3218 Scholasticus
372 3173 533 3232 nuncupatur
546 3165 590 3216 “bio
606 3141 755 3217 Godciridus
772 3165 837 3216 infra
855 3165 885 3230 ll,
896 3167 937 3218 13.
955 3167 996 3230 lV,
1014 3169 1057 3220 49.
1083 3169 1154 3223 Alius

181 3247 221 3287 est
243 3253 257 3288 a
276 3233 431 3296 Godefrido,
458 3237 527 3285 cuius
552 3237 646 3286 mentio
669 3235 696 3284 fit
719 3236 766 3296 Vl,
790 3237 813 3286 5.
837 3237 883 3298 Xl,
908 3237 949 3288 43.
969 3239 1010 3288 44.
1031 3267 1061 3277 —-
1085 3241 1155 3308 2)c

182 3307 295 3375 quales
320 3306 437 3372 vagari
464 3304 574 3356 solent
600 3321 657 3372 per
683 3304 836 3356 diversas
863 3308 1099 3372 provincias·
1122 3311 1155 3379 3)
1242 3347 1252 3360 ,

182 3376 392 3429 monasterio
410 3390 449 3424 om
468 3374 499 3437 G;
518 3374 537 3424 B
556 3374 593 3425 de
612 3377 859 3426 monasterio-
880 3377 911 3442 4]
930 3392 967 3427 ao
984 3376 1095 3430 labore
1114 3396 1154 3432 orn

181 3446 210 3500 G.
229 3477 260 3485 -
282 3447 314 3513 5)
334 3442 430 3496 Erech.
452 3443 494 3506 ts,
513 3445 554 3496 23.
574 3475 604 3483 -
631 3445 663 3511 6)
688 3444 705 3494 P
723 3445 914 3496 monachali.
934 3475 965 3486 -
991 3448 1023 3514 7)
1042 3459 1155 3501 sancta

182 3532 221 3570 om
240 3515 268 3568 G.
292 3545 321 3556 -
353 3514 388 3580 8)
406 3515 474 3578 ipsa
501 3529 541 3564 orn
560 3513 586 3564 C.
607 3543 635 3554 -
657 3515 688 3581 9)
707 3514 726 3564 Β
746 3515 836 3566 facta
863 3524 914 3566 cst
941 3515 1031 3580 aliis,
1058 3518 1078 3570 G
1105 3529 1155 3570 est

180 3586 258 3638 aliis
278 3586 379 3636 lacta.
401 3611 431 3620 -—
453 3581 499 3651 40)
517 3583 536 3633 Β
555 3593 669 3649 postea
687 3584 806 3636 solitus
830 3594 898 3636 crat
915 3587 978 3636 ista
997 3589 1155 3650 recitare,

179 3655 342 3724 Cposten
362 3653 505 3716 saepius*
522 3651 601 3704 baec
618 3655 758 3704 recitare
776 3654 916 3706 solebat.
937 3656 1036 3724 -111]
1055 3656 1074 3708 C
1091 3675 1154 3708 mu-

177 3731 260 3780 tatio
289 3722 411 3776 ruerit.
433 3747 461 3758 -
486 3723 532 3789 12)
551 3724 656 3775 sancti
682 3727 874 3776 vestimenti
892 3724 947 3786 Bc,
971 3726 1158 3778 monachali
1240 3743 1242 3750 ’

174 3797 224 3854 bt’.
248 3826 279 3836 -
304 3793 358 3860 13)
379 3789 520 3856 Hieronym.
539 3792 618 3861 Epist.
638 3793 670 3842 25
690 3791 721 3843 de
740 3793 810 3844 obitu
824 3794 948 3941 Elpepglae.
