2622 4322
447 286 501 348 Du
524 281 788 349 ΤΕΝΤΑΤΙΟΝΕ.
1077 293 1138 349 227

90 411 223 486 ··graviter
244 407 310 470 illos
337 408 554 493 damnificavit.¹
582 409 666 487 Quod
686 411 802 486 iratres,
827 415 928 486 utpote
950 408 1003 470 viri
1023 411 1090 470 iusti
1112 419 1140 472 et

108 499 230 573 timorati,
251 499 383 574 peccatis
400 500 466 568 suis,
487 505 516 557 et
537 500 662 556 maxime
678 504 833 573 conceptae
854 500 884 556 iu
904 513 1045 574 pauperes
1066 517 1140 558 ava-

107 585 178 643 ritiae
208 585 398 661 deputantes,
429 591 539 650 mutato
570 584 701 660 consilio,
735 587 809 644 sicut
837 591 903 644 ante
925 585 1064 644 beneficia
1085 585 1139 644 illis

81 684 83 688 '
106 671 182 731 solita
202 671 414 748 impendenmt.
438 670 660 731 nomenis:
690 671 804 731 Vellem
825 689 901 731 nuno
923 671 1020 747 aliqua
1040 671 1138 732 audire

71 811 75 818 .
106 759 230 834 exempla
260 759 298 818 de
327 775 423 833 poena
451 761 588 822 auaritiae
614 759 644 816 in
676 761 737 838 vita
757 759 860 817 interra.
903 756 1138 820 MONACHUS:

104 843 163 904 Hoc
185 845 377 904 differendum
399 849 555 920 estusque
577 845 615 904 ad
637 845 846 904 distinctionem
869 843 1091 920 duodecimam,¹
1109 847 1139 904 in

104 949 156 1006 qua
175 932 361 992 tractandum
384 937 428 991 est
450 932 485 991 de
507 949 602 1008 poena
632 938 660 991 et
681 932 773 1009 gloria
795 938 979 991 mortuorum.
1021 932 1138 992 Interim

102 1019 149 1078 tibi
170 1019 267 1080 dicam
290 1019 434 1094 quaedam
456 1019 587 1095 exempla
609 1025 708 1078 eontra
731 1021 895 1093 avaritiam,
927 1025 959 1078 ut
981 1031 1140 1095 cognoscas

104 1113 237 1180 quantum
260 1107 347 1181 boni,
376 1112 553 1181 quantumve
580 1105 689 1182 gloriae
717 1111 927 1182 consequantur
955 1105 1000 1182 hi,
1030 1109 1078 1182 qui
1100 1108 1137 1166 ab

103 1196 217 1258 avaritia
241 1195 353 1268 tentati,
375 1195 500 1268 superati
521 1211 579 1252 non
600 1193 712 1252 fuerint.

399 1455 406 1460 ,
452 1383 686 1444 onrmuuuu
706 1383 788 1444 uxr.

118 1508 164 1566 Dc
177 1503 305 1580 Abbote,
329 1510 389 1582 qui,
412 1507 564 1564 cellerario
586 1523 641 1566 suo
664 1505 700 1564 ob
723 1507 825 1565 dolum
847 1507 985 1582 deperite,
1008 1507 1115 1566 adver-
1201 1493 1203 1498 ’

144 1598 235 1654 samis
259 1593 347 1668 bono,
364 1610 424 1668 pro
447 1593 553 1668 quibem
575 1593 796 1666 contendebant,
818 1594 900 1652 ultro
922 1593 1039 1666 dimisit,
1053 1601 1089 1696 ft
1252 1610 1262 1625 ·

369 1681 471 1738 eadem
493 1679 531 1738 ub
555 1683 595 1738 eia
616 1688 735 1739 coactus
757 1683 871 1755 recepit.

158 1801 267 1861 Abbas
297 1800 415 1876 quidam
441 1803 514 1878 nigri
543 1801 664 1878 ordinis,
697 1804 771 1861 sicut
799 1787 872 1859 mihi
897 1801 993 1860 retulit
1021 1801 1138 1876 quidam

98 1887 201 1949 Abbas
225 1888 261 1946 de
283 1887 383 1947 ordine
404 1895 511 1962 nostro,
533 1891 613 1947 venit
634 1889 671 1947 ad
686 1888 834 1948 Abbatem
856 1887 1000 1963 quendam
1018 1887 1137 1948 Clarae-

98 1975 190 2051 vailis,
213 1975 313 2034 dicens
332 1973 390 2032 illi:
414 1973 538 2034 Domine
554 1974 665 2049 Abbas,
688 1975 754 2035 date
776 1975 846 2034 mihi
866 1974 968 2034 falcem
986 1971 1010 2054 ¹),
1026 1967 1062 2032 'et
1083 1992 1137 2052 ego

98 2061 174 2123 dabo
202 2063 288 2121 vobis
319 2078 439 2120 curvum
467 2061 610 2120 baculum.
653 2063 706 2122 Ille
728 2062 797 2138 quid
819 2063 913 2121 iacere
934 2061 1021 2120 vellet
1042 2064 1139 2121 statim

97 2149 267 2226 intelligens,
288 2151 382 2207 virum
396 2151 530 2224 suscepit,
552 2148 682 2208 habiturn
703 2151 833 2224 mutarit,
855 2155 884 2208 et
906 2151 973 2224 quia
994 2148 1139 2207 hominem

97 2237 269 2312 prudentem
292 2235 415 2294 eundem
437 2252 499 2294 esse
522 2235 728 2311 consideravit,
760 2254 819 2295 non
840 2234 931 2294 multo
953 2241 1020 2310 post
1041 2235 1138 2296 domui

99 2324 213 2383 crudam
242 2321 349 2381 ordinis
377 2323 467 2381 nostri
487 2321 634 2382 Abbatem
656 2341 721 2382 eum
743 2323 888 2399 praefecit.
930 2322 1041 2380 Eodem
1062 2327 1139 2381 tem·
1188 2345 1190 2354 ¹

99 2427 168 2486 pore
198 2409 301 2468 domus
329 2409 404 2467 illius
433 2409 532 2468 iratres
554 2427 606 2485 pro
629 2410 801 2485 quibusdam
822 2411 1049 2485 possessionibus
1073 2427 1136 2468 cum
1194 2401 1203 2416 '

98 2499 229 2572 personis
252 2496 426 2571 quibusdam
448 2496 643 2556 saecularibus
669 2496 883 2556 contenderunt.
926 2495 1073 2556 Ventilata
1095 2503 1139 2556 est

100 2601 188 2643 causa
219 2595 317 2642 coram
339 2582 494 2657 iudicibus,
528 2591 557 2642 et
579 2584 646 2670 data
669 2591 712 2642 est
734 2585 874 2642 sententia
895 2600 948 2658 pro
969 2583 1086 2642 Abbate
1109 2591 1138 2641 et

99 2671 240 2731 fratribus.
274 2670 383 2728 Postea
416 2669 577 2728 cellerarius
591 2669 700 2730 Abbati
719 2676 827 2730 secrete
854 2670 981 2729 dicebat:
1002 2669 1138 2744 Domine,

99 2758 172 2818 bene
200 2756 289 2816 hodie
318 2753 561 2836 placitavimus²).
597 2757 711 2828 ,Sciatis
739 2755 835 2817 tamen
865 2774 982 2816 eausam
1011 2765 1139 2816 nostram

100 2863 157 2904 non
179 2861 215 2904 ex
239 2845 318 2902 omni
338 2849 420 2919 parte
442 2844 529 2903 luisse
550 2846 663 2903 iustam.
706 2843 814 2903 Audito
836 2843 898 2903 hoc'
914 2845 1012 2918 verbo,
1034 2843 1138 2904 Abbaa

100 2933 167 2991 satis
195 2932 331 2991 turbatus
371 2923 430 3004 est,
459 2932 548 2989 tacuit
587 2937 691 2990 tamen.
735 2931 872 3006 Sequenti
907 2931 952 2990 die
975 2931 1138 3006 Capitulum

100 3020 223 3093 miravit,
246 3017 647 3092 cellerarium'proclamavit,
671 3025 699 3076 et
721 3018 863 3093 deposuit,
885 3034 920 3077 eo
943 3019 1020 3092 quod
1042 3021 1138 3077 avari—

101 3107 157 3165 tiae
172 3123 242 3164 suae
266 3104 419 3164 cousulens
434 3106 639 3180 suppressisset
651 3107 810 3164 veritatem.
842 3104 880 3163 Et
900 3107 988 3163 misso
1009 3103 1061 3180 pro
1084 3105 1138 3163 ad-

119 3239 149 3308 l)
167 3237 231 3303 Quid
249 3237 291 3289 hic
309 3235 376 3289 falx
394 3237 527 3306 significet,
544 3237 691 3307 intelligitur
708 3255 739 3290 ex
757 3237 846 3290 Hamil.
864 3237 905 3290 lv.
924 3255 948 3306 p.
969 3239 1027 3302 179,
1045 3237 1088 3290 ubi
1106 3238 1138 3290 de

169 3307 385 3376 praedicatoribus
408 3307 515 3376 loquens
540 3307 685 3373 Caesarius,
709 3311 744 3359 sic
767 3311 813 3359 ait:
846 3307 941 3376 ,qualis
966 3324 1022 3359 esse
1046 3307 1138 3360 debeat

169 3379 313 3444 operarius,
336 3393 367 3428 ex
384 3379 440 3445 ipsa
457 3377 521 3429 falce
539 3377 671 3445 figurative
689 3377 883 3430 demonstratur.
918 3378 1000 3430 Habet
1018 3380 1084 3430 enim
1102 3381 1137 3430 si-

168 3463 228 3498 num
242 3455 402 3498 recurvatum
421 3455 447 3498 et
465 3447 603 3498 dentatum.
636 3447 718 3500 Curva
737 3447 786 3510 est,
802 3456 831 3499 ut
849 3457 960 3515 segetem
979 3447 1011 3498 ad
1038 3465 1137 3500 manum

170 3519 287 3568 metentis
307 3516 556 3585 colligat3-dentibus
574 3527 670 3569 armata
689 3526 736 3582 est,
754 3527 783 3569 ut
800 3516 929 3569 collectam
948 3517 1139 3585 facilius'prae-

170 3585 244 3638 cidat.
263 3585 305 3640 Sic
329 3590 410 3638 omnis
428 3587 586 3654 praedicator
602 3589 734 3639 incurvare
752 3603 780 3639 se
798 3586 874 3638 debet
892 3603 937 3654 per
955 3587 1073 3638 humilem
1091 3588 1139 3640 ha-

169 3655 246 3707 bitum
265 3664 342 3723 atque
355 3659 580 3721 conversationem,
597 3666 626 3708 ut
642 3673 688 3724 per
697 3657 836 3725 exemplum
849 3657 1025 3709 humiliationis
1037 3657 1140 3709 audito-

169 3725 210 3778 res
227 3725 300 3778 verbi
317 3725 365 3776 sibi
383 3727 501 3792 attrahat,
518 3735 546 3778 ut
563 3729 598 3779 ita
616 3743 662 3794 per
680 3728 757 3778 aciem
769 3726 934 3791 mordentem,
951 3726 977 3778 id
996 3735 1043 3790 est,
1060 3727 1138 3778 uerba

170 3797 350 3864 correptionis,
369 3795 436 3863 quod
454 3799 480 3848 in
498 3800 536 3849 eis
554 3799 670 3851 vitiosum
688 3797 779 3862 luerit,
796 3795 922 3848 efficacius
940 3795 1078 3848 abscidat.“
1105 3825 1137 3836 -ψ

170 3866 202 3934 2)
219 3865 240 3919 B
258 3864 506 3934 placidavimus.
