2594 4302
183 261 245 321 226
496 259 725 324 DISTINOE'IO
751 262 909 324 DECIMA

181 375 318 460 loquente
352 382 532 460 loquebatur.
575 385 698 463 Quando
733 379 873 463 prolixius
900 387 930 445 in
959 385 1081 446 ccclesia
1117 385 1226 456 orabat,

184 469 316 530 dicebat:
337 467 428 530 Modo
456 491 615 533 murmuras
635 475 728 532 nimis.
771 473 893 550 Quando
916 491 993 551 aqua
1021 472 1175 534 benedicta
1194 491 1226 534 se

183 559 314 632 aspersit,
332 557 597 640 iterum.aiebat'):
619 558 695 620 Vide
716 577 752 620 ne
774 577 821 620 me
842 566 954 638 tangas.
999 560 1053 620 Cui
1073 562 1175 620 miles:
1195 561 1226 622 Si

183 661 243 703 una
263 651 347 722 gutta
365 651 395 704 te
426 648 563 723 tetigerit,
589 663 647 706 non
667 645 737 705 mihi
757 647 892 723 placebit.
933 647 1077 724 Tempore
1097 648 1146 708 illo
1169 665 1226 724 quo

183 748 254 791 cmx
274 731 508 808 praedicabatur,
530 750 595 792 cum
617 733 698 794 miles
718 735 837 794 intraret
850 733 1000 794 ecclesiam
1013 737 1106 812 gratia
1127 737 1228 812 signa·

183 819 276 892 tionis,
299 816 429 878 diabolus
442 816 522 879 illum
542 819 686 880 retrahere
700 821 778 880 nisus
794 826 837 880 est
852 820 964 881 dicens:
988 821 1064 897 Quid
1077 822 1125 882 bic
1140 821 1228 899 agis?

184 903 345 980 Respondit
373 905 470 965 miles:
492 903 558 966 Deo
590 923 719 983 propono
753 911 879 983 servire,
908 913 937 967 ct
969 909 1022 967 tibi
1050 911 1229 970 renunciare.

184 989 300 1051 Recede
333 1008 400 1070 ergo
423 1011 442 1053 a
463 1009 518 1052 me.
561 992 644 1053 Haec
667 993 779 1053 dicente
800 994 904 1070 milite,
931 995 1076 1071 rospondit
1098 995 1228 1056 Satbau:

185 1077 261 1155 Quid
277 1078 328 1137 tibi
342 1081 371 1137 in
384 1097 430 1138 me
444 1079 611 1156 displicuit?
643 1079 799 1156 Nunquam
820 1085 849 1140 tc
862 1081 941 1158 laesi,
963 1082 1015 1143 sed
1038 1082 1137 1142 ditavi.
1170 1083 1230 1144 Per

184 1183 231 1225 me
252 1165 393 1242 gloriosus
421 1167 513 1226 factus
536 1183 567 1226 es
594 1169 687 1226 nimis.
729 1166 867 1227 Attamen
900 1174 996 1228 tecum
1024 1186 1144 1230 manere
1173 1173 1229 1230 nisi

184 1255 345 1312 consentias
366 1269 424 1312 non
446 1260 561 1329 potero,
584 1253 728 1329 quiahoc
749 1257 874 1332 promisi.
917 1255 1000 1315 Tunc
1021 1256 1120 1315 milesr
1148 1256 1230 1318 Ecce

185 1355 298 1400 crucem
323 1342 381 1400 iam
403 1341 540 1416 suscipio,
560 1347 641 1424 etut
661 1341 726 1400 ilico
748 1359 895 1418 nunquam
916 1359 1082 1402 reversurus
1103 1345 1229 1405 recedas

184 1445 203 1486 a
224 1443 280 1501 me,
301 1427 330 1484 in
343 1430 459 1485 nomine
482 1425 608 1486 crucifixi
621 1434 649 1487 te
663 1427 771 1487 adiuro.
814 1428 852 1488 Et
865 1427 980 1504 reliquit
1001 1447 1067 1489 eum
1082 1429 1230 1492 diabolus.

185 1512 242 1590 Qui
270 1531 338 1572 mox
372 1530 456 1573 cruce
485 1515 613 1592 signatus
646 1531 725 1574 mare
754 1517 879 1590 transiit,
907 1518 958 1575 ubi
993 1516 1105 1576 duobus
1144 1523 1229 1578 aunis

185 1600 297 1660 Christo
319 1600 452 1676 militans,
472 1617 605 1660 reversus
622 1598 764 1676 hospitale
785 1619 923 1678 magnum
944 1610 1031 1678 atque
1053 1603 1229 1665 ditissimum

183 1689 339 1764 peregrinis
361 1691 390 1746 et
410 1688 584 1766 pauperibus
606 1687 777 1747 aedificavit.
819 1687 957 1748 Habebat
978 1693 1052 1750 enim
1074 1695 1229 1752 annuatim

183 1777 212 1832 in
235 1773 392 1834 redditibus
414 1775 478 1850 plus'
501 1779 589 1852 quam
611 1779 752 1834 trecentas
774 1775 861 1835 libras
883 1779 1008 1854 argenti,
1041 1783 1114 1837 teste
1137 1796 1228 1855 prae-

183 1862 243 1921 lato
264 1860 391 1921 Abbate.
433 1861 468 1920 In
491 1877 548 1939 quo
570 1859 705 1937 hospitali
725 1877 817 1938 usque
838 1861 925 1922 hodie
957 1881 1022 1923 cum
1050 1881 1142 1924 uxore
1172 1885 1229 1926 sua
1271 1899 1272 1926 r

183 1951 212 2007 in
233 1948 335 2007 babitu
356 1948 488 2024 religioso
510 1947 646 2008 membris
668 1946 772 2008 Christi
793 1951 888 2024 servit,
908 1949 1106 2027 religiosorum
1129 1957 1228 2012 omni·
1271 2001 1272 2040 p

185 2053 249 2110 um,
281 2037 406 2094 maxime
435 2033 539 2094 ordinis
567 2036 656 2093 nostri
679 2042 827 2110 susceptor
849 2035 980 2097 devotus.
1024 2037 1138 2116 Quibus
1151 2035 1175 2120 ²)
1199 2042 1227 2100 in
1271 2047 1272 2080 ³

184 2126 248 2182 ioco
272 2122 365 2182 dicere
388 2121 479 2180 solet:
500 2121 563 2181 Vos
585 2120 692 2182 domini
713 2119 861 2200 Abbates,
884 2129 913 2182 et
933 2140 987 2183 vos
1008 2125 1143 2188 monachi
1165 2145 1226 2188 non
1271 2127 1272 2208 ζ

186 2212 253 2269 estis
264 2211 368 2286 sancti;
383 2225 435 2268 nos
446 2208 550 2268 milites
565 2211 751 2268 tornamentis
766 2225 883 2285 operam
898 2209 998 2271 dantes
1009 2213 1100 2272 sancti
1114 2231 1227 2290 sumus,
1271 2209 1272 2220 ’

185 2299 253 2372 quia
270 2295 424 2356 daemones
437 2295 521 2356 nobis
536 2294 682 2370 obediunt,
703 2295 824 2372 illosque
847 2298 982 2356 elicimus.
1017 2297 1227 2362 NOVICIUS=

185 2383 301 2443 Nescivi
324 2383 479 2442 daemones
492 2383 533 2441 sic
545 2381 707 2443 ioculariter
718 2378 739 2461 ⁸)
762 2384 824 2442 eiici
845 2399 940 2459 posse.
983 2381 1228 2449 MONAOHUS:

186 2471 251 2530 Non
282 2472 363 2529 iocus
383 2468 447 2530 'sed
475 2471 565 2530 virtus
598 2471 801 2547 compassionis
828 2469 908 2532 illum
937 2471 1028 2531 eiecit.
1079 2472 1230 2551 Quantum
1271 2543 1272 2552 χ

163 2557 263 2636 ¹apud
284 2555 381 2616 Deum
395 2557 486 2632 possit
496 2549 518 2636 ⁴)
542 2558 645 2616 caritm
657 2562 745 2634 atque
761 2557 1075 2642 fraternacompassio,
1096 2562 1229 2626 subiecto

149 2681 151 2689 ι
185 2644 346 2705 declaratur
366 2642 513 2718 miraculo.

536 2799 770 2862 CAPITULUM
798 2801 870 2861 XII.

195 2890 199 2906 .
225 2921 473 2984 Da‘ibeoderico
494 2923 585 2983 milite
614 2923 649 2982 de
670 2923 788 2984 Rudent
809 2926 861 3000 qur·
879 2921 1006 3003 slusa&
1029 2930 1190 3003 sanquinis

361 3009 502 3069 laborans
520 3009 705 3102 Somacenos
726 3012 902 3071 miraculose
919 3010 1049 3088 scopavit.

247 3132 348 3192 Frater
375 3131 523 3191 Walterrrs
551 3131 709 3190 monachus
737 3133 767 3190 in
789 3131 1002 3192 Hemmenrode
1025 3134 1130 3194 referre
1151 3137 1226 3197 solet

181 3219 350 3280 miraculum
376 3217 520 3293 mirabile,
549 3221 594 3278 cui
615 3236 648 3278 se
668 3219 827 3280 interfuisse
848 3225 998 3298 memorat.
1041 3220 1116 3280 Cum
1137 3240 1225 3298 pere·

180 3309 253 3384 grini
280 3307 309 3364 in
341 3306 433 3380 prima
461 3305 640 3382 expeditione
669 3305 833 3366 obsiderent
864 3308 1009 3366 civitatem
1038 3306 1225 3392 Aeonem),

182 3395 301 3470 contigit
329 3389 481 3472 quodam⁷)
511 3393 570 3467 die,
604 3398 637 3451 ut
665 3394 772 3469 egressi
800 3393 950 3453 Sarraceni
978 3410 1066 3454 mauu
1094 3396 1225 3456 violenta

180 3479 371 3558 propellerent
385 3477 560 3540 Christianos
580 3481 609 3537 in
632 3486 727 3539 castra
748 3495 809 3539 sua.
852 3479 923 3541 Erat
943 3486 1040 3540 autem
1062 3482 1100 3540 ibi
1122 3482 1223 3563 tuuc⁸)

180 3567 261 3627 miles
284 3566 400 3642 quidam
421 3569 532 3627 iuvenis
557 3565 750 3626 Theodericus
772 3569 897 3643 nomine,
917 3567 1004 3628 irater
1026 3564 1134 3627 domini
1154 3569 1222 3630 Ko-

198 3699 291 3770 1)Βο
310 3699 410 3752 aiebit
428 3701 553 3750 iterum.
574 3729 604 3739 —
624 3699 657 3766 2)
673 3697 695 3750 B
719 3699 835 3768 quihus
852 3709 891 3754 et.
910 3729 942 3742 —-
962 3700 994 3769 3)
1012 3701 1033 3754 Β
1051 3702 1220 3756 localiter.

250 3799 280 3810 -
300 3769 332 3838 4)
350 3768 395 3822 Bc
412 3769 545 3836 possint.
565 3797 596 3808 -
616 3767 726 3837 5)·lihri
752 3771 782 3822 in
801 3769 899 3824 fluxu.
919 3799 949 3811 -
970 3773 1001 3838 6)
1019 3769 1082 3824 BCP
1100 3771 1220 3826 Acbari.

251 3867 279 3880 -
301 3839 333 3908 7)
351 3837 393 3890 ct)
411 3835 558 3907 quadarn.
585 3835 658 3890 (loni.
677 3837 719 3904 tx,
737 3839 762 3891 2.
781 3869 813 3878 —
833 3839 946 3909 spuet
964 3849 1038 3893 tunc
1054 3841 1108 3895 ibi.
