2628 4310
388 301 395 346 .·
436 291 491 355 DE
513 238 797 356 nominitamus,
1070 297 1133 357 289

442 461 676 548 emmunim
709 485 785 546 xx.

180 593 188 634 ·'
226 593 282 669 rie
302 607 394 668 musa
416 609 512 668 oceno
531 612 583 684 qur
604 608 648 684 aa
664 607 884 686 euocatum
903 607 996 667 seme

438 699 566 755 nominis
587 696 722 754 salvatus
744 700 793 753 eu.
913 740 917 754 ,

153 816 245 878 Miles
274 811 392 893 quidam
418 814 653 879 sceleratissimus
681 816 718 876 ab
744 815 864 875 inimicis
886 817 946 874 suis
968 821 1068 892 captus
1091 823 1135 878 εει

95 910 124 964 ει
145 906 267 964 ooeisus.
310 903 366 980 Qui
388 921 454 963 oum
466 909 634 979 moreretur,
652 903 727 964 haee
741 904 767 964 ei
780 902 871 964 verba
891 901 992 962 ultima
1005 901 1133 963 suerunt:

94 989 219 1052 Domine
231 991 439 1064 misereremei.
468 988 503 1050 ln
518 993 599 1050 euius
612 996 704 1050 morte
718 989 835 1065 quidam
849 989 985 1050 obsessus
998 989 1134 1050 liberatus

94 1084 147 1138 est
180 1078 273 1154 Quem
287 1095 352 1138 oum
366 1085 434 1153 post
446 1077 506 1137 dies
520 1094 629 1154 paucos
643 1079 767 1137 atrocius
777 1073 795 1156 ¹)
812 1084 938 1150 vexaret,
960 1079 1034 1136 siout
1047 1094 1133 1152 supra

94 1163 204 1225 dictum
218 1170 266 1246 est·
276 1163 312 1224 de
325 1161 459 1239 Konone,
480 1163 604 1240 capitulo
620 1163 874 1240 decimoseptimo,
892 1165 1083 1239 interrogatus
1098 1163 1135 1224 do

93 1251 150 1311 hoo
164 1251 318 1328 respondit:
339 1251 425 1312 Multi
440 1253 606 1330 congregati
618 1251 723 1310 inimus
733 1251 763 1308 in
773 1256 865 1310 morte
879 1245 974 1309 militis
984 1249 1067 1326 illius,
1082 1249 1134 1310 sed

94 1340 164 1414 quia
177 1338 247 1397 nihil
266 1339 307 1397 ibi
322 1339 508 1412 obtinuimus„
526 1335 648 1413 amphus
663 1339 691 1396 in
707 1337 763 1398 hoo
785 1354 850 1396 meo
866 1335 985 1396 vasculo
1000 1355 1046 1398 me
1068 1340 1133 1398 viu-

94 1424 168 1485 dioo.
211 1425 377 1500 Requisitus
399 1424 435 1484 de
457 1442 553 1501 eausa,
575 1424 709 1485 subiecit:
742 1423 810 1482 Tria
830 1429 943 1483 tantum
964 1423 1023 1484 heu
1043 1425 1135 1484 verba
1199 1473 1202 1480 .

94 1513 218 1572 moriens
249 1510 383 1588 protulit,
414 1518 531 1587 propter
563 1528 637 1586 quae
669 1516 842 1586 potestatem
874 1517 1001 1569 nostram
1034 1513 1135 1571 evasit.

93 1599 170 1658 ane
192 1598 260 1657 huie
281 1598 418 1676 praedoni
440 1599 477 1656 ob
498 1597 710 1657 invocationem
733 1596 820 1656 divini
841 1599 971 1671 nominis,
994 1599 1068 1657 siout
1088 1596 1134 1657 la-

94 1687 168 1744 troni
195 1687 225 1742 in
254 1701 354 1759 eruce,
384 1691 556 1744 tormentum
578 1701 693 1744 versum
715 1690 759 1744 εει
785 1685 814 1744 in
842 1687 1021 1760 maurium.
1061 1682 1134 1743 NO-

93 1768 241 1832 vicilia:
270 1769 306 1829 In
333 1771 389 1830 hoo
419 1771 549 1846 exemplo
578 1772 648 1829 satis
677 1768 825 1830 considero
855 1770 932 1845 quod
958 1772 1149 1846 poenitentia¹

93 1873 164 1918 vera
203 1873 352 1933 nunquam
383 1859 421 1916 sit
452 1873 527 1916 sera.
578 1855 815 1916 MONAOHUS:
860 1856 928 1915 Duo
960 1858 1134 1934 subiungam

94 1944 246 2021 exempla,
269 1957 327 2020 per*
349 1960 424 2020 quae
452 1959 609 2020 eogneseos
636 1941 716 2024 quod
738 1949 868 2002 meme
887 1945 1017 2003 oonnitio
1038 1945 1076 2004 sit
1097 1962 1134 2004 ex

93 2029 188 2092 multa
207 2031 401 2091 mistrieortlia
420 2030 485 2090 Dei.

437 2167 672 2248 ereremum
691 2184 783 2246 xxi.

94 2302 289 2366 Dt‘Fii'aone
310 2311 444 2384 quisine
465 2310 658 2367 sacramentis
679 2306 758 2379 obiit,
780 2308 852 2366 εαιιε
874 2319 897 2364 o
913 2305 975 2382 sidio
995 2311 1133 2368 monitus.

158 2429 197 2490 In
215 2429 308 2493 Frisia
328 2447 420 2508 meper
440 2430 527 2490 homo
550 2427 667 2506 quidam
689 2428 771 2490 dives
791 2426 950 2504 infirmatus
972 2436 1024 2488 est.
1066 2424 1132 2491 Ha-

92 2517 184 2578 bebat
204 2525 302 2578 autem
321 2517 412 2578 filinm
432 2515 606 2577 monachum
628 2522 657 2576 et
670 2515 850 2577 sacerdotem
870 2515 900 2574 in
914 2514 1102 2594 orarooampo
1111 2515 1132 2598 ²)

94 2603 181 2666 domo
195 2603 302 2664 ordinis
322 2605 421 2666 nostri.
462 2603 520 2663 Pro
542 2620 599 2679 quo
621 2620 688 2664 oum
709 2603 840 2677 misisset,
862 2603 944 2678 quasi
964 2620 1016 2679 pro
1040 2603 1132 2668 salute

93 2693 207 2752 animae
234 2708 319 2767 suae,
348 2693 445 2752 neseio
467 2708 525 2767 quo
546 2689 604 2750 Dei
623 2690 744 2765 iudioio‚
773 2692 835 2749 sind
856 2690 1048 2767 confessione,
1070 2687 1131 2754 siue

94 2779 209 2854 viatico,
229 2784 264 2838 et
279 2780 341 2838 sine
361 2780 527 2864 inunctione
548 2784 676 2838 mortuus
698 2782 750 2836 est

430 2928 664 2993 CAPITULUM
689 2925 792 2993 xxii.

144 3111 146 3114 .
197 3057 282 3116 Itoni
296 3056 332 3116 de
352 3055 479 3116 nouom
501 3057 593 3114 oeoieo
615 3056 759 3129 quiante
779 3059 905 3113 uwrtem
927 3057 1030 3114 omnio

444 3147 634 3200 mucronata
653 3142 788 3218 suscepit,

161 3262 245 3324 Circa
264 3261 341 3323 idem
362 3268 476 3338 tempus
497 3263 527 3320 in
549 3259 650 3320 eadem
663 3261 810 3336 provincia
827 3259 900 3319 alius
921 3260 1037 3337 quidam
1050 3263 1132 3325 Frtso

94 3350 228 3411 hostibus
249 3352 309 3409 suis
331 3365 497 3424 occurrens,
526 3346 691 3407 vulneratus
714 3352 758 3406 εει
779 3346 817 3406 ad
837 3353 974 3424 mortem,
996 3356 1025 3410 et
1046 3354 1133 3412 oooisi

94 3442 164 3497 sunt
192 3437 249 3496 duo
278 3435 329 3494 filii
360 3439 432 3495 eius
480 3433 610 3510 Cumque
638 3440 751 3509 petrem
782 3436 924 3494 oooisores
952 3438 1135 3498 aestimarent
1176 3485 1178 3492 ,

95 3529 250 3598 mortuum,
271 3523 410 3582 abierunt.
455 3520 608 3596 Comperto
622 3526 701 3579 tanto
724 3519 831 3580 seelera
850 3523 985 3598 magister
997 3527 1133 3600 grangiae

94 3614 125 3670 in
146 3607 335 3686 Bethwerde,
357 3608 482 3668 adducto
503 3607 647 3685 plaustro,
668 3608 779 3667 oooisos
801 3611 996 3684 superposuit,
1018 3614 1047 3668 et
1068 3627 1134 3670 oum

115 3725 149 3796 1)
164 3719 273 3778 tortasse
291 3726 391 3793 soripsit
408 3733 511 3776 auctor:
535 3725 683 3774 atrocius
708 3721 862 3776 diabolus
888 3731 1034 3778 vexaret
1053 3751 1084 3764 -
1103 3725 1136 3792 2)

167 3795 346 3848 monasterium
365 3792 588 3859 Glemoarnpense,
606 3791 780 3844 cisterciensis
797 3792 892 3846 ordinis
909 3795 1017 3862 primurn
1027 3794 1061 3858 ¹in
1078 3791 1137 3846 Fri-

168 3866 206 3918 sin
223 3862 381 3916 aedificatum
400 3873 448 3928 εει,
466 3877 532 3915 anno
552 3862 628 3914 1165.
828 3937 876 4010 13
