2628 4310
190 255 253 314 sot
478 253 706 314 Drsrnicrio
726 251 938 316 usonem

190 381 339 447 mmeret,
371 374 465 432 sciens
493 391 560 433 enm
589 381 749 448 mortuom,
778 375 901 436 subiecit
920 375 983 434 llle:
1010 373 1085 434 Peto
1112 382 1145 434 ut
1170 374 1219 433 hoc

189 463 285 537 ipsum
307 459 386 519 dicas
408 461 536 521 secondo
558 461 687 535 Decano,
710 464 778 536 qnia
799 461 861 521 dies
883 464 937 522 erit
957 467 1062 521 octavo
1083 461 1138 521 die.
1175 461 1220 520 llle

191 547 345 623 evigilans,
366 555 396 606 et
414 535 453 606 'de
473 550 583 608 visione
604 551 674 607 satis
695 549 848 623 adarim,
870 549 939 624 qnid
959 548 1070 624 viderit,
1091 549 1139 609 vel
1160 547 1220 624 qnid

192 633 336 692 winricus
358 633 545 709 mandaverit,
566 652 651 693 mane
672 634 793 694 Deeano
814 639 953 697 recitavit.
997 635 1054 711 Qui
1075 640 1171 696 statim
1181 637 1221 694 vi·

192 737 255 778 sum
267 719 436 797 intelligens,
457 721 619 796 respondit:
640 723 704 798 Ego
725 724 794 781 satis
807 725 895 782 timeo
910 722 988 797 quod
1002 723 1078 782 diem
1092 725 1153 783 cius
1173 725 1222 782 cito

191 807 345 866 observare
367 807 502 882 debeam,
530 810 597 882 quia
619 807 705 867 homo
728 825 815 868 senex
837 827 901 868 sum
923 816 954 868 ct
974 809 1085 868 debilis
1127 810 1222 870 Statim

192 892 293 954 cedem
316 892 362 952 die
384 897 465 969 peius
488 897 582 970 coepit
602 895 725 969 habere,
752 899 792 954 ita
813 902 846 954 nt
866 896 1012 972 praedicto
1035 896 1081 956 die
1102 913 1222 956 morere-

191 987 247 1038 tur.
290 981 374 1056 Quod
397 982 447 1041 nbi
469 984 606 1056 comperit
626 982 773 1056 Erwinus,
794 985 898 1042 timens
920 986 988 1058 qnia
1010 986 1121 1060 etipse
1143 986 1222 1043 mori·

192 1074 272 1126 turus
294 1073 378 1140 esset,
401 1071 495 1144 coepit
516 1085 547 1126 se
570 1085 621 1144 per
642 1069 849 1129 confessionem
870 1076 958 1145 atque
976 1087 1087 1130 sacram
1099 1088 1223 1130 commn-
1281 1099 1282 1118 1

192 1156 306 1213 cionem
329 1153 367 1212 ad
389 1162 509 1213 mortem
523 1171 704 1230 praeparare.
746 1155 795 1215 Ad
817 1173 902 1232 quem
923 1159 1018 1216 maior
1031 1157 1223 1234 Preepositns:

193 1239 264 1299 Cras
291 1243 319 1298 in
349 1247 493 1300 conventu
523 1241 607 1300 dieite
636 1245 662 1301 ei
687 1245 804 1301 missam
833 1243 1016 1319 sollemnem,
1048 1252 1078 1302 et
1098 1245 1223 1321 sepelite,
1281 1257 1282 1260 ’

191 1329 289 1403 sicque
311 1328 487 1387 satisfecistis
509 1331 638 1403 petitioni
659 1332 729 1387 eins.
772 1330 859 1405 Quod
880 1333 922 1390 ita
942 1331 1051 1390 laetum
1070 1339 1224 1406 astatque

191 1415 271 1472 iuxta
292 1413 432 1490 capellam
463 1415 602 1489 praedicti
624 1415 801 1476 Conlessoris
827 1417 865 1476 ab
887 1433 922 1477 eo
944 1417 1082 1494 sepultus.
1127 1418 1224 1480 Adhuc

191 1500 267 1560 idem
289 1500 420 1559 Ervrinus
442 1502 522 1575 vivit,
544 1520 562 1560 a
584 1505 666 1572 cuins
688 1519 736 1562 ore
758 1503 857 1562 andivi
878 1521 953 1580 quae
972 1503 1139 1564 dictasunt
1180 1506 1223 1563 In-
1281 1529 1282 1598 p

192 1593 235 1646 ter
256 1603 360 1646 avaros
381 1603 490 1663 poenas
512 1589 625 1647 solvent
652 1591 739 1648 etiam
766 1588 916 1666 advocati,
948 1593 997 1668 qui
1018 1590 1106 1650 modo
1129 1592 1224 1652 salaria
1281 1607 1282 1634 r

113 1745 119 1766 ὃ
191 1675 309 1752 pinguia
329 1676 477 1750 recipiunt,
498 1681 528 1734 ct
549 1693 651 1734 causas
673 1677 852 1736 subvertunt.
1215 1691 1218 1698 ’

524 1831 758 1892 CAPITULUM
785 1833 897 1892 XLVI.

192 1950 240 2009 De
261 1957 356 2009 morto
377 1951 497 2027 leptatne
522 1954 554 2010 in
579 1952 715 2011 saccata
737 1957 785 2011 croi
805 1956 943 2012 moriendi
963 1953 1069 2029 Rapsa
1091 1954 1223 2015 ἀίυὺιὶιω

598 2038 752 2098 subtracto
775 2047 824 2099 cst.

255 2139 389 2200 Narravit
409 2141 478 2200 mihi
489 2148 555 2204 ante
568 2161 677 2218 paucos
691 2161 804 2204 menses
818 2143 920 2219 aliquis
932 2142 1066 2204 sacerdos
1089 2141 1128 2203 de
1138 2143 1223 2204 Saxo-
1282 2179 1283 2208 1

191 2229 252 2302 nia,
271 2227 382 2289 dicens:
404 2229 503 2305 Nuper
523 2232 553 2287 in
574 2236 649 2290 terra
670 2237 767 2290 nostra
790 2230 906 2306 quidam
927 2233 1090 2290 nominatus
1110 2229 1224 2292 decreti·
1282 2281 1283 2296 .

191 2319 237 2372 sta
264 2323 393 2374 mortuus
422 2324 474 2376 est.
529 2317 674 2392 Quicum
703 2317 809 2393 lieret,
841 2316 939 2394 lingua
966 2320 995 2375 in
1029 2333 1078 2376 ore
1108 2316 1225 2377 delimcti
1282 2347 1283 2352 κ

191 2409 315 2461 nonest
341 2404 468 2461 inventa.
521 2401 559 2461 Et
580 2405 681 2463 merito
709 2404 837 2481 linguam
863 2403 987 2480 perdidit
1014 2406 1156 2480 moriens,
1184 2405 1224 2480 qni

190 2487 268 2546 illem
291 2505 379 2564 saepe
400 2489 568 2550 vendiderat
589 2493 698 2549 vivens.
718 2489 922 2550 NOVICIUS:
944 2489 1042 2551 Simile
1076 2489 1182 2550 dixisse
1201 2499 1224 2548 te

191 2574 286 2634 recolo
309 2575 345 2634 de
359 2575 485 2635 Henrico
499 2575 621 2636 Ratione
643 2580 671 2635 in
689 2576 869 2638 dictinctione
883 2585 965 2638 sexta
979 2577 1105 2653 capitulo
1127 2579 1223 2638 vicesi-

191 2676 239 2719 mo
269 2668 382 2721 octavo.
425 2661 661 2724 MONAOHUS:
694 2664 841 2724 Recordor
867 2682 943 2724 nunc
964 2665 1116 2725 cniusdam
1138 2666 1223 2737 verbi,
1282 2659 1283 2686 ³

192 2746 228 2806 de
254 2747 417 2827 huiusmodi
439 2750 589 2809 advocatis
610 2752 727 2827 yronice
750 2750 826 2810 dicti.
875 2751 987 2811 Eodem
1015 2758 1146 2828 tempore
1174 2767 1222 2828 qno

190 2835 248 2893 iam
264 2833 356 2895 dictus
371 2835 513 2896 Henricus
536 2837 615 2912 obiit,
637 2844 767 2898 mortuus
789 2846 833 2898 est
854 2845 883 2897 et
904 2841 1040 2915 magister
1052 2839 1144 2899 Folco
1158 2839 1222 2898 Tre·

191 2924 334 2998 verensis3
356 2925 460 2982 mortui
481 2930 548 2982 sunt
568 2931 598 2984 et
618 2923 714 3000 plures
735 2924 847 2985 nobiles
868 2931 969 2986 terrae.
1012 2926 1119 3000 Recte,
1141 2926 1223 3000 inquit

191 3007 309 3083 quidam
331 3012 494 3084 cenonIcus,
514 3010 622 3071 faciunt
643 3011 754 3072 nobiles
775 3013 834 3086 isti,
859 3011 936 3088 quod
958 3014 1111 3072 morientes
1133 3028 1222 3072 secum

191 3093 301 3154 dncnnt
330 3095 488 3156 advocatos
508 3099 593 3174 istos3
623 3104 706 3157 erunt
734 3101 809 3157 enirn
839 3100 879 3158 eis
908 3101 1072 3159 necessarii.
1114 3097 1222 3160 NOVI·

192 3179 293 3242 eriis:
326 3181 391 3241 Non
412 3183 452 3241 ibi
473 3182 580 3243 valebit
601 3183 678 3244 Saxo
699 3202 793 3261 neque
814 3185 917 3262 Ratio,
947 3187 1015 3262 quia
1035 3187 1097 3245 sine
1118 3184 1221 3264 lingua,

190 3269 251 3328 sive
275 3267 371 3329 clauso
395 3287 451 3344 ore,
472 3270 563 3330 verba
584 3273 698 3330 minime
719 3273 885 3331 formantur.
927 3271 1164 3332 MONACHUS:
1192 3270 1220 3330 In

99 3397 104 3402 -
190 3353 239 3414 illo
263 3351 359 3415 divino
382 3359 522 3432 examine,
544 3358 594 3416 ubi
617 3361 706 3434 aperti
728 3365 811 3419 erunt
831 3358 904 3434 libri,
925 3365 954 3419 et
972 3359 1136 3419 Jerusalem
1147 3375 1220 3418 scro-

191 3441 296 3500 tabitnr
317 3443 345 3500 in
366 3441 488 3502 lucernis
501 3441 527 3523 ¹),
548 3444 643 3504 nullus
665 3445 872 3505 advocatorum
893 3462 987 3521 neque
1004 3463 1057 3522 pro
1080 3463 1111 3506 se
1132 3459 1218 3520 neque

189 3545 242 3605 pro
265 3528 326 3588 aliis
348 3531 494 3606 assignare
515 3533 620 3607 poterit
641 3531 737 3606 aliqua
765 3531 838 3592 salsa
866 3531 930 3592 loca
959 3549 995 3592 ex
1024 3531 1136 3610 legibus
1164 3533 1217 3590 sive

190 3614 320 3675 decretis.
370 3615 407 3674 Et
436 3616 509 3676 haec
538 3617 614 3677 dicta
642 3620 699 3676 sint
727 3617 762 3678 de
784 3621 888 3678 avaris.
940 3617 987 3678 De
1016 3618 1121 3679 dolosis
1143 3634 1217 3688 vero,

191 3704 237 3762 cni
246 3699 266 3783 ²)
289 3704 440 3762 coniuncta
463 3711 506 3762 est
526 3706 655 3779 avaritia,
676 3723 752 3765 nnnc
774 3705 871 3782 aliqua
893 3706 1042 3767 subiiciam
1064 3705 1198 3782 exempla

209 3819 240 3888 1)
258 3819 369 3888 sophon.
389 3821 414 3886 l,
432 3820 473 3876 12.
493 3849 523 3860 —
543 3820 576 3890 2)
594 3820 615 3873 l)
633 3821 760 3890 quihus.
778 3821 850 3876 Garri.
868 3823 921 3899 llll,
938 3823 980 3877 20.
998 3839 1024 3892 p.
1043 3823 1087 3878 25.
