2642 4330
462 317 518 380 DE
538 318 808 382 DAEMONIBUS.
1090 320 1151 380 287

109 459 164 521 per
184 440 349 526 huiusmodi
373 439 605 516 phantasmatum
626 441 756 502 horrores
777 440 963 502 ‘dulcedinem
983 436 1041 521 in¹)
1070 442 1178 502 nobis·

110 531 269 606 exstinguit
298 526 440 588 orationis.
482 529 564 588 Haec
585 529 655 587 mihi
676 529 752 588 dicta
772 535 879 588 sunta
908 535 1153 604 supramemorato

108 616 281 676 Hermanno
303 614 435 694 Abbate,
456 631 568 674 necnon
589 623 618 675 ct
639 615 768 676 Walters
789 615 932 675 monacho
954 615 990 674 de
1012 614 1153 690 Birbech,

109 703 161 780 qui
182 703 223 762 illi
245 701 399 761 familiares
413 701 532 762 fuerunt
563 702 687 778 Reliqua
708 704 769 764 eius
782 708 849 763 acte
870 707 900 763 et
910 703 1036 763 visiones
1053 701 1153 762 audies

107 792 139 849 in
162 789 346 849 distinctione
366 791 496 865 septima
564 869 568 882 ι

474 1081 706 1144 CAPITULUM
730 1082 798 1144 VH.
831 1127 833 1135 Α

175 1241 227 1302 Dc
248 1238 449 1320 mouban,
471 1243 523 1318 paci
545 1244 599 1300 nbi
619 1247 690 1299 sunt
711 1239 889 1317 Mogontioe
909 1239 1090 1316 casaperta

517 1335 595 1388 veste
615 1326 753 1404 feminae.

176 1481 291 1543 Retulit
317 1481 386 1540 mihi
416 1482 532 1560 quidam
563 1485 632 1542 civis
653 1483 805 1559 honestus,
834 1499 965 1543 asserens
994 1484 1053 1542 suis
1079 1491 1155 1543 tem-

108 1572 231 1649 poribus
253 1568 438 1646 Maguntiae,
466 1572 586 1630 sibene
608 1573 739 1646 memini,
767 1570 823 1630 hoo
845 1570 922 1645 qnod
944 1569 1070 1630 dicturus
1090 1589 1155 1630 sum

110 1659 271 1734 contigisse
293 1653 473 1736 voraciter2).
515 1657 571 1716 Die
594 1657 719 1738 quadam
740 1657 907 1733 Dominica,
937 1653 1035 1736 cum³)
1057 1674 1155 1717 sacer·
1205 1671 1210 1678 ·

110 1745 166 1804 dos
188 1747 219 1802 in
241 1741 371 1818 ecclesia,
394 1745 474 1802 cuius
496 1751 557 1803 erat
576 1745 733 1820 plebanus,
757 1746 896 1820 circuiret,
917 1750 946 1802 et
966 1761 1043 1818 aqua
1064 1745 1155 1803 benc-

95 1831 192 1891 'dicta
212 1829 352 1906 populum
368 1837 540 1906 aspergeret,
562 1831 600 1890 ad
622 1833 725 1889 ostium
744 1827 1024 1905 ecclesiae'veniens,
1045 1837 1155 1890 matro-

110 1935 182 1976 nam
204 1915 351 1992 quandam
363 1919 526 1992 pompatice
542 1920 712 1992 venientem,
734 1925 763 1977 et
784 1917 822 1976 ad
836 1917 1047 1976 similitudinem
1061 1933 1156 1993 pavo·
1225 1981 1226 1986 γ

110 2006 158 2064 nis
178 2005 268 2063 variis
295 2006 471 2062 ornamentis
500 2007 606 2080 pictam
628 2005 744 2066 obviam
765 2005 880 2078 babuit,
908 2005 938 2062 in
959 2005 1041 2062 cuius
1063 2002 1157 2063 cauda

111 2093 351 2151 vestimentorum
361 2086 392 2168 ⁴),
414 2108 502 2166 quam
515 2090 648 2150 trahebat
668 2098 734 2166 post
754 2109 785 2151 sc
800 2091 1004 2167 longissimam,
1025 2089 1156 2149 multitu-

112 2171 211 2236 dinem
242 2175 414 2234 daemonum
442 2177 565 2236 residere
595 2181 750 2254 conspexit.
797 2177 888 2236 Erant
914 2179 990 2236 enim
1015 2180 1097 2252 parvi
1123 2183 1157 2236 ut

112 2263 207 2341 glires,
230 2264 304 2338 nigri
325 2266 399 2321 sicut
415 2263 592 2340 Aethyopes,
614 2281 667 2323 orc-
684 2265 896 2339 cachinnantes,
917 2266 1050 2323 manibus
1070 2262 1156 2340 plau-

114 2351 224 2424 dentes,
247 2355 277 2409 et
296 2351 370 2408 sicut
391 2345 484 2425 pisces
505 2353 579 2409 intra
600 2368 737 2427 sagenam
758 2350 886 2411 conclusi
906 2351 1052 2410 saltantes,
1094 2351 1156 2410 Re·

113 2455 183 2520 vera
205 2442 324 2495 ornatus
345 2436 490 2496 muliebris
512 2455 620 2514 sagena
648 2437 754 2497 diaboli
775 2444 826 2496 est.
878 2436 963 2514 Quod
975 2434 995 2518 ⁵)
1017 2445 1050 2496 ut
1070 2437 1156 2514 vidit,

113 2524 290 2584 daemonum
305 2523 473 2600 quadrigam
492 2524 561 2583 foris
584 2531 749 2601 exspectare
762 2525 843 2599 feeit3
865 2524 980 2599 plebem
994 2524 1156 2600 advocavit,

114 2611 272 2671 daemones
293 2625 330 2668 ne
354 2610 485 2686 fugerent
506 2611 655 2670 adiuravit
697 2612 808 2670 Territa
828 2610 878 2670 illa
898 2613 984 2686 stetit,
1007 2617 1035 2670 ct
1055 2617 1089 2670 ut
1109 2615 1155 2671 vi·

112 2700 209 2758 siones
223 2695 348 2772 populus
362 2696 636 2773 videremereretur,
657 2701 725 2774 quia
745 2699 896 2757 virbonus
918 2713 952 2757 ac
973 2701 1064 2757 iustus
1085 2697 1155 2774 tirit,
1201 2739 1203 2746 .

113 2785 294 2844 orationibus
328 2784 458 2842 obtinuit.
516 2784 681 2860 Intelligens
713 2785 815 2844 mulier
848 2785 885 2844 ob
921 2787 1157 2845 vestimentorum

113 2871 282 2948 superbiam
304 2871 352 2929 ‘sic
379 2887 411 2929 se
440 2889 459 2929 a
486 2869 672 2930 daemonibus
702 2871 805 2931 derisui
832 2871 961 2931 habitam
973 2868 1010 2951 ⁵),
1038 2871 1156 2930 domum

112 2959 212 3031 rediit,
245 2957 418 3016 vestimenta
439 2959 576 3034 mutavit,
608 2963 638 3016 et
658 2965 718 3017 tam
737 2960 792 3033 ipsi
802 2975 901 3033 *quam
923 2961 1024 3017 ceteris
1045 2958 1155 3018 feminis

113 3044 320 3116 eadem'visio
348 3045 462 3103 occasio
491 3044 568 3102 facta
596 3051 640 3104 est
667 3045 842 3104 humilitatis.
890 3043 1091 3106 NOVIOIUS:
1123 3045 1156 3106 Si

113 3137 157 3192 tot
179 3135 247 3189 sunt
269 3129 432 3205 daemones,
454 3133 503 3206 qui
523 3148 576 3189 nos
590 3133 708 3190 miseros
729 3132 859 3191 homines
879 3133 1015 3207 instigant
1035 3131 1074 3190 ad
1091 3132 1155 3191 cul-

112 3235 192 3296 pam,
212 3222 284 3291 puto
306 3219 375 3291 quia
393 3217 474 3275 multi
495 3224 585 3292 erunt,
607 3221 656 3295 qui
673 3221 881 3278 consentientes
897 3218 1011 3277 trahent
1031 3219 1069 3279 ad
1081 3236 1155 3294 poe-

112 3321 191 3364 uam.
234 3301 471 3363 MONAOHUS:
497 3304 545 3364 De
572 3304 628 3366 hoc
656 3309 748 3382 magis
775 3301 837 3384 te⁷)
858 3308 996 3366 manuam
1018 3306 1155 3384 exemplis

5 3407 7 3410 ·
113 3407 205 3467 quam
224 3390 328 3450 verbis
994 3405 996 3410 ’
1257 3400 1260 3404 “

134 3749 171 3818 1)
186 3749 218 3801 in
234 3766 275 3802 orn
292 3751 341 3804 Bc.
361 3782 393 3791 -
413 3751 445 3819 2)
463 3752 504 3806 Bc
521 3757 689 3809 veraciter
715 3756 911 3824 contigisse.
931 3784 961 3793 -
985 3753 1018 3823 3)
1035 3751 1056 3806 G
1072 3751 1153 3804 dum.

190 3848 220 3858 -
247 3821 338 3888 4)Βο
373 3825 644 3878 vestimentorum
671 3825 779 3878 cauda.
799 3855 829 3866 -
858 3827 890 3894 5)
916 3823 981 3877 Ab?
1008 3837 1096 3892 ques.
1121 3848 1151 3860 -

190 3888 221 3956 6)
237 3889 299 3943 Ab?
317 3906 390 3944 esse
409 3890 558 3946 derisam.
578 3924 609 3935 -
628 3897 660 3965 7)
678 3893 718 3948 ΒΡ
736 3904 767 3947 te
784 3897 894 3965 magis.
