<?xml version="1.0" encoding="UTF-8"?>
<!DOCTYPE html PUBLIC "-//W3C//DTD XHTML 1.0 Transitional//EN"
    "http://www.w3.org/TR/xhtml1/DTD/xhtml1-transitional.dtd">
<html xmlns="http://www.w3.org/1999/xhtml" xml:lang="en" lang="en">
 <head>
  <title>
</title>
<meta http-equiv="Content-Type" content="text/html;charset=utf-8" />
  <meta name='ocr-system' content='tesseract 3.04.00' />
  <meta name='ocr-capabilities' content='ocr_page ocr_carea ocr_par ocr_line ocrx_word'/>
</head>
<body>
  <div class='ocr_page' id='page_1' title='image "./caesariiheister05stragoog/caesariiheister05stragoog_0853.png"; bbox 0 0 2564 4306; ppageno 0'>
   <div class='ocr_carea' id='block_1_1' title="bbox 684 150 725 214">
    <p class='ocr_par' dir='ltr' id='par_1_1' title="bbox 684 150 725 214">
     <span class='ocr_line' id='line_1_1' title="bbox 684 150 725 214; baseline -0.049 0"><span class='ocrx_word' id='word_1_1' title='bbox 684 150 725 214; x_wconf 85' lang='grc'>46</span> 
     </span>
    </p>
   </div>
   <div class='ocr_carea' id='block_1_2' title="bbox 183 332 1240 1253">
    <p class='ocr_par' dir='ltr' id='par_1_2' title="bbox 183 332 1240 1253">
     <span class='ocr_line' id='line_1_2' title="bbox 185 332 1217 424; baseline -0.01 -17"><span class='ocrx_word' id='word_1_2' title='bbox 185 337 272 424; x_wconf 86' lang='lat' dir='ltr'>quod</span> <span class='ocrx_word' id='word_1_3' title='bbox 294 337 444 412; x_wconf 76' lang='lat' dir='ltr'>defuncto</span> <span class='ocrx_word' id='word_1_4' title='bbox 462 338 606 406; x_wconf 83' lang='lat' dir='ltr'>Walters</span> <span class='ocrx_word' id='word_1_5' title='bbox 628 338 762 403; x_wconf 88' lang='lat' dir='ltr'>tenebat</span> <span class='ocrx_word' id='word_1_6' title='bbox 783 338 833 403; x_wconf 88' lang='lat' dir='ltr'>vir</span> <span class='ocrx_word' id='word_1_7' title='bbox 852 335 967 402; x_wconf 89' lang='lat' dir='ltr'>nobilis</span> <span class='ocrx_word' id='word_1_8' title='bbox 983 332 1165 399; x_wconf 86' lang='lat' dir='ltr'>Gotbertus</span> <span class='ocrx_word' id='word_1_9' title='bbox 1186 333 1217 397; x_wconf 89' lang='lat' dir='ltr'>de</span> 
     </span>
     <span class='ocr_line' id='line_1_3' title="bbox 186 439 1240 530; baseline -0.006 -20"><span class='ocrx_word' id='word_1_10' title='bbox 186 445 323 526; x_wconf 83' lang='lat' dir='ltr'>Orbays,</span> <span class='ocrx_word' id='word_1_11' title='bbox 350 443 405 526; x_wconf 88' lang='lat' dir='ltr'>qui</span> <span class='ocrx_word' id='word_1_12' title='bbox 427 444 460 508; x_wconf 93' lang='lat' dir='ltr'>in</span> <span class='ocrx_word' id='word_1_13' title='bbox 482 442 542 509; x_wconf 93' lang='lat' dir='ltr'>hoc</span> <span class='ocrx_word' id='word_1_14' title='bbox 568 443 637 508; x_wconf 91' lang='lat' dir='ltr'>loco</span> <span class='ocrx_word' id='word_1_15' title='bbox 661 461 742 508; x_wconf 90' lang='lat' dir='ltr'>anno</span> <span class='ocrx_word' id='word_1_16' title='bbox 770 447 852 507; x_wconf 83' lang='lat'>1219</span> <span class='ocrx_word' id='word_1_17' title='bbox 874 440 1109 507; x_wconf 86' lang='lat' dir='ltr'>monasterium</span> <span class='ocrx_word' id='word_1_18' title='bbox 1132 439 1240 530; x_wconf 49' lang='lat' dir='ltr'>virgi-3</span> 
     </span>
     <span class='ocr_line' id='line_1_4' title="bbox 184 543 1218 626; baseline -0.007 -13"><span class='ocrx_word' id='word_1_19' title='bbox 184 565 260 615; x_wconf 92' lang='lat' dir='ltr'>num</span> <span class='ocrx_word' id='word_1_20' title='bbox 274 549 394 616; x_wconf 84' lang='lat' dir='ltr'>ordinis</span> <span class='ocrx_word' id='word_1_21' title='bbox 411 548 440 614; x_wconf 85' lang='lat' dir='ltr'>S.</span> <span class='ocrx_word' id='word_1_22' title='bbox 453 547 621 614; x_wconf 81' lang='lat' dir='ltr'>Benedicti</span> <span class='ocrx_word' id='word_1_23' title='bbox 635 547 819 626; x_wconf 83' lang='lat' dir='ltr'><strong>construxit,</strong></span> <span class='ocrx_word' id='word_1_24' title='bbox 835 549 878 610; x_wconf 81' lang='lat' dir='ltr'>et</span> <span class='ocrx_word' id='word_1_25' title='bbox 892 543 1025 611; x_wconf 82' lang='lat' dir='ltr'>feudum</span> <span class='ocrx_word' id='word_1_26' title='bbox 1042 563 1141 608; x_wconf 89' lang='lat' dir='ltr'>suum</span> <span class='ocrx_word' id='word_1_27' title='bbox 1155 561 1218 607; x_wconf 92' lang='lat' dir='ltr'>cum</span> 
     </span>
     <span class='ocr_line' id='line_1_5' title="bbox 184 647 1218 733; baseline 0 -17"><span class='ocrx_word' id='word_1_28' title='bbox 184 652 271 716; x_wconf 92' lang='lat' dir='ltr'>omni</span> <span class='ocrx_word' id='word_1_29' title='bbox 295 652 482 733; x_wconf 85' lang='lat' dir='ltr'>integritate</span> <span class='ocrx_word' id='word_1_30' title='bbox 508 652 666 733; x_wconf 84' lang='lat' dir='ltr'>iustitiae,</span> <span class='ocrx_word' id='word_1_31' title='bbox 696 652 729 716; x_wconf 92' lang='lat' dir='ltr'>in</span> <span class='ocrx_word' id='word_1_32' title='bbox 755 650 906 730; x_wconf 82' lang='lat' dir='ltr'>scabinis,</span> <span class='ocrx_word' id='word_1_33' title='bbox 933 650 965 714; x_wconf 92' lang='lat' dir='ltr'>in</span> <span class='ocrx_word' id='word_1_34' title='bbox 992 647 1240 724; x_wconf 71' lang='lat' dir='ltr'>mansionariis</span> 
     </span>
     <span class='ocr_line' id='line_1_6' title="bbox 185 719 1240 838; baseline -0.008 -20"><span class='ocrx_word' id='word_1_35' title='bbox 185 755 218 818; x_wconf 91' lang='lat' dir='ltr'>in</span> <span class='ocrx_word' id='word_1_36' title='bbox 239 753 432 836; x_wconf 91' lang='lat' dir='ltr'>molendino,</span> <span class='ocrx_word' id='word_1_37' title='bbox 461 755 494 819; x_wconf 92' lang='lat' dir='ltr'>in</span> <span class='ocrx_word' id='word_1_38' title='bbox 521 756 620 836; x_wconf 84' lang='lat' dir='ltr'>agris,</span> <span class='ocrx_word' id='word_1_39' title='bbox 648 755 839 838; x_wconf 70' lang='lat' dir='ltr'>indemnia,</span> <span class='ocrx_word' id='word_1_40' title='bbox 868 756 900 822; x_wconf 91' lang='lat' dir='ltr'>in</span> <span class='ocrx_word' id='word_1_41' title='bbox 927 755 1045 837; x_wconf 85' lang='lat' dir='ltr'>pratis,</span> <span class='ocrx_word' id='word_1_42' title='bbox 1071 753 1108 817; x_wconf 92' lang='lat' dir='ltr'>in</span> <span class='ocrx_word' id='word_1_43' title='bbox 1131 719 1240 830; x_wconf 68' lang='lat' dir='ltr'>silvisi</span> 
     </span>
     <span class='ocr_line' id='line_1_7' title="bbox 183 855 1218 938; baseline -0.004 -16"><span class='ocrx_word' id='word_1_44' title='bbox 183 875 257 922; x_wconf 91' lang='lat' dir='ltr'>cum</span> <span class='ocrx_word' id='word_1_45' title='bbox 277 858 422 924; x_wconf 88' lang='lat' dir='ltr'>omnibus</span> <span class='ocrx_word' id='word_1_46' title='bbox 446 857 573 923; x_wconf 92' lang='lat' dir='ltr'>omnino</span> <span class='ocrx_word' id='word_1_47' title='bbox 598 857 786 938; x_wconf 86' lang='lat' dir='ltr'>attinentiis,</span> <span class='ocrx_word' id='word_1_48' title='bbox 814 858 1003 924; x_wconf 81' lang='lat' dir='ltr'>monialibus</span> <span class='ocrx_word' id='word_1_49' title='bbox 1029 855 1218 921; x_wconf 86' lang='lat' dir='ltr'>Miloniemi·</span> 
     </span>
     <span class='ocr_line' id='line_1_8' title="bbox 185 960 1218 1040; baseline -0.002 -14"><span class='ocrx_word' id='word_1_50' title='bbox 185 961 245 1026; x_wconf 92' lang='lat' dir='ltr'>bus</span> <span class='ocrx_word' id='word_1_51' title='bbox 272 960 414 1040; x_wconf 87' lang='lat' dir='ltr'>donavit,</span> <span class='ocrx_word' id='word_1_52' title='bbox 441 979 573 1026; x_wconf 85' lang='lat' dir='ltr'>assensn</span> <span class='ocrx_word' id='word_1_53' title='bbox 600 961 723 1028; x_wconf 90' lang='lat' dir='ltr'>comitis</span> <span class='ocrx_word' id='word_1_54' title='bbox 752 962 893 1028; x_wconf 82' lang='lat' dir='ltr'>Amoldi.</span> <span class='ocrx_word' id='word_1_55' title='bbox 920 961 1025 1029; x_wconf 48' lang='lat' dir='ltr'>*Confi</span> <span class='ocrx_word' id='word_1_56' title='bbox 1050 961 1218 1026; x_wconf 80' lang='lat' dir='ltr'>Mantalios</span> 
     </span>
     <span class='ocr_line' id='line_1_9' title="bbox 185 1063 1218 1150; baseline 0.003 -21"><span class='ocrx_word' id='word_1_57' title='bbox 185 1063 302 1130; x_wconf 89' lang='lat' dir='ltr'>Histor.</span> <span class='ocrx_word' id='word_1_58' title='bbox 324 1065 468 1131; x_wconf 85' lang='lat' dir='ltr'>Lossens</span> <span class='ocrx_word' id='word_1_59' title='bbox 496 1065 666 1148; x_wconf 83' lang='lat' dir='ltr'>compend.</span> <span class='ocrx_word' id='word_1_60' title='bbox 694 1085 724 1148; x_wconf 84' lang='lat' dir='ltr'>p.</span> <span class='ocrx_word' id='word_1_61' title='bbox 747 1071 810 1133; x_wconf 82' lang='lat'>205</span> <span class='ocrx_word' id='word_1_62' title='bbox 834 1072 868 1133; x_wconf 89' lang='lat' dir='ltr'>ct</span> <span class='ocrx_word' id='word_1_63' title='bbox 891 1073 927 1134; x_wconf 84' lang='lat'>9:</span> <span class='ocrx_word' id='word_1_64' title='bbox 957 1066 1013 1132; x_wconf 92' lang='lat' dir='ltr'>ubi</span> <span class='ocrx_word' id='word_1_65' title='bbox 1041 1085 1105 1150; x_wconf 87' lang='lat' dir='ltr'>pro</span> <span class='ocrx_word' id='word_1_66' title='bbox 1129 1070 1218 1133; x_wconf 77' lang='lat' dir='ltr'>Milm</span> 
     </span>
     <span class='ocr_line' id='line_1_10' title="bbox 185 1169 1236 1253; baseline -0.004 -19"><span class='ocrx_word' id='word_1_67' title='bbox 185 1169 356 1253; x_wconf 85' lang='lat' dir='ltr'>legendum</span> <span class='ocrx_word' id='word_1_68' title='bbox 376 1174 484 1237; x_wconf 62' lang='lat' dir='ltr'>Malae.</span> <span class='ocrx_word' id='word_1_69' title='bbox 1233 1176 1236 1184; x_wconf 87' lang='lat'>·</span> 
     </span>
    </p>
   </div>
   <div class='ocr_carea' id='block_1_3' title="bbox 665 1451 742 1508">
    <p class='ocr_par' dir='ltr' id='par_1_3' title="bbox 665 1451 742 1508">
     <span class='ocr_line' id='line_1_11' title="bbox 665 1451 742 1508; baseline 0 0"><span class='ocrx_word' id='word_1_70' title='bbox 665 1451 742 1508; x_wconf 88' lang='lat' dir='ltr'>m.</span> 
     </span>
    </p>
   </div>
   <div class='ocr_carea' id='block_1_4' title="bbox 583 1621 829 1693">
    <p class='ocr_par' dir='ltr' id='par_1_4' title="bbox 583 1621 829 1693">
     <span class='ocr_line' id='line_1_12' title="bbox 583 1621 829 1693; baseline 0 -15"><span class='ocrx_word' id='word_1_71' title='bbox 583 1623 642 1693; x_wconf 80' lang='lat' dir='ltr'>(an</span> <span class='ocrx_word' id='word_1_72' title='bbox 668 1621 829 1692; x_wconf 76' lang='lat' dir='ltr'>arsonis.)</span> 
     </span>
    </p>
   </div>
   <div class='ocr_carea' id='block_1_5' title="bbox 106 1789 1219 3132">
    <p class='ocr_par' dir='ltr' id='par_1_5' title="bbox 272 1789 1219 1876">
     <span class='ocr_line' id='line_1_13' title="bbox 272 1789 1219 1876; baseline -0.008 -10"><span class='ocrx_word' id='word_1_73' title='bbox 272 1793 400 1871; x_wconf 79' lang='lat' dir='ltr'>Littera</span> <span class='ocrx_word' id='word_1_74' title='bbox 420 1791 647 1862; x_wconf 84' lang='lat' dir='ltr'>Universitatis</span> <span class='ocrx_word' id='word_1_75' title='bbox 668 1793 865 1863; x_wconf 81' lang='lat' dir='ltr'>Coloniensis</span> <span class='ocrx_word' id='word_1_76' title='bbox 887 1791 929 1860; x_wconf 87' lang='lat' dir='ltr'>ad</span> <span class='ocrx_word' id='word_1_77' title='bbox 946 1791 1070 1876; x_wconf 81' lang='lat' dir='ltr'>Papam</span> <span class='ocrx_word' id='word_1_78' title='bbox 1092 1789 1219 1860; x_wconf 83' lang='lat' dir='ltr'>Sixtum</span> 
     </span>
    </p>

    <p class='ocr_par' dir='ltr' id='par_1_6' title="bbox 106 1897 1218 3132">
     <span class='ocr_line' id='line_1_14' title="bbox 273 1897 1218 1984; baseline -0.006 -19"><span class='ocrx_word' id='word_1_79' title='bbox 273 1900 375 1968; x_wconf 79' lang='lat' dir='ltr'>»Cum</span> <span class='ocrx_word' id='word_1_80' title='bbox 402 1905 477 1966; x_wconf 87' lang='lat' dir='ltr'>ante</span> <span class='ocrx_word' id='word_1_81' title='bbox 511 1900 672 1968; x_wconf 84' lang='lat' dir='ltr'>biennium</span> <span class='ocrx_word' id='word_1_82' title='bbox 705 1899 819 1984; x_wconf 81' lang='lat'>(1474)</span> <span class='ocrx_word' id='word_1_83' title='bbox 850 1897 1080 1964; x_wconf 83' lang='lat' dir='ltr'>monasterium</span> <span class='ocrx_word' id='word_1_84' title='bbox 1113 1900 1218 1964; x_wconf 83' lang='lat' dir='ltr'>sancte</span> 
     </span>
     <span class='ocr_line' id='line_1_15' title="bbox 184 1994 1218 2086; baseline -0.007 -15"><span class='ocrx_word' id='word_1_85' title='bbox 184 1994 287 2071; x_wconf 84' lang='lat' dir='ltr'>Mario</span> <span class='ocrx_word' id='word_1_86' title='bbox 304 2005 344 2071; x_wconf 88' lang='lat' dir='ltr'>de</span> <span class='ocrx_word' id='word_1_87' title='bbox 364 2003 489 2072; x_wconf 83' lang='lat' dir='ltr'>Piscina</span> <span class='ocrx_word' id='word_1_88' title='bbox 510 2009 651 2073; x_wconf 83' lang='lat' dir='ltr'>extract</span> <span class='ocrx_word' id='word_1_89' title='bbox 673 2004 712 2072; x_wconf 89' lang='lat' dir='ltr'>de</span> <span class='ocrx_word' id='word_1_90' title='bbox 730 2021 831 2086; x_wconf 80' lang='lat' dir='ltr'>prope</span> <span class='ocrx_word' id='word_1_91' title='bbox 840 2021 957 2079; x_wconf 84' lang='lat' dir='ltr'>muros</span> <span class='ocrx_word' id='word_1_92' title='bbox 975 2002 1118 2070; x_wconf 85' lang='lat' dir='ltr'>ciuitatis</span> <span class='ocrx_word' id='word_1_93' title='bbox 1133 2000 1218 2068; x_wconf 82' lang='lat' dir='ltr'>Colo</span> 
     </span>
     <span class='ocr_line' id='line_1_16' title="bbox 106 2089 1216 2193; baseline -0.005 -13"><span class='ocrx_word' id='word_1_94' title='bbox 106 2157 109 2160; x_wconf 94' lang='lat'>-</span> <span class='ocrx_word' id='word_1_95' title='bbox 182 2108 301 2179; x_wconf 76' lang='lat' dir='ltr'>monus</span> <span class='ocrx_word' id='word_1_96' title='bbox 339 2114 472 2193; x_wconf 85' lang='lat' dir='ltr'>propter</span> <span class='ocrx_word' id='word_1_97' title='bbox 510 2089 711 2178; x_wconf 83' lang='lat' dir='ltr'>imminencia</span> <span class='ocrx_word' id='word_1_98' title='bbox 749 2111 853 2176; x_wconf 90' lang='lat' dir='ltr'>eidem</span> <span class='ocrx_word' id='word_1_99' title='bbox 890 2111 1013 2176; x_wconf 82' lang='lat' dir='ltr'>ciuitati</span> <span class='ocrx_word' id='word_1_100' title='bbox 1050 2106 1216 2176; x_wconf 85' lang='lat' dir='ltr'>obsidionis</span> 
     </span>
     <span class='ocr_line' id='line_1_17' title="bbox 184 2213 1216 2297; baseline -0.008 -13"><span class='ocrx_word' id='word_1_101' title='bbox 184 2215 327 2297; x_wconf 70' lang='lat' dir='ltr'>mundo</span> <span class='ocrx_word' id='word_1_102' title='bbox 348 2215 415 2282; x_wconf 89' lang='lat' dir='ltr'>solo</span> <span class='ocrx_word' id='word_1_103' title='bbox 438 2220 592 2297; x_wconf 86' lang='lat' dir='ltr'>squatum</span> <span class='ocrx_word' id='word_1_104' title='bbox 615 2219 713 2295; x_wconf 88' lang='lat' dir='ltr'>esset,</span> <span class='ocrx_word' id='word_1_105' title='bbox 737 2216 770 2280; x_wconf 90' lang='lat' dir='ltr'>et</span> <span class='ocrx_word' id='word_1_106' title='bbox 792 2214 832 2280; x_wconf 92' lang='lat' dir='ltr'>ob</span> <span class='ocrx_word' id='word_1_107' title='bbox 853 2214 887 2279; x_wconf 93' lang='lat' dir='ltr'>id</span> <span class='ocrx_word' id='word_1_108' title='bbox 910 2215 1059 2295; x_wconf 82' lang='lat' dir='ltr'>religiose</span> <span class='ocrx_word' id='word_1_109' title='bbox 1082 2213 1216 2296; x_wconf 79' lang='lat' dir='ltr'>uirgines</span> 
     </span>
     <span class='ocr_line' id='line_1_18' title="bbox 184 2315 1216 2400; baseline -0.006 -14"><span class='ocrx_word' id='word_1_110' title='bbox 184 2318 380 2398; x_wconf 74' lang='lat' dir='ltr'>regularium</span> <span class='ocrx_word' id='word_1_111' title='bbox 401 2319 489 2386; x_wconf 86' lang='lat' dir='ltr'>beati</span> <span class='ocrx_word' id='word_1_112' title='bbox 511 2319 683 2400; x_wconf 84' lang='lat' dir='ltr'>Augustini</span> <span class='ocrx_word' id='word_1_113' title='bbox 708 2318 966 2386; x_wconf 75' lang='lat' dir='ltr'>sanctimoniales</span> <span class='ocrx_word' id='word_1_114' title='bbox 986 2317 1147 2398; x_wconf 81' lang='lat' dir='ltr'>regularis</span> <span class='ocrx_word' id='word_1_115' title='bbox 1167 2315 1216 2380; x_wconf 91' lang='lat' dir='ltr'>ob·</span> 
     </span>
     <span class='ocr_line' id='line_1_19' title="bbox 185 2420 1215 2514; baseline -0.003 -26"><span class='ocrx_word' id='word_1_116' title='bbox 185 2423 349 2490; x_wconf 84' lang='lat' dir='ltr'>sarvanoie</span> <span class='ocrx_word' id='word_1_117' title='bbox 364 2423 423 2489; x_wconf 87' lang='lat' dir='ltr'>sub</span> <span class='ocrx_word' id='word_1_118' title='bbox 445 2429 605 2506; x_wconf 84' lang='lat' dir='ltr'>perpetua</span> <span class='ocrx_word' id='word_1_119' title='bbox 619 2423 767 2490; x_wconf 75' lang='lat' dir='ltr'>claustra</span> <span class='ocrx_word' id='word_1_120' title='bbox 782 2422 851 2488; x_wconf 89' lang='lat' dir='ltr'>Deo</span> <span class='ocrx_word' id='word_1_121' title='bbox 865 2420 1067 2503; x_wconf 83' lang='lat' dir='ltr'>famulantes,</span> <span class='ocrx_word' id='word_1_122' title='bbox 1089 2438 1215 2514; x_wconf 86' lang='lat' dir='ltr'>numero</span> 
     </span>
     <span class='ocr_line' id='line_1_20' title="bbox 185 2525 1215 2610; baseline -0.002 -16"><span class='ocrx_word' id='word_1_123' title='bbox 185 2529 417 2610; x_wconf 82' lang='lat' dir='ltr'>quinquaginta</span> <span class='ocrx_word' id='word_1_124' title='bbox 438 2528 592 2610; x_wconf 87' lang='lat' dir='ltr'>quinque,</span> <span class='ocrx_word' id='word_1_125' title='bbox 618 2528 691 2594; x_wconf 91' lang='lat' dir='ltr'>inde</span> <span class='ocrx_word' id='word_1_126' title='bbox 711 2526 874 2610; x_wconf 84' lang='lat' dir='ltr'>propulso,</span> <span class='ocrx_word' id='word_1_127' title='bbox 900 2528 1044 2608; x_wconf 78' lang='lat' dir='ltr'>privatas</span> <span class='ocrx_word' id='word_1_128' title='bbox 1067 2525 1215 2610; x_wconf 84' lang='lat' dir='ltr'>quasdam</span> 
     </span>
     <span class='ocr_line' id='line_1_21' title="bbox 185 2629 1216 2718; baseline -0.004 -22"><span class='ocrx_word' id='word_1_129' title='bbox 185 2633 299 2697; x_wconf 89' lang='lat' dir='ltr'>domus</span> <span class='ocrx_word' id='word_1_130' title='bbox 336 2652 446 2699; x_wconf 83' lang='lat' dir='ltr'>aarum</span> <span class='ocrx_word' id='word_1_131' title='bbox 485 2635 584 2699; x_wconf 89' lang='lat' dir='ltr'>statui</span> <span class='ocrx_word' id='word_1_132' title='bbox 622 2634 751 2718; x_wconf 87' lang='lat' dir='ltr'>minime</span> <span class='ocrx_word' id='word_1_133' title='bbox 788 2635 998 2712; x_wconf 88' lang='lat' dir='ltr'>congruentes</span> <span class='ocrx_word' id='word_1_134' title='bbox 1030 2632 1064 2696; x_wconf 95' lang='lat' dir='ltr'>in</span> <span class='ocrx_word' id='word_1_135' title='bbox 1098 2629 1216 2711; x_wconf 90' lang='lat' dir='ltr'>magnis</span> 
     </span>
     <span class='ocr_line' id='line_1_22' title="bbox 185 2731 1216 2819; baseline -0.007 -17"><span class='ocrx_word' id='word_1_136' title='bbox 185 2736 341 2817; x_wconf 87' lang='lat' dir='ltr'>angustiis</span> <span class='ocrx_word' id='word_1_137' title='bbox 364 2740 398 2802; x_wconf 87' lang='lat' dir='ltr'>ot</span> <span class='ocrx_word' id='word_1_138' title='bbox 418 2755 481 2803; x_wconf 92' lang='lat' dir='ltr'>non</span> <span class='ocrx_word' id='word_1_139' title='bbox 503 2738 571 2803; x_wconf 84' lang='lat' dir='ltr'>sinc</span> <span class='ocrx_word' id='word_1_140' title='bbox 593 2738 755 2819; x_wconf 86' lang='lat' dir='ltr'>virginalis</span> <span class='ocrx_word' id='word_1_141' title='bbox 782 2739 912 2819; x_wconf 84' lang='lat' dir='ltr'>pudoris</span> <span class='ocrx_word' id='word_1_142' title='bbox 934 2735 1078 2819; x_wconf 88' lang='lat' dir='ltr'>periculo</span> <span class='ocrx_word' id='word_1_143' title='bbox 1098 2731 1216 2799; x_wconf 88' lang='lat' dir='ltr'>inhabi·</span> 
     </span>
     <span class='ocr_line' id='line_1_23' title="bbox 185 2839 1217 2924; baseline -0.004 -19"><span class='ocrx_word' id='word_1_144' title='bbox 185 2845 256 2906; x_wconf 86' lang='lat' dir='ltr'>tare</span> <span class='ocrx_word' id='word_1_145' title='bbox 280 2846 389 2907; x_wconf 86' lang='lat' dir='ltr'>coacte</span> <span class='ocrx_word' id='word_1_146' title='bbox 416 2839 569 2908; x_wconf 81' lang='lat' dir='ltr'>fuissent:</span> <span class='ocrx_word' id='word_1_147' title='bbox 597 2839 777 2924; x_wconf 85' lang='lat' dir='ltr'>Imperialis</span> <span class='ocrx_word' id='word_1_148' title='bbox 799 2840 953 2908; x_wconf 85' lang='lat' dir='ltr'>Maiestas</span> <span class='ocrx_word' id='word_1_149' title='bbox 981 2859 1046 2904; x_wconf 88' lang='lat' dir='ltr'>una</span> <span class='ocrx_word' id='word_1_150' title='bbox 1072 2858 1146 2905; x_wconf 89' lang='lat' dir='ltr'>cum</span> <span class='ocrx_word' id='word_1_151' title='bbox 1171 2854 1217 2902; x_wconf 90' lang='lat' dir='ltr'>re-</span> 
     </span>
     <span class='ocr_line' id='line_1_24' title="bbox 185 2941 1217 3030; baseline -0.004 -21"><span class='ocrx_word' id='word_1_152' title='bbox 185 2945 413 3011; x_wconf 86' lang='lat' dir='ltr'>verendissimo</span> <span class='ocrx_word' id='word_1_153' title='bbox 435 2947 468 3011; x_wconf 93' lang='lat' dir='ltr'>in</span> <span class='ocrx_word' id='word_1_154' title='bbox 491 2947 594 3013; x_wconf 85' lang='lat' dir='ltr'>Oristo</span> <span class='ocrx_word' id='word_1_155' title='bbox 616 2952 707 3030; x_wconf 85' lang='lat' dir='ltr'>patre</span> <span class='ocrx_word' id='word_1_156' title='bbox 729 2951 764 3012; x_wconf 91' lang='lat' dir='ltr'>et</span> <span class='ocrx_word' id='word_1_157' title='bbox 777 2946 910 3029; x_wconf 83' lang='lat' dir='ltr'>¹domino</span> <span class='ocrx_word' id='word_1_158' title='bbox 928 2943 1109 3030; x_wconf 82' lang='lat' dir='ltr'>Alexandro</span> <span class='ocrx_word' id='word_1_159' title='bbox 1131 2941 1217 3024; x_wconf 84' lang='lat' dir='ltr'>Epis·</span> 
     </span>
     <span class='ocr_line' id='line_1_25' title="bbox 185 3046 1217 3132; baseline -0.007 -18"><span class='ocrx_word' id='word_1_160' title='bbox 185 3067 265 3132; x_wconf 87' lang='lat' dir='ltr'>copo</span> <span class='ocrx_word' id='word_1_161' title='bbox 279 3049 467 3116; x_wconf 83' lang='lat' dir='ltr'>Forlivicnsi</span> <span class='ocrx_word' id='word_1_162' title='bbox 490 3050 676 3118; x_wconf 84' lang='lat' dir='ltr'>Sanctitetis</span> <span class='ocrx_word' id='word_1_163' title='bbox 698 3055 805 3116; x_wconf 87' lang='lat' dir='ltr'>vestre</span> <span class='ocrx_word' id='word_1_164' title='bbox 828 3068 900 3115; x_wconf 91' lang='lat' dir='ltr'>cum</span> <span class='ocrx_word' id='word_1_165' title='bbox 922 3051 1084 3130; x_wconf 87' lang='lat' dir='ltr'>potestate</span> <span class='ocrx_word' id='word_1_166' title='bbox 1099 3046 1217 3126; x_wconf 89' lang='lat' dir='ltr'>Legato</span> 
     </span>
    </p>
   </div>
   <div class='ocr_carea' id='block_1_6' title="bbox 92 3151 1217 3236">
    <p class='ocr_par' dir='ltr' id='par_1_7' title="bbox 92 3151 1217 3236">
     <span class='ocr_line' id='line_1_26' title="bbox 92 3151 1217 3236; baseline -0.006 -15"><span class='ocrx_word' id='word_1_167' title='bbox 92 3231 94 3236; x_wconf 48' lang='grc'>,</span> <span class='ocrx_word' id='word_1_168' title='bbox 182 3154 227 3220; x_wconf 85' lang='lat' dir='ltr'>de</span> <span class='ocrx_word' id='word_1_169' title='bbox 249 3154 353 3221; x_wconf 87' lang='lat' dir='ltr'>latere</span> <span class='ocrx_word' id='word_1_170' title='bbox 374 3154 497 3222; x_wconf 89' lang='lat' dir='ltr'>Nuncio</span> <span class='ocrx_word' id='word_1_171' title='bbox 524 3154 730 3235; x_wconf 68' lang='lat' dir='ltr'>causatore,</span> <span class='ocrx_word' id='word_1_172' title='bbox 757 3154 937 3226; x_wconf 88' lang='lat' dir='ltr'>huiusmodi</span> <span class='ocrx_word' id='word_1_173' title='bbox 959 3151 1102 3236; x_wconf 79' lang='lat' dir='ltr'>periculo</span> <span class='ocrx_word' id='word_1_174' title='bbox 1125 3157 1217 3233; x_wconf 87' lang='lat' dir='ltr'>atque</span> 
     </span>
    </p>
   </div>
   <div class='ocr_carea' id='block_1_7' title="bbox 182 3257 1219 3763">
    <p class='ocr_par' dir='ltr' id='par_1_8' title="bbox 182 3257 1219 3763">
     <span class='ocr_line' id='line_1_27' title="bbox 184 3257 1218 3346; baseline -0.004 -20"><span class='ocrx_word' id='word_1_175' title='bbox 184 3257 364 3346; x_wconf 77' lang='lat' dir='ltr'>calamitati</span> <span class='ocrx_word' id='word_1_176' title='bbox 392 3260 520 3327; x_wconf 86' lang='lat' dir='ltr'>obviare</span> <span class='ocrx_word' id='word_1_177' title='bbox 547 3263 645 3342; x_wconf 87' lang='lat' dir='ltr'>atque</span> <span class='ocrx_word' id='word_1_178' title='bbox 670 3259 844 3329; x_wconf 84' lang='lat' dir='ltr'>sulubriter</span> <span class='ocrx_word' id='word_1_179' title='bbox 872 3260 1040 3342; x_wconf 77' lang='lat' dir='ltr'>providere</span> <span class='ocrx_word' id='word_1_180' title='bbox 1068 3257 1218 3336; x_wconf 75' lang='lat' dir='ltr'>uolentes</span> 
     </span>
     <span class='ocr_line' id='line_1_28' title="bbox 182 3363 1218 3449; baseline -0.004 -17"><span class='ocrx_word' id='word_1_181' title='bbox 182 3364 289 3432; x_wconf 85' lang='lat' dir='ltr'>dictas</span> <span class='ocrx_word' id='word_1_182' title='bbox 310 3364 671 3449; x_wconf 68' lang='lat' dir='ltr'>sanctimoniales-que</span> <span class='ocrx_word' id='word_1_183' title='bbox 695 3367 796 3435; x_wconf 88' lang='lat' dir='ltr'>eciam</span> <span class='ocrx_word' id='word_1_184' title='bbox 820 3367 860 3432; x_wconf 87' lang='lat' dir='ltr'>ds</span> <span class='ocrx_word' id='word_1_185' title='bbox 885 3364 1057 3444; x_wconf 85' lang='lat' dir='ltr'>comitum,</span> <span class='ocrx_word' id='word_1_186' title='bbox 1085 3363 1218 3430; x_wconf 87' lang='lat' dir='ltr'>militum</span> 
     </span>
     <span class='ocr_line' id='line_1_29' title="bbox 188 3469 1218 3552; baseline -0.004 -16"><span class='ocrx_word' id='word_1_187' title='bbox 188 3473 222 3536; x_wconf 86' lang='lat' dir='ltr'>ot</span> <span class='ocrx_word' id='word_1_188' title='bbox 254 3469 460 3542; x_wconf 79' lang='lat' dir='ltr'>decurionum</span> <span class='ocrx_word' id='word_1_189' title='bbox 493 3489 530 3538; x_wconf 84' lang='lat' dir='ltr'>ac</span> <span class='ocrx_word' id='word_1_190' title='bbox 561 3469 714 3541; x_wconf 84' lang='lat' dir='ltr'>nobilium</span> <span class='ocrx_word' id='word_1_191' title='bbox 745 3471 864 3540; x_wconf 85' lang='lat' dir='ltr'>civium</span> <span class='ocrx_word' id='word_1_192' title='bbox 899 3487 1019 3551; x_wconf 84' lang='lat' dir='ltr'>genere</span> <span class='ocrx_word' id='word_1_193' title='bbox 1054 3472 1218 3552; x_wconf 77' lang='lat' dir='ltr'>procreate</span> 
     </span>
     <span class='ocr_line' id='line_1_30' title="bbox 185 3573 1218 3656; baseline 0 -18"><span class='ocrx_word' id='word_1_194' title='bbox 185 3573 346 3656; x_wconf 78' lang='lat' dir='ltr'>existunt,</span> <span class='ocrx_word' id='word_1_195' title='bbox 373 3575 414 3642; x_wconf 86' lang='lat' dir='ltr'>ad</span> <span class='ocrx_word' id='word_1_196' title='bbox 441 3575 602 3656; x_wconf 86' lang='lat' dir='ltr'>quandam</span> <span class='ocrx_word' id='word_1_197' title='bbox 625 3579 734 3641; x_wconf 86' lang='lat' dir='ltr'>sancte</span> <span class='ocrx_word' id='word_1_198' title='bbox 760 3574 876 3644; x_wconf 81' lang='lat' dir='ltr'>Oecilie</span> <span class='ocrx_word' id='word_1_199' title='bbox 904 3573 1073 3646; x_wconf 81' lang='lat' dir='ltr'>eeclesiam</span> <span class='ocrx_word' id='word_1_200' title='bbox 1102 3579 1139 3643; x_wconf 81' lang='lat' dir='ltr'>et</span> <span class='ocrx_word' id='word_1_201' title='bbox 1161 3591 1218 3640; x_wconf 91' lang='lat' dir='ltr'>mo·</span> 
     </span>
     <span class='ocr_line' id='line_1_31' title="bbox 186 3678 1219 3763; baseline 0.003 -18"><span class='ocrx_word' id='word_1_202' title='bbox 186 3679 364 3747; x_wconf 78' lang='lat' dir='ltr'>musterium</span> <span class='ocrx_word' id='word_1_203' title='bbox 384 3679 477 3756; x_wconf 82' lang='lat' dir='ltr'>dicte,</span> <span class='ocrx_word' id='word_1_204' title='bbox 497 3681 650 3762; x_wconf 87' lang='lat' dir='ltr'>civitatis,</span> <span class='ocrx_word' id='word_1_205' title='bbox 680 3680 785 3748; x_wconf 88' lang='lat' dir='ltr'>locum</span> <span class='ocrx_word' id='word_1_206' title='bbox 809 3679 957 3763; x_wconf 89' lang='lat' dir='ltr'>equidem</span> <span class='ocrx_word' id='word_1_207' title='bbox 984 3678 1082 3746; x_wconf 84' lang='lat' dir='ltr'>dictis</span> <span class='ocrx_word' id='word_1_208' title='bbox 1108 3678 1219 3751; x_wconf 84' lang='lat' dir='ltr'>sancti·</span> 
     </span>
    </p>
   </div>
   <div class='ocr_carea' id='block_1_8' title="bbox 0 0 1286 4306">
    <p class='ocr_par' dir='ltr' id='par_1_9' title="bbox 0 0 1286 4306">
     <span class='ocr_line' id='line_1_32' title="bbox 0 0 1286 4306; baseline 0 0"><span class='ocrx_word' id='word_1_209' title='bbox 0 0 1286 4306; x_wconf 95' lang='lat' dir='ltr'> </span> 
     </span>
    </p>
   </div>
  </div>
 </body>
</html>
