2622 4322
79 311 82 316 ·
141 277 202 337 248
453 275 681 338 DISTINGTIO
699 277 863 355 QUARTA

140 403 216 458 sicut
231 398 394 474 paradisus
405 399 472 474 Dei,
495 407 522 460 ct
543 405 618 461 siout
638 399 830 479 Acuyptusss,
854 405 971 476 eratque
992 401 1096 460 nimiae
1118 399 1178 460 ser-

142 485 259 544 tilitetis.
301 485 385 545 Unde
408 489 475 568 quia
496 486 661 548 Sodomitae
676 489 931 548 comessationibus
952 488 1104 560 vacabunt,
1125 505 1179 562 per

140 571 287 631 libidinem
317 571 520 654 exfluebant2).
576 574 653 634 Gula
678 575 819 634 luxuriam
850 575 1005 651 plurimum
1038 573 1178 633 accendit

141 657 344 719 NOVIOIUS:
375 660 450 736 Quid
483 660 573 736 ergo?
605 661 694 720 Estne
721 662 929 739 periculosum,
962 663 986 720 si
1018 660 1178 720 monachus

40 815 42 828 μ
141 762 215 821 pane
247 753 422 805 saturaretur
433 743 476 826 ³)‘i
508 747 743 808 MONACHUS:
778 748 861 824 Quod
891 750 1021 824 superius
1054 747 1111 805 dixi
1140 745 1177 806 de

140 831 288 907 lenticula,
310 833 366 892 hoc
387 835 474 893 modo
497 834 560 893 dico
583 834 618 893 de
641 853 724 910 pane.
767 835 802 893 In
824 853 898 911 pane
920 833 1118 908 Sodomorum,
1141 849 1177 892 eo

115 943 116 946 ¹
142 918 220 994 quod
242 920 333 978 cibus*
345 916 412 1000 sitl)
434 920 606 996 principalis,
626 922 792 998 intelligitur
814 924 896 997 copia
912 923 1036 979 omnium
1053 922 1178 980 cibario-

23 1007 26 1016 '
141 1001 247 1086 rum⁵),
269 1024 326 1081 quo
347 1006 388 1064 illi
409 1006 604 1066 abundabant.
646 1008 733 1066 Panis
754 1025 823 1067 vero
845 1015 949 1083 noster,
972 1010 1039 1082 quia
1060 1024 1179 1084 grossus

142 1098 186 1152 est
208 1096 352 1169 einiger,
381 1096 473 1170 magis
502 1100 546 1154 est
572 1097 765 1168 necessitatis,
794 1113 881 1171 quam
904 1095 1121 1170 superfluitatis,
1149 1099 1179 1153 et

142 1185 212 1255 puto
233 1183 326 1256 magis
347 1181 521 1239 monachum
542 1198 679 1256 peccare,
708 1184 732 1240 si
752 1181 833 1240 illurn
855 1173 1009 1241 abhorreat
1034 1171 1082 1240 vel
1104 1180 1179 1240 deli-

142 1271 238 1326 catum
259 1269 392 1342 requirat,
421 1284 507 1342 quam
530 1270 553 1326 si
576 1284 610 1327 eo
632 1270 759 1328 satietur.
802 1269 932 1328 Maxima
954 1268 1127 1344 quandoque
1148 1269 1178 1326 in

141 1370 216 1428 pane
237 1353 311 1434 solet
332 1370 395 1413 esse
416 1356 544 1413 tentatio.

470 1597 704 1659 omrnunuu
726 1599 856 1692 nm.

190 1756 239 1815 De
259 1756 371 1828 clerico,
394 1759 442 1815 oui
466 1754 598 1814 Christos
615 1775 728 1832 ponem
749 1735 944 1816 imdcuocum
966 1757 1052 1816 lutat
1073 1774 1129 1816 sao

394 1873 396 1876 ·
504 1846 661 1902 intinctum
677 1847 823 1918 porrexit.
876 1875 894 1928 q

125 1999 128 2014 '
206 1998 266 2060 Diu
288 2006 340 2074 est,
362 1999 439 2074 quod
460 1999 499 2078 ad
522 1997 741 2084 Claramvallem
766 1999 959 2078 concessionis
974 1993 1072 2075 'gratia
1094 1998 1182 2058 cleri-

52 2111 55 2115 ·
144 2083 228 2166 ous‘)
251 2088 330 2145 venit
352 2085 489 2145 delicatus
511 2086 605 2145 valde.
650 2085 779 2160 Cumque
801 2104 906 2161 panem
928 2091 1102 2160 conventus,
1131 2089 1181 2160 qui

143 2181 211 2232 tuno
232 2175 368 2248 temporis
389 2173 474 2232 valde
496 2190 613 2250 grossus
636 2179 712 2247 erat,
734 2178 763 2231 et
783 2175 875 2248 pisam
898 2173 1071 2247 abhorreret,
1093 2177 1183 2248 atque

144 2277 180 2319 ex
201 2261 263 2335 ipso
286 2262 401 2335 timore,
428 2277 487 2319 non
516 2260 609 2318 solum
638 2259 735 2334 lamis,
765 2260 816 2318 sed
839 2265 867 2318 et
887 2259 1000 2318 suturae
1020 2259 1183 2320 reiectionis

140 2341 311 2420 tabesceret,
333 2353 419 2406 nocte
441 2346 566 2422 quadam
589 2345 721 2405 Salvator
744 2347 769 2404 ei
789 2348 819 2403 in
836 2347 902 2405 visu
911 2342 931 2425 ⁷)
954 2347 1101 2422 apparuit,
1123 2363 1182 2421 quo

142 2433 242 2491 iratres
264 2434 455 2505 vescebantur
475 2435 596 2492 frustum
616 2436 699 2508 panis
711 2431 732 2512 ⁸)
755 2434 784 2490 in
806 2450 893 2491 mauu
915 2438 1023 2507 tenens,
1046 2450 1132 2507 quem
1155 2434 1182 2491 ci

142 2521 277 2596 porrexit,
290 2523 318 2578 et
331 2522 385 2578 uit:
409 2519 533 2579 Comede
546 2537 651 2595 panem
665 2519 751 2579 hunc.
773 2517 826 2577 Cui
841 2537 906 2579 cum
918 2521 1048 2578 novicius
1059 2536 1181 2595 respon·

143 2605 240 2666 deret:
273 2605 412 2682 Domine,
440 2624 623 2683 nequaquam
635 2602 655 2685 ⁹)
686 2607 764 2666 vesci
791 2609 871 2681 potui
899 2624 974 2682 pane
1002 2605 1182 2681 hordeace03

145 2693 274 2752 Christus
289 2693 400 2752 vulneri
421 2694 516 2753 lateris
538 2697 581 2752 sui
603 2711 707 2769 panem
731 2691 853 2752 eundem
868 2689 897 2773 ¹⁰)
920 2695 1039 2767 intinxit,
1062 2700 1091 2752 ot
1111 2709 1182 2770 por-

143 2785 254 2838 rectum
276 2779 425 2840 comedere
446 2783 536 2840 iussit.
579 2780 626 2838 De
649 2797 705 2855 quo
734 2797 800 2839 oum
828 2785 987 2857 gustasset,
1017 2781 1110 2839 iactus
1137 2786 1184 2839 est

143 2868 218 2925 siout
238 2866 295 2925 mel
318 2866 408 2926 dulcis
435 2869 466 2926 in
496 2883 544 2928 ore
573 2869 643 2925 eius.
686 2865 734 2926 Ab
757 2866 804 2924 illo
828 2869 903 2926 enim
926 2873 1053 2942 tempore
1075 2883 1183 2942 panem

143 2954 205 3012 sive
227 2954 306 3013 cibos
328 2953 481 3030 regulares,
503 2970 575 3029 quos
593 2955 671 3028 prius
693 2955 741 3011 vix
756 2958 872 3030 tangere
887 2956 988 3028 potuit,
1010 2971 1076 3012 oum
1089 2952 1183 3013 mulla
1219 2944 1229 2956 ’

144 3037 332 3099 delectatione
361 3039 492 3098 comedit.
535 3038 600 3097 Hoc
628 3041 717 3113 scias,
747 3040 826 3114 quod
855 3039 987 3099 diabolus
1017 3057 1080 3114 eos,
1107 3056 1182 3119 quos

124 3197 128 3214 ι
145 3125 275 3202 decipere
296 3129 396 3202 nequit
415 3144 467 3202 per
488 3124 600 3202 gulam,
630 3125 751 3187 deiicere
772 3144 825 3203 per
843 3125 1026 3188 indiscretam
1048 3132 1077 3185 et
1097 3125 1182 3187 inde·

143 3214 235 3274 bitam
256 3219 375 3274 conatur
395 3214 604 3274 abstinentiam.

162 3503 193 3570 1)
211 3503 302 3558 Genea.
322 3503 363 3566 13,
382 3503 423 3554 10.
440 3531 472 3541 -
491 3501 522 3570 2)
540 3502 601 3555 Boi>
619 3502 855 3555 effluebant-
875 3502 906 3569 3)
923 3502 986 3555 Bou
1004 3511 1181 3558 saturetur.

216 3602 246 3613 -
261 3574 293 3639 4)
310 3571 328 3622 Ρ
347 3571 427 3640 quod
445 3574 538 3638 panis
557 3572 649 3624 cibus
668 3575 725 3637 sit,
743 3572 785 3626 BG
803 3570 887 3640 quod
927 3573 997 3623 anie
1016 3573 1060 3623 sit
1078 3572 1182 3625 cibus.

214 3640 327 3709 muco
350 3640 498 3693 ciborum.
518 3671 549 3681 -
578 3642 647 3709 6)c
671 3642 813 3694 clericus
839 3587 974 3711 qnirlem.
994 3670 1024 3682 —
1054 3641 1125 3709 7)c
1149 3644 1181 3696 iu

212 3713 286 3764 visu
303 3711 382 3760 ei.-
402 3710 485 3778 8)BG
503 3710 644 3764 inustum
663 3715 758 3778 panis
776 3726 838 3780 quo
857 3711 980 3762 iratres
998 3711 1182 3764 vesceban-

212 3789 266 3832 tur
283 3780 318 3848 (B
336 3779 540 3850 utebantur).
554 3810 584 3822 -
600 3783 632 3850 9)
651 3781 691 3834 BG
709 3797 919 3849 nunquam-
939 3780 987 3847 to)
1005 3780 1025 3832 B
1044 3780 1180 3834 eundem

210 3865 336 3922 panem,
352 3848 372 3903 0
389 3848 542 3903 Christus
560 3848 968 3919 eumdempanomvulnori
985 3848 1104 3902 leteris
1122 3853 1179 3905 sui.
